2744 4980
98 379 158 432 out
273 369 331 429 DE
352 365 718 428 OBLIGA'I'IONIBUS
739 362 1036 423 cnunlconun.

100 541 174 596 lecto
188 536 337 599 momenti,
351 551 437 609 grave
451 543 496 589 est
515 538 666 608 peccatum
689 547 753 586 eam
766 526 859 585 semel
872 529 1016 592 omittere,
1029 523 1075 582 vel
1094 536 1190 599 partem

100 634 263 693 notabilem.
313 633 372 697 Qui
393 629 524 688 consulto
547 629 670 704 negligit
693 645 780 685 unam
808 627 909 684 horam
935 644 1053 700 parram
1074 625 1198 689 recitare,

100 733 301 805 theologorum
313 730 444 787 omnium
457 728 611 794 sententia,
625 736 725 802 peccat
738 718 887 801 graviter.¹

138 835 168 886 8.
191 829 241 886 Ex
259 828 336 884 bulla
354 829 387 883 S.
403 827 450 884 Pii
465 827 503 882 V.
518 844 582 896 quer
596 826 713 899 incipit;
736 832 756 859 ‘⁸
768 822 858 893 Quod
870 841 890 879 o
903 821 992 880 nobis
1002 819 1040 887 ,·'‘
1055 819 1201 876 saectrlares

100 942 128 984 et
150 927 296 1003 regulares
319 943 432 990 omnes,
453 924 557 995 quibus
570 922 759 981 ducentorum
781 937 923 977 annorum
944 917 1103 974 contrarius
1123 934 1191 980 usus,

102 1025 239 1100 specialis
253 1021 363 1079 seilicet
375 1023 517 1088 breviarii,
538 1038 597 1076 non
618 1017 799 1093 suffragetur,
823 1024 955 1073 tenentur
974 1012 1011 1071 ad
1031 1012 1195 1072 recitandum

104 1121 283 1180 Breviarium
298 1121 470 1176 Romanum.
513 1117 605 1175 Extra
618 1116 736 1174 chorum
750 1116 805 1173 hoc
827 1115 980 1173 recitantes
1000 1130 1061 1170 non
1079 1121 1197 1169 tenentin

103 1220 138 1276 ad
155 1218 285 1276 officium
298 1216 495 1274 defunctorum
509 1217 564 1274 nisi
578 1215 670 1273 semel
692 1214 722 1271 iu
735 1233 820 1280 anno,
835 1214 865 1270 in
877 1212 1004 1270 solemni
1017 1228 1118 1268 eorum
1129 1229 1198 1268 com·

101 1317 307 1375 memoratione
322 1315 368 1373 die
382 1321 400 1372 2
415 1316 602 1380 Novembris,
614 1332 665 1371 seu
680 1323 747 1388 post
760 1312 938 1388 vespertinas
952 1311 1040 1368 horas
1054 1309 1119 1367 sesti
1133 1309 1196 1367 Om-

102 1416 180 1471 nium
191 1406 391 1471 Sanctonrm.²
410 1412 561 1472 Tenentur
573 1412 610 1469 ad
622 1409 782 1468 recitandas
794 1411 907 1470 litanias
920 1410 951 1467 in
965 1409 1041 1466 sesto
1053 1407 1088 1465 S.
1103 1408 1199 1474 Marci.

102 1523 131 1569 et
142 1511 244 1569 diebus
257 1512 433 1589 rogationis:
449 1514 497 1569 cni
512 1512 622 1570 muneri
635 1529 695 1568 non
708 1510 812 1567 satisfit
824 1508 915 1586 pridie
928 1501 1104 1566 recitando.³
1122 1506 1202 1582 Apud

103 1627 157 1668 uos
170 1608 349 1668 Breviarium
372 1610 537 1667 Romanum
553 1618 699 1684 receptum
719 1618 773 1675 est,
793 1608 829 1665 ad
841 1607 919 1682 quod
939 1623 1044 1665 omues
1066 1614 1200 1673 tenentur,
1221 1603 1226 1606 ’

8 1740 19 1763 0
104 1709 235 1783 exceptis
255 1709 396 1784 religiosis
409 1710 459 1779 qui
472 1708 596 1784 speciale
610 1707 654 1763 sui
668 1706 777 1766 ordinis
792 1707 971 1765 Breviorium
984 1705 1112 1762 habent:
1136 1722 1201 1776 quos

105 1808 129 1863 si
144 1807 297 1882 contigerit
309 1827 375 1864 oum
383 1808 522 1883 episcopo
535 1807 716 1873 commorari,
727 1815 861 1881 poterunt
871 1805 1032 1870 Bmviario,
1044 1821 1103 1876 quo
1111 1804 1201 1869 utitun

106 1917 133 1962 et
147 1906 204 1979 ipsi
217 1907 258 1963 uti
270 1902 295 1960 :⁴
313 1924 396 1963 secus
410 1905 514 1963 debent
526 1907 570 1963 sui
584 1905 692 1963 ordinis
705 1924 817 1963 morem
831 1905 924 1977 sequi,
938 1903 997 1961 nisi
1009 1902 1146 1978 specialis
1164 1903 1202 1960 eis

104 2003 219 2059 licentia
239 2004 329 2060 abeo
350 2001 516 2061 discedendi
534 2002 597 2060 data
617 2005 663 2060 sit
706 2003 803 2061 Nemo
826 2012 920 2061 autem
940 2003 1048 2078 poterit
1073 2002 1205 2076 specialia

63 2156 78 2183 ,
106 2100 293 2159 Breviariain
308 2101 449 2173 aliquibus
470 2101 642 2160 dioecesibns
666 2101 824 2159 Galliarum
845 2101 981 2167 adhibita,
997 2099 1084 2172 quale
1098 2099 1204 2157 estPa·

106 2201 238 2265 rismum,
262 2200 291 2257 in
308 2199 361 2256 hac
383 2201 500 2276 regione
523 2202 659 2266 recitare3
682 2218 771 2272 quum
794 2218 888 2258 mores
912 2198 954 2257 illi
968 2217 1021 2255 seu
1042 2198 1201 2275 privilegia,

106 2296 259 2375 (quidquid
272 2297 307 2354 de
321 2299 356 2355 iis
370 2298 547 2356 censendum
563 2296 625 2376 sit)
646 2298 718 2356 nihil
737 2299 784 2356 hio
805 2299 934 2364 valeant3
957 2308 988 2354 et
1006 2299 1204 2370 unusquisque

107 2403 236 2452 terreum
245 2395 280 2450 ad
294 2395 422 2453 officium
436 2396 576 2453 Ecclesiae
590 2398 637 2452 cui
649 2396 809 2472 adscriptus
823 2406 866 2454 est
875 2391 1081 2453 recitandum.⁶

144 2496 174 2549 9.
196 2491 347 2548 Tenentur
359 2511 461 2550 omues
475 2493 511 2550 ad
530 2493 705 2551 recitandum
728 2494 856 2553 officium
878 2493 957 2566 quod
971 2493 1096 2569 singulis
1109 2491 1205 2551 diebus

108 2589 286 2666 adsignatum
299 2602 358 2647 est:
380 2609 438 2648 non
459 2592 535 2648 enim
558 2601 602 2648 est
621 2594 724 2667 privati
746 2594 887 2669 cujusque
901 2591 1031 2650 ordinem
1046 2612 1064 2649 a
1076 2608 1207 2667 supreme

109 2689 274 2747 anctoritate
287 2690 482 2755 constitutum,
497 2689 542 2746 rel
558 2689 685 2766 legitima
698 2691 903 2749 consuetudine
919 2690 1083 2759 definitum,
1104 2699 1206 2747 temere

109 2789 275 2847 immutare:
298 2787 419 2859 quodsi
441 2789 505 2859 quis
519 2790 627 2863 passim
648 2798 745 2856 tentet,
767 2790 812 2847 vel
831 2788 920 2847 semel
940 2788 1083 2857 consulto,
1098 2788 1205 2846 videtur

108 2887 231 2962 graviter
239 2877 384 2960 peccare.⁶
424 2884 569 2944 Caeterum
582 2888 606 2942 si
621 2889 686 2959 quis
699 2906 792 2946 errore
805 2889 965 2946 recitaverit
974 2888 1105 2945 officium
1118 2885 1206 2944 diver·

108 3003 171 3041 sum
185 2984 220 3039 ab
234 3001 269 3040 eo
283 2983 361 3054 quod
373 2982 429 3040 diei
443 2984 528 3047 alicui
542 2985 722 3061 adsignatum
736 2997 788 3054 est,
803 3006 861 3045 non
874 2988 1077 3045 existimamus
1090 3004 1158 3045 eum
1171 2986 1206 3044 ad

107 3080 182 3140 aliud
206 3083 313 3147 toneri3
335 3097 423 3154 quum
443 3085 578 3159 praecepti
599 3085 887 3161 substantiaimpleta
906 3088 954 3155 sit,
978 3096 1009 3143 et
1029 3104 1109 3143 error
1127 3096 1206 3143 vacet

108 3180 209 3257 cnlpa;
231 3181 277 3238 vel
290 3201 328 3238 ex
341 3182 426 3257 culpa
437 3180 495 3255 lgvi
508 3193 585 3241 ortus
608 3184 654 3249 sit,
669 3185 694 3241 si
708 3202 745 3241 ex
760 3184 881 3256 quadam
895 3185 1070 3262 negligentia
1082 3186 1207 3261 contige·

108 3281 153 3337 rit
196 3280 303 3338 Merito
318 3293 411 3339 autem
426 3279 556 3339 damnata
568 3291 613 3339 est
624 3283 658 3340 ab
678 3282 842 3342 Alexandro
855 3283 924 3342 Vll.
940 3284 1119 3361 propositio:
1142 3293 1161 3319 ‘⁴
1172 3284 1205 3342 ln

109 3377 155 3435 die
183 3379 341 3454 palmarum
368 3382 489 3438 recitans
523 3380 650 3439 officium
682 3383 826 3457 paschale,
858 3383 995 3442 saussaeit
1014 3378 1206 3459 praecepto.”⁷

109 3475 255 3546 Equidem
269 3480 338 3534 satis
353 3479 519 3553 intelligitur
532 3479 587 3537 hoc
606 3480 670 3538 loco
684 3482 730 3556 agi
743 3480 779 3538 de
792 3501 827 3539 eo
845 3483 895 3555 qui
913 3484 1038 3541 scienter
1056 3481 1137 3540 aliud
1148 3499 1204 3557 pre

109 3572 165 3629 alio
179 3572 305 3631 officium
321 3576 428 3642 recitat,
442 3584 471 3631 et
493 3577 608 3648 quidem
628 3579 830 3639 brevissimum
849 3599 908 3657 pre
926 3581 1061 3658 longiori,
1076 3579 1204 3658 neglecto

109 3671 248 3746 mysterio
261 3671 339 3743 quod
352 3690 387 3733 eo
401 3672 446 3729 dle
460 3675 622 3749 specialiter
634 3676 788 3736 colendum
802 3689 853 3737 est.

144 3906 183 3966 (l)
203 3905 266 3952 Vide
279 3905 388 3955 Antoine
399 3905 481 3956 'l'ract
492 3905 523 3956 de
534 3906 631 3957 Virtute
642 3907 786 3970 Religionis.
795 3926 816 3959 c
829 3911 844 3959 i.
853 3927 893 3974 qu.
906 3911 939 3961 iii.
952 3914 977 3960 3.

84 4028 90 4039 .
104 4002 110 4035 .·
143 3986 187 4049 (2)
207 3986 233 4035 S.
246 3988 276 4036 R.
290 3988 321 4036 C.
333 3988 396 4038 diet
408 3991 476 4054 Sept.
489 3991 563 4039 lito.
665 3993 708 4055 (2)
728 3990 755 4038 S.
768 3992 798 4042 R.
808 3992 840 4042 Ο.
850 3993 889 4042 die
899 3993 933 4042 28
944 3993 1035 4050 Martii,
1050 3995 1123 4042 17⁷5.

142 4069 171 4128 (t
206 4069 246 4117 Ex
260 4070 339 4120 Clam.
352 4072 416 4121 lide
428 4072 551 4123 oelMiso.
663 4077 703 4139 (5)
723 4076 1133 4142 Cap.xiii.etcop.xir.dist.xii·

141 4070 185 4216 (δὲ
205 4152 315 4205 Anteius
326 4166 381 4220 post
392 4160 481 4222 plures.
514 4156 591 4209 Traot
601 4159 632 4209 de
643 4160 732 4211 virtute
744 4161 797 4211 net
809 4178 832 4211 c.
842 4160 857 4209 i.
868 4177 911 4225 qu.
922 4162 955 4212 iv.

21 4244 45 4285 ν
141 4232 184 4298 (7)
205 4235 375 4303 Ρῐορ.ιιιίτ.
656 4290 689 4339 ἦ

298 4486 339 4547 4
