2766 4996
144 403 205 459 346
315 393 373 458 DE
394 395 753 456 OBLlGATIONIBUB
773 390 1070 454 cnnsslcoltuns.

146 566 215 622 “ita
229 574 332 630 nmen,
345 573 377 622 ut
396 561 633 636 quandocumque
655 581 716 629 eos,
730 578 816 620 causa
826 561 907 637 prius
925 578 980 636 per
991 562 1164 637 episcopum
1176 577 1231 635 cog-

146 664 205 720 nita
223 673 252 718 et
270 662 394 737 probata,
415 662 514 719 abesse
545 662 704 736 contigerit,
725 661 864 719 vinarium
885 658 1025 717 idoneum
1046 660 1083 715 ab
1102 660 1167 734 ipso
1185 657 1232 715 Or·

144 759 254 819 dinario
268 759 496 836 approbandum,
509 779 576 818 cum
589 759 684 818 debita
695 758 836 817 mercedis
853 758 1060 834 assignatione,
1074 757 1234 828 relinquant

146 857 323 916 Discedeudi
332 870 425 916 autem
438 858 583 918 licentiam
594 859 761 934 inscriptis,
775 858 921 936 grstisquc
930 855 1160 922 concedendam,
1173 855 1237 912 ultra

144 957 278 1014 bimestre
292 967 416 1034 tempus,
431 959 537 1016 nisiex
547 959 729 1032 graviorum,
739 975 797 1014 uon
809 947 1002 1013 obtineant.”¹
1046 954 1135 1011 Valet
1146 952 1237 1011 eadem

146 1057 217 1113 ratio
230 1054 266 1112 de
279 1058 448 1130 pastoribus,
463 1057 513 1128 qui
533 1057 621 1113 instar
643 1055 841 1130 parochorum,
863 1071 963 1111 curam
985 1054 1149 1111 animarum
1172 1050 1238 1128 apud

146 1155 350 1213 uosobtineut.
392 1155 569 1213 Missiouarii
592 1164 687 1211 autern
709 1155 758 1225 qui
778 1151 878 1210 fideles
898 1169 950 1227 per
974 1161 1066 1210 totam
1096 1152 1237 1226 regionem

147 1253 284 1318 invisunt,
305 1252 479 1310 saussaciunt
498 1255 570 1311 iutra
586 1254 744 1326 regionem,
763 1251 811 1308 ubi
829 1251 920 1325 magn
932 1260 1132 1327 opportunum
1153 1251 1238 1306 visun

147 1349 240 1416 suerit,
255 1351 310 1406 uisi
322 1351 402 1408 locus
416 1350 450 1407 ab
463 1353 602 1426 episcopo
615 1348 778 1425 designatus
789 1347 881 1414 suerit,
890 1348 1048 1406 morando:
1071 1365 1131 1405 non
1143 1347 1238 1404 debent

146 1455 240 1503 autem
253 1456 333 1503 extra
345 1465 408 1504 eam
419 1449 525 1506 versari
539 1448 646 1519 absque
660 1450 740 1522 gravi
753 1465 851 1512 causa,
865 1465 902 1503 v:
925 1464 963 1521 g:
985 1459 1018 1504 ut
1030 1447 1238 1505 consessionem

146 1542 221 1618 apud
235 1545 433 1621 presbyterum
447 1555 592 1622 peragant,
606 1546 653 1602 vel
666 1546 803 1604 exercitis
822 1544 991 1620 spiritualia,
1007 1545 1111 1602 relicto
1123 1546 1237 1607 interim,

149 1642 263 1713 quando
283 1643 343 1701 fieri
364 1644 465 1720 possit,
489 1645 545 1702 alio
567 1644 712 1701 sacerdote
726 1646 775 1717 qui
798 1661 897 1701 eorum
921 1643 1006 1701 obeat
1026 1643 1119 1702 vices.
1162 1644 1238 1700 Peste

150 1752 305 1816 grassante,
319 1742 420 1800 debent
430 1743 547 1819 parochi
559 1761 673 1800 manere
687 1744 717 1801 in
731 1761 782 1800 sua
791 1743 922 1818 perucia,
932 1741 1067 1813 quamvis
1081 1742 1193 1800 valeant
1203 1743 1238 1798 uti

150 1837 263 1898 alterins
276 1840 429 1898 saoerdotis
449 1860 536 1918 opera
558 1841 587 1899 in
610 1841 793 1900 sacramentis
815 1830 1037 1898 ministrandis?

188 1943 238 1996 42.
260 1939 353 1997 Missa
366 1940 533 2016 applicanda
541 1949 585 1996 est
599 1939 664 2019 (pro
679 1937 800 2017 populo)
814 1939 914 1996 diebus
931 1938 1110 2006 Dominicis,
1125 1950 1154 1997 et
1165 1937 1234 1995 iestis

150 2033 186 2090 de
201 2045 355 2110 precepto,
370 2056 387 2094 a
399 2038 541 2112 parochis,
555 2056 606 2095 seu
621 2038 682 2096 aliis
696 2056 792 2095 curam
806 2037 965 2094 animarum
978 2040 1156 2114 gerentibus,
1164 2048 1239 2112 prout

151 2129 306 2190 declararit
317 2134 435 2209 speciali
448 2131 663 2194 constitutione³
676 2135 848 2194 Benedictus
862 2135 958 2201 xlv,
973 2135 1179 2194 Tridentinum
1198 2132 1239 2189 de

148 2228 257 2289 Oretum
277 2231 426 2310 explicans
439 2242 468 2290 et
489 2234 645 2292 inorrlcans.
686 2234 783 2299 Quum
802 2232 837 2289 de
858 2233 1021 2307 pastoribus
1034 2236 1203 2297 animarum,
1215 2240 1239 2286 et

148 2325 184 2386 de
198 2330 261 2388 eliis
273 2342 371 2390 earum
392 2350 489 2389 curam
503 2332 682 2397 habentibus,
695 2332 780 2388 etiam
802 2329 837 2387 ad
856 2340 980 2405 tempus,
1002 2332 1120 2390 vicariis
1141 2330 1239 2388 scilieet

150 2427 358 2495 amoribilibus,
373 2428 403 2487 id
410 2427 505 2486 tradat
524 2428 668 2496 Pontifex,
683 2428 830 2486 indubium
849 2427 961 2486 videtur
981 2440 1115 2504 pastores
1127 2441 1154 2486 et
1175 2428 1239 2484 Mis·

151 2522 291 2578 sionarios
305 2525 339 2581 ed
360 2525 389 2581 id
409 2527 508 2590 teneri,
522 2527 550 2583 ri
571 2528 615 2583 sui
637 2526 773 2583 muneris.
816 2526 876 2584 Ubi
896 2537 990 2583 autem
1014 2527 1063 2585 alii
1086 2526 1238 2585 sacerdotes

150 2619 257 2695 pastori
276 2619 401 2697 adjuncti
414 2629 481 2678 sunt
500 2621 536 2678 ad
556 2623 654 2681 munia
667 2622 808 2690 obeunda,
822 2626 890 2683 satis
905 2633 950 2682 est
961 2625 987 2682 ai
1000 2635 1112 2700 pastor,
1126 2625 1170 2682 rel
1183 2626 1240 2700 ipso

148 2717 286 2794 impedito
306 2721 376 2779 alius
390 2721 514 2779 Missam
532 2721 664 2797 applicet.

191 2822 240 2876 43.
263 2819 297 2877 ln
310 2819 435 2878 fidelium
448 2821 656 2879 institutionem
675 2819 871 2879 Christianam
885 2821 1029 2896 parochus
1043 2823 1189 2881 incumbat
1200 2838 1243 2878 ne·

152 2934 235 2974 cesse
256 2926 317 2974 est:
341 2917 554 2992 “Quicumque
574 2918 761 2995 parochiales,
776 2919 821 2975 vel
834 2920 903 2977 alias
917 2938 1014 2977 curam
1028 2921 1188 2978 animarum
1199 2919 1242 2976 ba·

151 3014 249 3069 bentes
263 3014 398 3072 ecclesias
411 3035 594 3089 quocumque
608 3017 693 3075 modo
706 3018 843 3083 obtinent,
858 3036 910 3092 per
922 3036 965 3086 se,
976 3018 1021 3074 vel
1035 3019 1109 3077 alios
1119 3019 1241 3079 idoneoe.

151 3111 177 3168 si
189 3109 315 3188 legitime
328 3113 459 3189 impediti
473 3115 585 3182 luerint,
600 3115 699 3173 diebus
714 3116 814 3173 saltem
828 3115 1000 3184 Dominicis,
1012 3126 1041 3172 et
1054 3117 1242 3175 sestissolem·

152 3211 246 3276 uibus,
261 3209 358 3287 plebes
372 3212 425 3270 sibi
446 3215 614 3271 commissas
635 3231 687 3289 pro
707 3232 768 3280 sua,
788 3222 817 3269 et
835 3232 933 3272 earum
952 3216 1111 3290 capacitate
1132 3225 1242 3292 pascant

153 3307 320 3367 salutaribus
334 3311 438 3377 verbis,
452 3310 583 3369 docendo
602 3330 645 3378 ea,
660 3329 723 3382 quae
737 3313 810 3368 scire
830 3314 965 3371 omuibus
984 3316 1181 3372 necessarium
1204 3321 1242 3367 est

151 3406 330 3476 adsalutem,
345 3409 593 3482 annuntiandoque
613 3406 655 3466 eis
676 3428 742 3466 cum
761 3410 895 3467 brevitate
908 3421 938 3468 et
956 3411 1091 3470 facilitate
1105 3410 1242 3470 sermonis

151 3504 227 3569 vitia,
242 3523 305 3575 qum
319 3524 369 3562 eos
383 3506 534 3574 declinare,
550 3517 579 3565 et
592 3508 707 3565 virtutes
718 3526 789 3579 quas
803 3509 904 3566 sectari
917 3517 1066 3585 oporteat;
1087 3520 1118 3568 ut
1131 3525 1241 3586 poenarn

151 3610 284 3656 eternam
304 3603 434 3669 evadere,
450 3615 477 3660 et
490 3605 632 3662 caelestem
645 3606 764 3681 gloriam
778 3608 917 3679 consequi
937 3606 1083 3667 valeant.”
1126 3609 1169 3667 lta
1181 3605 1242 3664 Tri·

151 3695 257 3754 dentini
272 3693 393 3773 patres.⁴
433 3698 511 3756 Huic
526 3703 636 3760 muneri
650 3704 675 3759 si
689 3705 753 3774 quis
768 3704 898 3772 desuerit,
919 3724 977 3763 uno
996 3707 1135 3765 continuo
1149 3721 1242 3763 mense

151 3797 272 3874 integro,
286 3809 333 3855 aut
353 3796 437 3857 etiam
458 3795 570 3856 duobus
584 3799 629 3855 vel
652 3799 739 3857 tribus
761 3803 908 3861 mensibus
931 3805 1016 3861 totius
1037 3805 1116 3871 anui,
1138 3801 1243 3880 peccati

186 4006 225 4067 (1)
246 4002 325 4054 Cone.
334 4002 403 4053 Trid.
414 4003 480 4053 Sors
493 4003 561 4054 xxiii.
572 4021 593 4053 c.
606 4003 621 4053 l.
633 4003 663 4053 de
675 4003 729 4053 Res.
740 4013 765 4054 et
776 4020 797 4053 c.
808 4005 824 4053 i.
836 4004 932 4054 declar.
944 4022 1002 4056 non.
1015 4006 1088 4057 mn.

186 4087 228 4151 (2)
247 4088 284 4136 lta
294 4089 378 4138 statuit
391 4088 417 4137 S.
429 4088 508 4151 Cong.
519 4088 595 4138 Cone.
605 4090 752 4153 approbante
764 4087 882 4150 Gregorio
894 4089 919 4137 X
924 4089 967 4138 111.

187 4172 229 4235 (3)
250 4171 339 4222 Const.
350 4189 403 4236 quie
418 4171 517 4237 incipit:
540 4173 609 4224 Cum
621 4187 717 4239 semper
729 4170 832 4222 oblatos.

184 4258 224 4321 (l)
243 4256 309 4306 Sese.
320 4273 343 4304 r.
355 4273 408 4321 cap.
418 4257 444 4306 ii.
456 4258 486 4307 de
495 4258 548 4309 nef.
