2744 4980
574 1212 595 1250 ι
627 1127 853 1189 ΑΡΡΕΝΒΙΧ.

156 1198 242 1337 Ὀ

395 1383 403 1398 ,
482 1345 521 1385 ΒΕ
542 1345 644 1386 neuun
664 1345 802 1386 GlVlLlll!
822 1343 1004 1384 tumtun.

242 1531 268 1585 l.
289 1526 345 1585 Jns
360 1523 446 1584 ciuile
459 1522 535 1599 opud
549 1541 602 1581 nos
613 1523 761 1581 consuevit
772 1523 867 1582 vocari
880 1520 951 1580 illud
964 1519 1041 1594 quod
1053 1521 1084 1578 in
1097 1521 1222 1597 Imperio
1236 1519 1291 1578 Ro·

199 1644 286 1685 mono
299 1625 429 1691 obtinuit,
437 1621 613 1681 Romanum
622 1621 739 1689 idcirco,
749 1629 778 1679 et
789 1620 960 1680 Cesarenm
970 1629 999 1678 et
1009 1637 1178 1688 commune,
1187 1618 1222 1676 ab
1231 1618 1292 1677 aliis

200 1733 406 1800 nuncupatum.
448 1721 523 1799 Ejus
543 1721 682 1797 originem
701 1720 824 1797 eleganti
842 1737 928 1796 opere
947 1716 1032 1776 refert
1052 1717 1192 1787 Gravina,
1207 1735 1291 1791 quem

195 1823 271 1901 juris
284 1821 419 1880 studiosis
438 1819 592 1897 plurimum
612 1819 855 1878 commendamus.
895 1816 1025 1876 Exordio
1044 1836 1061 1874 s
1079 1815 1196 1875 condito
1214 1816 1292 1874 Urbe

201 1931 379 1998 repetuntur,
391 1918 589 1995 legibnsenim
602 1936 684 1994 reges
692 1917 826 1977 creditam
833 1917 889 1976 sibi
899 1915 1103 1992 rempublicam
1116 1914 1292 1982 ordinarunt,

201 2038 264 2093 quae
278 2039 295 2076 a
308 2019 343 2077 P.
358 2036 409 2076 seu
424 2018 515 2075 Sexto
535 2016 663 2092 Papyrio
682 2015 806 2076 collecte
818 2015 905 2095 juris
918 2013 1095 2094 Popyricni
1107 2015 1226 2074 nomine
1239 2015 1294 2075 ler-

199 2127 292 2176 untur.
334 2117 471 2175 Actiones
484 2114 580 2182 etism,
594 2133 647 2173 seu
666 2113 796 2174 formulis
810 2114 953 2174 solemnes
962 2115 1028 2192 jure
1039 2112 1152 2191 egendi,
1168 2133 1186 2170 s
1200 2112 1294 2171 cneio

200 2215 300 2275 Fluvio
322 2210 692 2292 divulgam‚1tastanum
713 2214 771 2293 jus
791 2223 960 2291 nuncupator
979 2220 1055 2272 sunt.
1095 2213 1184 2272 Anno
1199 2212 1239 2271 U.
1254 2211 1293 2270 0.

202 2312 298 2372 000.
313 2315 399 2391 legati
412 2324 480 2381 tres,
494 2331 546 2389 per
558 2311 670 2371 Italiam
683 2323 711 2369 et
723 2313 884 2371 universam
898 2313 1050 2381 Greciom,
1070 2310 1150 2389 leges
1164 2330 1294 2385 queren-

201 2422 253 2479 tes,
267 2412 364 2487 plnres
376 2413 531 2469 retulerunt
543 2429 614 2483 quas
634 2411 805 2480 decemuiri,
826 2431 893 2472 eum
905 2413 936 2470 in
954 2410 1041 2470 tinem
1060 2411 1153 2481 electi,
1174 2411 1206 2468 in
1225 2410 1294 2471 duo·

200 2507 292 2567 decim
308 2509 410 2568 tabulis
433 2510 519 2567 eneis
542 2508 716 2586 exsculptos,
739 2522 893 2587 postquem
916 2510 1070 2569 emendetur
1090 2521 1120 2569 et
1140 2509 1177 2568 nd
1197 2528 1294 2568 mores

201 2606 347 2668 Romanos
361 2606 485 2675 infiexae,
500 2607 608 2684 populo
621 2608 732 2667 fuerent
745 2611 878 2686 probate,
893 2609 1006 2686 publice
1018 2610 1049 2668 in
1061 2610 1124 2669 foro
1137 2607 1294 2667 servandos

200 2715 416 2784 proposuerunt
459 2709 650 2764 Accesserant
661 2705 796 2784 deinceps
811 2707 982 2788 plebiscita,
995 2727 1047 2767 seu
1060 2709 1160 2786 populi
1181 2707 1295 2766 decreta

200 2816 317 2883 rogante
331 2807 421 2882 plebis
435 2807 545 2863 tribuno
558 2806 623 2872 lats,
637 2815 666 2862 et
678 2805 955 2874 Senatusconsulto,
964 2826 1026 2880 quae
1035 2809 1141 2885 populo
1155 2808 1293 2884 probante

199 2904 272 2980 legis
285 2907 344 2963 vim
364 2906 554 2962 obtinuerunt
600 2903 837 2964 Constitutiones
857 2908 941 2964 etiam
960 2907 1160 2981 Imperatorum
1181 2904 1294 2983 prodie-

199 3012 274 3068 runt,
290 3004 393 3074 quibus
407 3004 537 3060 inunum
546 3022 563 3057 a
573 3003 856 3078 Gregorioqnodnm,
869 3003 1061 3062 annoChristi
1070 3010 1142 3072 272,
1152 3005 1292 3071 collectis,

199 3099 291 3159 codex
308 3100 520 3178 Gregorionus
534 3099 625 3157 editus
634 3112 688 3170 est,
697 3121 784 3176 quern
797 3113 911 3162 secutus
919 3113 964 3160 est
971 3102 1292 3182 codexHermegenio·

199 3217 259 3258 nus
280 3201 314 3257 ab
337 3211 450 3258 auctore
473 3208 661 3275 nuncupatus,
685 3210 713 3258 et
739 3201 830 3261 codes
854 3201 1094 3270 Tltsodoeionus,
1121 3201 1292 3262 Theodosio

195 3299 312 3375 juniore
325 3301 491 3376 imperante,
506 3317 579 3356 anno
592 3303 663 3366 438,
677 3299 832 3359 consectus.
875 3301 924 3360 Ex
937 3301 983 3358 his
997 3301 1153 3370 codicibus,
1168 3301 1291 3374 aliisque

200 3398 363 3473 principum
383 3399 586 3474 posterioribus
606 3401 852 3459 constitutionibus
871 3399 1000 3459 codicem
1018 3419 1102 3458 snum
1122 3399 1214 3459 edidit
1225 3399 1290 3458 Jus-

198 3495 333 3562 tinisnus,
344 3514 419 3553 anno
433 3498 542 3553 circiter
556 3501 624 3554 530.
646 3496 812 3566 Pandente,
823 3518 873 3557 seu
888 3497 1030 3576 Digesta,
1041 3508 1141 3574 postea
1153 3501 1184 3557 in
1197 3499 1290 3557 lucem

198 3593 288 3648 emitti
302 3595 419 3659 curavit,
434 3595 602 3651 omniafere
617 3613 679 3668 quae
693 3616 709 3652 a
724 3598 899 3672 jurisperitis
912 3597 1011 3655 tradite
1024 3598 1134 3655 suerent
1152 3616 1290 3675 responsa

160 3675 172 3694 ’
197 3689 296 3748 ordine
311 3688 433 3764 quodam
448 3692 674 3766 complectentis,
683 3705 712 3751 et
721 3694 894 3770 digerentin:
916 3697 1055 3754 elementa
1067 3694 1133 3754 verb
1150 3697 1290 3774 jurispru-

198 3789 298 3847 dentiae
313 3795 443 3868 quatuor
463 3787 550 3846 libris
569 3789 798 3851 institutionum
820 3795 928 3871 exponi
947 3795 1022 3853 fecit.
1063 3792 1287 3854 Decisionesb.

197 3888 233 3947 de
247 3899 288 3946 tot
300 3890 370 3967 juris
379 3891 579 3949 controversiis
590 3908 671 3947 novae
681 3890 799 3950 Codicis
808 3892 925 3951 editioni
933 3895 1060 3952 inseruit.
1102 3895 1176 3961 Qum
1190 3905 1289 3972 postes

198 3987 395 4047 alustiniano
416 3990 477 4047 lntae
499 3999 565 4047 sunt
586 3991 802 4049 constitutiones
823 3991 967 4051 XCVIII.
989 3991 1023 4050 ad
1044 4003 1166 4051 mortem
1186 4009 1288 4066 usqne,

197 4082 332 4145 Novella·
346 4087 537 4163 appellnnmr3
558 4087 724 4148 authentici
737 4090 891 4149 voluminis
904 4091 1019 4150 nomine
1040 4094 1167 4151 versioni
1180 4110 1288 4168 anony-

196 4183 236 4240 mi
250 4184 411 4261 cujusdam,
426 4189 475 4258 qui
490 4189 605 4246 verbum
617 4191 703 4248 verbo
712 4189 813 4249 Latine
821 4189 952 4259 reddidit,
963 4191 1076 4248 tributo.
1117 4191 1166 4250 Ad
1182 4209 1287 4249 snnnrn

198 4299 289 4352 usque
303 4286 373 4348 867,
388 4301 439 4342 seu
453 4288 523 4352 91⁰,
537 4287 628 4362 viguit
642 4287 692 4364 jus
708 4288 928 4348 Iustinisneum
941 4288 1016 4365 opud
1028 4289 1158 4360 Grecos,
1170 4291 1220 4349 cni
1232 4289 1287 4349 sus·
