<?xml version="1.0" encoding="UTF-8"?>
<!DOCTYPE html PUBLIC "-//W3C//DTD XHTML 1.0 Transitional//EN"
    "http://www.w3.org/TR/xhtml1/DTD/xhtml1-transitional.dtd">
<html xmlns="http://www.w3.org/1999/xhtml" xml:lang="en" lang="en">
 <head>
  <title>
</title>
<meta http-equiv="Content-Type" content="text/html;charset=utf-8" />
  <meta name='ocr-system' content='tesseract 3.04.00' />
  <meta name='ocr-capabilities' content='ocr_page ocr_carea ocr_par ocr_line ocrx_word'/>
</head>
<body>
  <div class='ocr_page' id='page_1' title='image "./theologiaemoral00kenrgoog_0247.png"; bbox 0 0 2744 4980; ppageno 0'>
   <div class='ocr_carea' id='block_1_1' title="bbox 214 411 1075 480">
    <p class='ocr_par' dir='ltr' id='par_1_1' title="bbox 214 411 1075 480">
     <span class='ocr_line' id='line_1_1' title="bbox 214 411 1075 480; baseline -0.01 0"><span class='ocrx_word' id='word_1_1' title='bbox 214 426 274 480; x_wconf 77' lang='lat'><strong>226</strong></span> <span class='ocrx_word' id='word_1_2' title='bbox 412 419 529 480; x_wconf 84' lang='lat' dir='ltr'>JURIS</span> <span class='ocrx_word' id='word_1_3' title='bbox 549 414 871 479; x_wconf 80' lang='lat' dir='ltr'>EOCLESIASTIOI</span> <span class='ocrx_word' id='word_1_4' title='bbox 893 411 1075 474; x_wconf 80' lang='lat' dir='ltr'><strong>FONTES.</strong></span> 
     </span>
    </p>
   </div>
   <div class='ocr_carea' id='block_1_2' title="bbox 212 578 1317 2413">
    <p class='ocr_par' dir='ltr' id='par_1_2' title="bbox 212 578 1317 1254">
     <span class='ocr_line' id='line_1_2' title="bbox 215 578 1314 660; baseline -0.011 -14"><span class='ocrx_word' id='word_1_5' title='bbox 215 583 392 646; x_wconf 70' lang='lat' dir='ltr'><strong>Bullatium</strong></span> <span class='ocrx_word' id='word_1_6' title='bbox 405 588 490 645; x_wconf 88' lang='lat' dir='ltr'><strong>etiam</strong></span> <span class='ocrx_word' id='word_1_7' title='bbox 504 585 653 646; x_wconf 84' lang='lat' dir='ltr'><strong>Benedicti</strong></span> <span class='ocrx_word' id='word_1_8' title='bbox 666 584 750 643; x_wconf 89' lang='lat' dir='ltr'><strong>XIV.</strong></span> <span class='ocrx_word' id='word_1_9' title='bbox 761 583 860 642; x_wconf 86' lang='lat' dir='ltr'><strong>Bullas</strong></span> <span class='ocrx_word' id='word_1_10' title='bbox 873 585 946 660; x_wconf 89' lang='lat' dir='ltr'><strong>ejus,</strong></span> <span class='ocrx_word' id='word_1_11' title='bbox 960 583 990 640; x_wconf 90' lang='lat' dir='ltr'><strong>in</strong></span> <span class='ocrx_word' id='word_1_12' title='bbox 1000 588 1019 639; x_wconf 79' lang='lat'>4</span> <span class='ocrx_word' id='word_1_13' title='bbox 1030 592 1122 641; x_wconf 89' lang='lat' dir='ltr'><strong>tomos</strong></span> <span class='ocrx_word' id='word_1_14' title='bbox 1132 578 1314 642; x_wconf 88' lang='lat' dir='ltr'><strong>distributas,</strong></span> 
     </span>
     <span class='ocr_line' id='line_1_3' title="bbox 212 678 1315 763; baseline -0.009 -20"><span class='ocrx_word' id='word_1_15' title='bbox 212 686 337 744; x_wconf 82' lang='lat' dir='ltr'><strong>exhibet.</strong></span> <span class='ocrx_word' id='word_1_16' title='bbox 378 683 505 763; x_wconf 80' lang='lat' dir='ltr'><strong>Regulae</strong></span> <span class='ocrx_word' id='word_1_17' title='bbox 529 683 723 744; x_wconf 72' lang='lat' dir='ltr'><strong>cancellarie</strong></span> <span class='ocrx_word' id='word_1_18' title='bbox 746 681 937 761; x_wconf 79' lang='lat' dir='ltr'><strong>Apostolicoe,</strong></span> <span class='ocrx_word' id='word_1_19' title='bbox 957 680 1077 739; x_wconf 87' lang='lat' dir='ltr'><strong>Joaunis</strong></span> <span class='ocrx_word' id='word_1_20' title='bbox 1098 678 1203 738; x_wconf 85' lang='lat' dir='ltr'><strong>XXII.</strong></span> <span class='ocrx_word' id='word_1_21' title='bbox 1216 678 1315 754; x_wconf 83' lang='lat' dir='ltr'><strong>jussu,</strong></span> 
     </span>
     <span class='ocr_line' id='line_1_4' title="bbox 212 778 1317 861; baseline -0.009 -20"><span class='ocrx_word' id='word_1_22' title='bbox 212 786 317 860; x_wconf 89' lang='lat' dir='ltr'><strong>scripto</strong></span> <span class='ocrx_word' id='word_1_23' title='bbox 331 787 504 861; x_wconf 77' lang='lat' dir='ltr'><strong>consignatae</strong></span> <span class='ocrx_word' id='word_1_24' title='bbox 518 794 594 851; x_wconf 89' lang='lat' dir='ltr'><strong>sunt,</strong></span> <span class='ocrx_word' id='word_1_25' title='bbox 608 802 671 855; x_wconf 85' lang='lat' dir='ltr'><strong>quae</strong></span> <span class='ocrx_word' id='word_1_26' title='bbox 691 783 812 841; x_wconf 86' lang='lat' dir='ltr'><strong>solenta</strong></span> <span class='ocrx_word' id='word_1_27' title='bbox 827 781 952 855; x_wconf 88' lang='lat' dir='ltr'><strong>quolibet</strong></span> <span class='ocrx_word' id='word_1_28' title='bbox 966 780 1105 838; x_wconf 90' lang='lat' dir='ltr'><strong>Pontifice</strong></span> <span class='ocrx_word' id='word_1_29' title='bbox 1124 778 1272 843; x_wconf 88' lang='lat' dir='ltr'><strong>renovari,</strong></span> <span class='ocrx_word' id='word_1_30' title='bbox 1287 784 1317 832; x_wconf 90' lang='lat' dir='ltr'><strong>et</strong></span> 
     </span>
     <span class='ocr_line' id='line_1_5' title="bbox 213 880 1316 959; baseline -0.006 -20"><span class='ocrx_word' id='word_1_31' title='bbox 213 883 350 958; x_wconf 80' lang='lat' dir='ltr'><strong>deinceps</strong></span> <span class='ocrx_word' id='word_1_32' title='bbox 363 885 422 941; x_wconf 84' lang='lat' dir='ltr'><strong>vim</strong></span> <span class='ocrx_word' id='word_1_33' title='bbox 434 884 506 959; x_wconf 91' lang='lat' dir='ltr'><strong>legis</strong></span> <span class='ocrx_word' id='word_1_34' title='bbox 520 883 646 940; x_wconf 90' lang='lat' dir='ltr'><strong>obtinere</strong></span> <span class='ocrx_word' id='word_1_35' title='bbox 660 881 695 938; x_wconf 88' lang='lat' dir='ltr'><strong>iis</strong></span> <span class='ocrx_word' id='word_1_36' title='bbox 708 882 738 939; x_wconf 91' lang='lat' dir='ltr'><strong>in</strong></span> <span class='ocrx_word' id='word_1_37' title='bbox 751 880 834 939; x_wconf 91' lang='lat' dir='ltr'><strong>rebus</strong></span> <span class='ocrx_word' id='word_1_38' title='bbox 855 882 885 938; x_wconf 92' lang='lat' dir='ltr'><strong>in</strong></span> <span class='ocrx_word' id='word_1_39' title='bbox 899 880 1000 952; x_wconf 91' lang='lat' dir='ltr'><strong>quibus</strong></span> <span class='ocrx_word' id='word_1_40' title='bbox 1014 898 1065 957; x_wconf 92' lang='lat' dir='ltr'><strong>per</strong></span> <span class='ocrx_word' id='word_1_41' title='bbox 1078 887 1160 954; x_wconf 90' lang='lat' dir='ltr'><strong>pacta</strong></span> <span class='ocrx_word' id='word_1_42' title='bbox 1173 895 1230 934; x_wconf 88' lang='lat' dir='ltr'><strong>seu</strong></span> <span class='ocrx_word' id='word_1_43' title='bbox 1245 892 1316 934; x_wconf 87' lang='lat' dir='ltr'><strong>con·</strong></span> 
     </span>
     <span class='ocr_line' id='line_1_6' title="bbox 214 973 1316 1056; baseline -0.007 -18"><span class='ocrx_word' id='word_1_44' title='bbox 214 981 338 1039; x_wconf 82' lang='lat' dir='ltr'><strong>cordata</strong></span> <span class='ocrx_word' id='word_1_45' title='bbox 351 982 387 1038; x_wconf 92' lang='lat' dir='ltr'><strong>iis</strong></span> <span class='ocrx_word' id='word_1_46' title='bbox 400 998 458 1038; x_wconf 92' lang='lat' dir='ltr'><strong>non</strong></span> <span class='ocrx_word' id='word_1_47' title='bbox 471 991 515 1038; x_wconf 95' lang='lat' dir='ltr'><strong>est</strong></span> <span class='ocrx_word' id='word_1_48' title='bbox 532 973 723 1056; x_wconf 85' lang='lat' dir='ltr'><strong>derogatum¹</strong></span> <span class='ocrx_word' id='word_1_49' title='bbox 763 979 835 1046; x_wconf 73' lang='lat' dir='ltr'><strong>Quoe</strong></span> <span class='ocrx_word' id='word_1_50' title='bbox 855 979 948 1037; x_wconf 88' lang='lat' dir='ltr'><strong>adhuc</strong></span> <span class='ocrx_word' id='word_1_51' title='bbox 965 989 1045 1036; x_wconf 82' lang='lat' dir='ltr'><strong>extra</strong></span> <span class='ocrx_word' id='word_1_52' title='bbox 1057 995 1161 1053; x_wconf 83' lang='lat' dir='ltr'><strong>corpus</strong></span> <span class='ocrx_word' id='word_1_53' title='bbox 1173 976 1254 1053; x_wconf 86' lang='lat' dir='ltr'><strong>juris</strong></span> <span class='ocrx_word' id='word_1_54' title='bbox 1267 992 1316 1030; x_wconf 82' lang='lat' dir='ltr'><strong>va·</strong></span> 
     </span>
     <span class='ocr_line' id='line_1_7' title="bbox 214 1076 1314 1157; baseline -0.007 -20"><span class='ocrx_word' id='word_1_55' title='bbox 214 1089 315 1157; x_wconf 80' lang='lat' dir='ltr'>gantur</span> <span class='ocrx_word' id='word_1_56' title='bbox 327 1079 501 1137; x_wconf 89' lang='lat' dir='ltr'><strong>Pontificum</strong></span> <span class='ocrx_word' id='word_1_57' title='bbox 521 1079 734 1137; x_wconf 78' lang='lat' dir='ltr'><strong>constitutiones</strong></span> <span class='ocrx_word' id='word_1_58' title='bbox 754 1079 868 1155; x_wconf 82' lang='lat' dir='ltr'><strong>plenam</strong></span> <span class='ocrx_word' id='word_1_59' title='bbox 881 1078 940 1136; x_wconf 77' lang='lat' dir='ltr'><strong>vim</strong></span> <span class='ocrx_word' id='word_1_60' title='bbox 959 1076 1072 1143; x_wconf 87' lang='lat' dir='ltr'><strong>habent,</strong></span> <span class='ocrx_word' id='word_1_61' title='bbox 1086 1077 1143 1134; x_wconf 87' lang='lat' dir='ltr'><strong>nisi</strong></span> <span class='ocrx_word' id='word_1_62' title='bbox 1156 1083 1314 1132; x_wconf 89' lang='lat' dir='ltr'><strong>consuetu·</strong></span> 
     </span>
     <span class='ocr_line' id='line_1_8' title="bbox 214 1172 638 1254; baseline 0.002 -20"><span class='ocrx_word' id='word_1_63' title='bbox 214 1177 281 1235; x_wconf 91' lang='lat' dir='ltr'><strong>dine</strong></span> <span class='ocrx_word' id='word_1_64' title='bbox 295 1177 379 1235; x_wconf 82' lang='lat' dir='ltr'><strong>fuerit</strong></span> <span class='ocrx_word' id='word_1_65' title='bbox 390 1178 432 1235; x_wconf 88' lang='lat' dir='ltr'><strong>eis</strong></span> <span class='ocrx_word' id='word_1_66' title='bbox 446 1172 638 1254; x_wconf 72' lang='lat' dir='ltr'><strong>derogatum.2</strong></span> 
     </span>
    </p>

    <p class='ocr_par' dir='ltr' id='par_1_3' title="bbox 213 1268 1316 1942">
     <span class='ocr_line' id='line_1_9' title="bbox 257 1268 1315 1354; baseline -0.007 -21"><span class='ocrx_word' id='word_1_67' title='bbox 257 1281 303 1333; x_wconf 82' lang='lat'><strong>12.</strong></span> <span class='ocrx_word' id='word_1_68' title='bbox 328 1275 597 1354; x_wconf 81' lang='lat' dir='ltr'><strong>Congregott&#39;ones,</strong></span> <span class='ocrx_word' id='word_1_69' title='bbox 619 1294 670 1333; x_wconf 90' lang='lat' dir='ltr'><strong>seu</strong></span> <span class='ocrx_word' id='word_1_70' title='bbox 691 1286 780 1333; x_wconf 78' lang='lat' dir='ltr'><strong>coetus</strong></span> <span class='ocrx_word' id='word_1_71' title='bbox 794 1273 988 1334; x_wconf 85' lang='lat' dir='ltr'><strong>Cardinalium</strong></span> <span class='ocrx_word' id='word_1_72' title='bbox 1002 1275 1130 1332; x_wconf 88' lang='lat' dir='ltr'><strong>emittere</strong></span> <span class='ocrx_word' id='word_1_73' title='bbox 1151 1270 1253 1328; x_wconf 92' lang='lat' dir='ltr'><strong>solent</strong></span> <span class='ocrx_word' id='word_1_74' title='bbox 1266 1268 1315 1326; x_wconf 92' lang='lat' dir='ltr'><strong>de-</strong></span> 
     </span>
     <span class='ocr_line' id='line_1_10' title="bbox 213 1370 1314 1446; baseline -0.006 -14"><span class='ocrx_word' id='word_1_75' title='bbox 213 1373 379 1432; x_wconf 88' lang='lat' dir='ltr'><strong>clarationes</strong></span> <span class='ocrx_word' id='word_1_76' title='bbox 402 1385 431 1432; x_wconf 92' lang='lat' dir='ltr'><strong>et</strong></span> <span class='ocrx_word' id='word_1_77' title='bbox 452 1374 563 1432; x_wconf 91' lang='lat' dir='ltr'><strong>decreta</strong></span> <span class='ocrx_word' id='word_1_78' title='bbox 585 1393 622 1433; x_wconf 84' lang='lat' dir='ltr'><strong>ex</strong></span> <span class='ocrx_word' id='word_1_79' title='bbox 645 1374 795 1432; x_wconf 90' lang='lat' dir='ltr'><strong>Pontifiois</strong></span> <span class='ocrx_word' id='word_1_80' title='bbox 822 1375 996 1441; x_wconf 86' lang='lat' dir='ltr'><strong>auctoritate,</strong></span> <span class='ocrx_word' id='word_1_81' title='bbox 1020 1390 1111 1444; x_wconf 88' lang='lat' dir='ltr'><strong>eoque</strong></span> <span class='ocrx_word' id='word_1_82' title='bbox 1135 1370 1314 1446; x_wconf 90' lang='lat' dir='ltr'><strong>plerumque</strong></span> 
     </span>
     <span class='ocr_line' id='line_1_11' title="bbox 214 1468 1314 1549; baseline -0.005 -21"><span class='ocrx_word' id='word_1_83' title='bbox 214 1471 354 1540; x_wconf 89' lang='lat' dir='ltr'><strong>consulto,</strong></span> <span class='ocrx_word' id='word_1_84' title='bbox 369 1491 432 1544; x_wconf 82' lang='lat' dir='ltr'><strong>quae</strong></span> <span class='ocrx_word' id='word_1_85' title='bbox 453 1472 571 1549; x_wconf 84' lang='lat' dir='ltr'><strong>proinde</strong></span> <span class='ocrx_word' id='word_1_86' title='bbox 591 1475 650 1531; x_wconf 83' lang='lat' dir='ltr'><strong>vim</strong></span> <span class='ocrx_word' id='word_1_87' title='bbox 671 1474 785 1548; x_wconf 89' lang='lat' dir='ltr'><strong>plenam</strong></span> <span class='ocrx_word' id='word_1_88' title='bbox 805 1472 933 1531; x_wconf 85' lang='lat' dir='ltr'><strong>obtinent</strong></span> <span class='ocrx_word' id='word_1_89' title='bbox 953 1473 982 1529; x_wconf 91' lang='lat' dir='ltr'><strong>in</strong></span> <span class='ocrx_word' id='word_1_90' title='bbox 995 1471 1115 1548; x_wconf 90' lang='lat' dir='ltr'><strong>singulis</strong></span> <span class='ocrx_word' id='word_1_91' title='bbox 1135 1469 1256 1526; x_wconf 80' lang='lat' dir='ltr'><strong>casibus</strong></span> <span class='ocrx_word' id='word_1_92' title='bbox 1277 1468 1314 1524; x_wconf 92' lang='lat' dir='ltr'><strong>de</strong></span> 
     </span>
     <span class='ocr_line' id='line_1_12' title="bbox 213 1568 1314 1648; baseline -0.004 -21"><span class='ocrx_word' id='word_1_93' title='bbox 213 1570 316 1640; x_wconf 89' lang='lat' dir='ltr'><strong>quibus</strong></span> <span class='ocrx_word' id='word_1_94' title='bbox 326 1572 431 1647; x_wconf 85' lang='lat' dir='ltr'><strong>agitur.</strong></span> <span class='ocrx_word' id='word_1_95' title='bbox 473 1572 577 1630; x_wconf 87' lang='lat' dir='ltr'><strong>Utrum</strong></span> <span class='ocrx_word' id='word_1_96' title='bbox 598 1582 690 1629; x_wconf 88' lang='lat' dir='ltr'><strong>autem</strong></span> <span class='ocrx_word' id='word_1_97' title='bbox 710 1572 769 1628; x_wconf 87' lang='lat' dir='ltr'><strong>vim</strong></span> <span class='ocrx_word' id='word_1_98' title='bbox 789 1570 860 1648; x_wconf 89' lang='lat' dir='ltr'><strong>legis</strong></span> <span class='ocrx_word' id='word_1_99' title='bbox 880 1570 1046 1629; x_wconf 87' lang='lat' dir='ltr'><strong>universalis</strong></span> <span class='ocrx_word' id='word_1_100' title='bbox 1059 1568 1185 1627; x_wconf 84' lang='lat' dir='ltr'><strong>habeant</strong></span> <span class='ocrx_word' id='word_1_101' title='bbox 1198 1579 1314 1624; x_wconf 89' lang='lat' dir='ltr'><strong>contro·</strong></span> 
     </span>
     <span class='ocr_line' id='line_1_13' title="bbox 213 1659 1316 1746; baseline -0.003 -22"><span class='ocrx_word' id='word_1_102' title='bbox 213 1669 338 1734; x_wconf 85' lang='lat' dir='ltr'><strong>vertitur,</strong></span> <span class='ocrx_word' id='word_1_103' title='bbox 354 1671 484 1742; x_wconf 85' lang='lat' dir='ltr'><strong>quamvis</strong></span> <span class='ocrx_word' id='word_1_104' title='bbox 498 1669 618 1727; x_wconf 89' lang='lat' dir='ltr'><strong>dubitari</strong></span> <span class='ocrx_word' id='word_1_105' title='bbox 631 1679 753 1742; x_wconf 89' lang='lat' dir='ltr'><strong>nequeat</strong></span> <span class='ocrx_word' id='word_1_106' title='bbox 765 1688 800 1727; x_wconf 89' lang='lat' dir='ltr'><strong>ea</strong></span> <span class='ocrx_word' id='word_1_107' title='bbox 816 1670 911 1746; x_wconf 86' lang='lat' dir='ltr'><strong>magui</strong></span> <span class='ocrx_word' id='word_1_108' title='bbox 924 1687 989 1726; x_wconf 88' lang='lat' dir='ltr'><strong>esse</strong></span> <span class='ocrx_word' id='word_1_109' title='bbox 1003 1668 1150 1727; x_wconf 90' lang='lat' dir='ltr'><strong>momenti.</strong></span> <span class='ocrx_word' id='word_1_110' title='bbox 1187 1659 1316 1723; x_wconf 85' lang='lat' dir='ltr'><strong>Ooustat</strong></span> 
     </span>
     <span class='ocr_line' id='line_1_14' title="bbox 215 1764 1313 1844; baseline -0.004 -21"><span class='ocrx_word' id='word_1_111' title='bbox 215 1765 274 1823; x_wconf 79' lang='lat' dir='ltr'><strong>vim</strong></span> <span class='ocrx_word' id='word_1_112' title='bbox 287 1766 359 1843; x_wconf 87' lang='lat' dir='ltr'><strong>legis</strong></span> <span class='ocrx_word' id='word_1_113' title='bbox 373 1768 408 1824; x_wconf 88' lang='lat' dir='ltr'><strong>iis</strong></span> <span class='ocrx_word' id='word_1_114' title='bbox 421 1766 608 1834; x_wconf 86' lang='lat' dir='ltr'><strong>tribuendam,</strong></span> <span class='ocrx_word' id='word_1_115' title='bbox 622 1768 648 1824; x_wconf 89' lang='lat' dir='ltr'><strong>si</strong></span> <span class='ocrx_word' id='word_1_116' title='bbox 662 1768 795 1826; x_wconf 80' lang='lat' dir='ltr'><strong>Pontifex</strong></span> <span class='ocrx_word' id='word_1_117' title='bbox 815 1767 975 1844; x_wconf 87' lang='lat' dir='ltr'><strong>specialiter</strong></span> <span class='ocrx_word' id='word_1_118' title='bbox 990 1768 1108 1842; x_wconf 88' lang='lat' dir='ltr'><strong>jusserit</strong></span> <span class='ocrx_word' id='word_1_119' title='bbox 1120 1785 1155 1824; x_wconf 90' lang='lat' dir='ltr'><strong>ea</strong></span> <span class='ocrx_word' id='word_1_120' title='bbox 1167 1764 1313 1823; x_wconf 82' lang='lat' dir='ltr'><strong>servanda</strong></span> 
     </span>
     <span class='ocr_line' id='line_1_15' title="bbox 215 1864 1067 1942; baseline 0.002 -22"><span class='ocrx_word' id='word_1_121' title='bbox 215 1864 331 1936; x_wconf 91' lang='lat' dir='ltr'><strong>ubique.</strong></span> <span class='ocrx_word' id='word_1_122' title='bbox 375 1865 408 1922; x_wconf 87' lang='lat' dir='ltr'><strong>Si</strong></span> <span class='ocrx_word' id='word_1_123' title='bbox 420 1884 473 1923; x_wconf 90' lang='lat' dir='ltr'><strong>usu</strong></span> <span class='ocrx_word' id='word_1_124' title='bbox 486 1877 600 1942; x_wconf 85' lang='lat' dir='ltr'><strong>recepta</strong></span> <span class='ocrx_word' id='word_1_125' title='bbox 613 1865 724 1934; x_wconf 82' lang='lat' dir='ltr'><strong>fuerint,</strong></span> <span class='ocrx_word' id='word_1_126' title='bbox 738 1866 805 1923; x_wconf 89' lang='lat' dir='ltr'><strong>satis</strong></span> <span class='ocrx_word' id='word_1_127' title='bbox 819 1884 920 1924; x_wconf 89' lang='lat' dir='ltr'><strong>omnes</strong></span> <span class='ocrx_word' id='word_1_128' title='bbox 933 1865 1067 1942; x_wconf 88' lang='lat' dir='ltr'><strong>obligant.</strong></span> 
     </span>
    </p>

    <p class='ocr_par' dir='ltr' id='par_1_4' title="bbox 214 1961 1314 2413">
     <span class='ocr_line' id='line_1_16' title="bbox 258 1961 1310 2042; baseline 0 -24"><span class='ocrx_word' id='word_1_129' title='bbox 258 1966 304 2019; x_wconf 86' lang='grc'><strong>13.</strong></span> <span class='ocrx_word' id='word_1_130' title='bbox 327 1961 550 2040; x_wconf 76' lang='lat' dir='ltr'><strong>congregationi</strong></span> <span class='ocrx_word' id='word_1_131' title='bbox 573 1963 607 2020; x_wconf 92' lang='lat' dir='ltr'><strong>de</strong></span> <span class='ocrx_word' id='word_1_132' title='bbox 622 1964 810 2042; x_wconf 86' lang='lat' dir='ltr'><strong>Propaganda</strong></span> <span class='ocrx_word' id='word_1_133' title='bbox 829 1964 900 2022; x_wconf 91' lang='lat' dir='ltr'><strong>Fide</strong></span> <span class='ocrx_word' id='word_1_134' title='bbox 921 1973 1122 2023; x_wconf 87' lang='lat' dir='ltr'><strong>concesserunt</strong></span> <span class='ocrx_word' id='word_1_135' title='bbox 1135 1962 1310 2028; x_wconf 87' lang='lat' dir='ltr'><strong>Pontifices,</strong></span> 
     </span>
     <span class='ocr_line' id='line_1_17' title="bbox 214 2058 1313 2140; baseline 0.001 -24"><span class='ocrx_word' id='word_1_136' title='bbox 214 2069 246 2116; x_wconf 92' lang='lat' dir='ltr'><strong>ut</strong></span> <span class='ocrx_word' id='word_1_137' title='bbox 258 2061 320 2135; x_wconf 89' lang='lat' dir='ltr'><strong>ejus</strong></span> <span class='ocrx_word' id='word_1_138' title='bbox 334 2060 445 2119; x_wconf 89' lang='lat' dir='ltr'><strong>decreta</strong></span> <span class='ocrx_word' id='word_1_139' title='bbox 459 2061 621 2121; x_wconf 86' lang='lat' dir='ltr'><strong>Cardiualis</strong></span> <span class='ocrx_word' id='word_1_140' title='bbox 641 2064 767 2139; x_wconf 76' lang='lat' dir='ltr'><strong>prefecti</strong></span> <span class='ocrx_word' id='word_1_141' title='bbox 787 2063 992 2140; x_wconf 89' lang='lat' dir='ltr'><strong>subscriptione</strong></span> <span class='ocrx_word' id='word_1_142' title='bbox 1012 2063 1131 2131; x_wconf 80' lang='lat' dir='ltr'><strong>munita,</strong></span> <span class='ocrx_word' id='word_1_143' title='bbox 1145 2064 1208 2120; x_wconf 79' lang='lat' dir='ltr'><strong>vim</strong></span> <span class='ocrx_word' id='word_1_144' title='bbox 1231 2058 1313 2118; x_wconf 86' lang='lat' dir='ltr'><strong>Con·</strong></span> 
     </span>
     <span class='ocr_line' id='line_1_18' title="bbox 215 2159 1314 2238; baseline 0.003 -25"><span class='ocrx_word' id='word_1_145' title='bbox 215 2159 369 2217; x_wconf 89' lang='lat' dir='ltr'><strong>stitutionis</strong></span> <span class='ocrx_word' id='word_1_146' title='bbox 382 2161 556 2236; x_wconf 81' lang='lat' dir='ltr'><strong>Apostolicee</strong></span> <span class='ocrx_word' id='word_1_147' title='bbox 570 2161 700 2219; x_wconf 85' lang='lat' dir='ltr'><strong>habeant</strong></span> <span class='ocrx_word' id='word_1_148' title='bbox 743 2160 943 2220; x_wconf 76' lang='lat' dir='ltr'><strong>cardinalibus</strong></span> <span class='ocrx_word' id='word_1_149' title='bbox 956 2173 1049 2220; x_wconf 85' lang='lat' dir='ltr'><strong>autem</strong></span> <span class='ocrx_word' id='word_1_150' title='bbox 1058 2161 1159 2238; x_wconf 90' lang='lat' dir='ltr'><strong>viginti</strong></span> <span class='ocrx_word' id='word_1_151' title='bbox 1172 2179 1230 2219; x_wconf 86' lang='lat' dir='ltr'><strong>sex</strong></span> <span class='ocrx_word' id='word_1_152' title='bbox 1245 2177 1314 2216; x_wconf 90' lang='lat' dir='ltr'><strong>con·</strong></span> 
     </span>
     <span class='ocr_line' id='line_1_19' title="bbox 215 2258 1312 2336; baseline 0.002 -24"><span class='ocrx_word' id='word_1_153' title='bbox 215 2265 279 2324; x_wconf 84' lang='lat' dir='ltr'><strong>stat,</strong></span> <span class='ocrx_word' id='word_1_154' title='bbox 300 2258 401 2329; x_wconf 91' lang='lat' dir='ltr'><strong>quibus</strong></span> <span class='ocrx_word' id='word_1_155' title='bbox 415 2261 527 2336; x_wconf 90' lang='lat' dir='ltr'><strong>negotia</strong></span> <span class='ocrx_word' id='word_1_156' title='bbox 539 2260 732 2319; x_wconf 90' lang='lat' dir='ltr'><strong>ecclesiastica</strong></span> <span class='ocrx_word' id='word_1_157' title='bbox 751 2262 781 2318; x_wconf 92' lang='lat' dir='ltr'><strong>in</strong></span> <span class='ocrx_word' id='word_1_158' title='bbox 799 2260 871 2318; x_wconf 89' lang='lat' dir='ltr'><strong>locis</strong></span> <span class='ocrx_word' id='word_1_159' title='bbox 892 2261 1061 2319; x_wconf 90' lang='lat' dir='ltr'><strong>missionum</strong></span> <span class='ocrx_word' id='word_1_160' title='bbox 1082 2258 1231 2318; x_wconf 87' lang='lat' dir='ltr'><strong>tractanda</strong></span> <span class='ocrx_word' id='word_1_161' title='bbox 1244 2275 1312 2315; x_wconf 89' lang='lat' dir='ltr'><strong>con·</strong></span> 
     </span>
     <span class='ocr_line' id='line_1_20' title="bbox 215 2354 376 2413; baseline 0.012 -2"><span class='ocrx_word' id='word_1_162' title='bbox 215 2354 376 2413; x_wconf 83' lang='lat' dir='ltr'><strong>creduntur.</strong></span> 
     </span>
    </p>
   </div>
   <div class='ocr_carea' id='block_1_3' title="bbox 214 2452 1312 2708">
    <p class='ocr_par' dir='ltr' id='par_1_5' title="bbox 214 2452 1312 2708">
     <span class='ocr_line' id='line_1_21' title="bbox 259 2452 1311 2534; baseline 0.001 -24"><span class='ocrx_word' id='word_1_163' title='bbox 259 2457 304 2510; x_wconf 81' lang='grc'><strong>14.</strong></span> <span class='ocrx_word' id='word_1_164' title='bbox 327 2452 441 2530; x_wconf 83' lang='lat' dir='ltr'><strong>Corpus</strong></span> <span class='ocrx_word' id='word_1_165' title='bbox 450 2456 535 2531; x_wconf 87' lang='lat' dir='ltr'><strong>juris,</strong></span> <span class='ocrx_word' id='word_1_166' title='bbox 550 2456 664 2515; x_wconf 90' lang='lat' dir='ltr'><strong>decreto</strong></span> <span class='ocrx_word' id='word_1_167' title='bbox 678 2457 807 2515; x_wconf 88' lang='lat' dir='ltr'><strong>Gratiani</strong></span> <span class='ocrx_word' id='word_1_168' title='bbox 819 2466 949 2534; x_wconf 84' lang='lat' dir='ltr'><strong>excepto,</strong></span> <span class='ocrx_word' id='word_1_169' title='bbox 964 2456 998 2515; x_wconf 96' lang='lat' dir='ltr'><strong>de</strong></span> <span class='ocrx_word' id='word_1_170' title='bbox 1012 2476 1070 2531; x_wconf 90' lang='lat' dir='ltr'><strong>quo</strong></span> <span class='ocrx_word' id='word_1_171' title='bbox 1082 2475 1169 2533; x_wconf 88' lang='lat' dir='ltr'><strong>supra</strong></span> <span class='ocrx_word' id='word_1_172' title='bbox 1181 2456 1311 2534; x_wconf 83' lang='lat' dir='ltr'><strong>egimus,</strong></span> 
     </span>
     <span class='ocr_line' id='line_1_22' title="bbox 214 2551 1312 2623; baseline 0.004 -15"><span class='ocrx_word' id='word_1_173' title='bbox 214 2551 319 2622; x_wconf 89' lang='lat' dir='ltr'><strong>ubique</strong></span> <span class='ocrx_word' id='word_1_174' title='bbox 334 2553 392 2609; x_wconf 91' lang='lat' dir='ltr'><strong>vim</strong></span> <span class='ocrx_word' id='word_1_175' title='bbox 405 2552 520 2621; x_wconf 88' lang='lat' dir='ltr'><strong>obtinet,</strong></span> <span class='ocrx_word' id='word_1_176' title='bbox 535 2556 590 2612; x_wconf 90' lang='lat' dir='ltr'><strong>nisi</strong></span> <span class='ocrx_word' id='word_1_177' title='bbox 603 2555 695 2613; x_wconf 86' lang='lat' dir='ltr'><strong>obstet</strong></span> <span class='ocrx_word' id='word_1_178' title='bbox 707 2555 896 2623; x_wconf 88' lang='lat' dir='ltr'><strong>consuetudo,</strong></span> <span class='ocrx_word' id='word_1_179' title='bbox 907 2557 952 2614; x_wconf 90' lang='lat' dir='ltr'><strong>vel</strong></span> <span class='ocrx_word' id='word_1_180' title='bbox 965 2574 1039 2615; x_wconf 87' lang='lat' dir='ltr'><strong>nova</strong></span> <span class='ocrx_word' id='word_1_181' title='bbox 1052 2556 1218 2614; x_wconf 87' lang='lat' dir='ltr'><strong>constitutio</strong></span> <span class='ocrx_word' id='word_1_182' title='bbox 1233 2555 1312 2614; x_wconf 90' lang='lat' dir='ltr'><strong>Pon·</strong></span> 
     </span>
     <span class='ocr_line' id='line_1_23' title="bbox 215 2649 311 2708; baseline 0 -2"><span class='ocrx_word' id='word_1_183' title='bbox 215 2649 311 2708; x_wconf 82' lang='lat' dir='ltr'><strong>tilicia.</strong></span> 
     </span>
    </p>
   </div>
   <div class='ocr_carea' id='block_1_4' title="bbox 215 2822 1317 2976">
    <p class='ocr_par' dir='ltr' id='par_1_6' title="bbox 215 2822 1317 2976">
     <span class='ocr_line' id='line_1_24' title="bbox 251 2822 1317 2895; baseline 0.005 -25"><span class='ocrx_word' id='word_1_184' title='bbox 251 2823 294 2887; x_wconf 86' lang='lat' dir='ltr'><strong>(l)</strong></span> <span class='ocrx_word' id='word_1_185' title='bbox 308 2822 456 2887; x_wconf 89' lang='lat' dir='ltr'><strong>Nuperrime</strong></span> <span class='ocrx_word' id='word_1_186' title='bbox 467 2823 497 2873; x_wconf 83' lang='lat' dir='ltr'><strong>ds</strong></span> <span class='ocrx_word' id='word_1_187' title='bbox 508 2825 598 2887; x_wconf 80' lang='lat' dir='ltr'><strong>regulis</strong></span> <span class='ocrx_word' id='word_1_188' title='bbox 605 2825 645 2876; x_wconf 88' lang='lat' dir='ltr'><strong>his</strong></span> <span class='ocrx_word' id='word_1_189' title='bbox 655 2835 747 2877; x_wconf 85' lang='lat' dir='ltr'><strong>veteres</strong></span> <span class='ocrx_word' id='word_1_190' title='bbox 755 2827 876 2878; x_wconf 72' lang='lat' dir='ltr'><strong>refricavit</strong></span> <span class='ocrx_word' id='word_1_191' title='bbox 883 2828 1148 2895; x_wconf 63' lang='lat' dir='ltr'><strong>calumniasFullerus,</strong></span> <span class='ocrx_word' id='word_1_192' title='bbox 1156 2842 1232 2892; x_wconf 85' lang='lat' dir='ltr'><strong>quem</strong></span> <span class='ocrx_word' id='word_1_193' title='bbox 1245 2841 1317 2889; x_wconf 75' lang='lat' dir='ltr'><strong>egre·</strong></span> 
     </span>
     <span class='ocr_line' id='line_1_25' title="bbox 215 2908 750 2976; baseline 0.007 -20"><span class='ocrx_word' id='word_1_194' title='bbox 215 2909 255 2969; x_wconf 74' lang='lat' dir='ltr'><strong>gis</strong></span> <span class='ocrx_word' id='word_1_195' title='bbox 266 2909 379 2958; x_wconf 79' lang='lat' dir='ltr'><strong>refutarit</strong></span> <span class='ocrx_word' id='word_1_196' title='bbox 389 2908 518 2973; x_wconf 87' lang='lat' dir='ltr'><strong>spiscopus</strong></span> <span class='ocrx_word' id='word_1_197' title='bbox 531 2909 750 2976; x_wconf 84' lang='lat' dir='ltr'><strong>Carolopolitanus.</strong></span> 
     </span>
    </p>
   </div>
   <div class='ocr_carea' id='block_1_5' title="bbox 250 2992 1139 3064">
    <p class='ocr_par' dir='ltr' id='par_1_7' title="bbox 250 2992 1139 3064">
     <span class='ocr_line' id='line_1_26' title="bbox 250 2992 1139 3064; baseline 0.007 -22"><span class='ocrx_word' id='word_1_198' title='bbox 250 2997 292 3060; x_wconf 72' lang='lat'><strong>(2)</strong></span> <span class='ocrx_word' id='word_1_199' title='bbox 313 2992 343 3041; x_wconf 82' lang='lat'><strong>0.</strong></span> <span class='ocrx_word' id='word_1_200' title='bbox 354 2993 375 3042; x_wconf 89' lang='lat' dir='ltr'><strong>si</strong></span> <span class='ocrx_word' id='word_1_201' title='bbox 388 2993 562 3047; x_wconf 78' lang='lat' dir='ltr'><strong>Romanorum·</strong></span> <span class='ocrx_word' id='word_1_202' title='bbox 575 2993 638 3046; x_wconf 81' lang='lat' dir='ltr'><strong>Dist.</strong></span> <span class='ocrx_word' id='word_1_203' title='bbox 650 2995 700 3045; x_wconf 84' lang='lat' dir='ltr'><strong>xix.</strong></span> <span class='ocrx_word' id='word_1_204' title='bbox 712 2995 768 3046; x_wconf 80' lang='lat' dir='ltr'><strong>ride</strong></span> <span class='ocrx_word' id='word_1_205' title='bbox 780 2995 808 3046; x_wconf 81' lang='lat'><strong>8.</strong></span> <span class='ocrx_word' id='word_1_206' title='bbox 823 2997 979 3064; x_wconf 82' lang='lat' dir='ltr'><strong>Alphonsum</strong></span> <span class='ocrx_word' id='word_1_207' title='bbox 991 2996 1031 3048; x_wconf 86' lang='lat' dir='ltr'><strong>l.i.</strong></span> <span class='ocrx_word' id='word_1_208' title='bbox 1043 3013 1069 3048; x_wconf 83' lang='lat' dir='ltr'><strong>n.</strong></span> <span class='ocrx_word' id='word_1_209' title='bbox 1083 2998 1139 3048; x_wconf 66' lang='lat' dir='ltr'><strong>tos</strong></span> 
     </span>
    </p>
   </div>
   <div class='ocr_carea' id='block_1_6' title="bbox 0 0 1376 4980">
    <p class='ocr_par' dir='ltr' id='par_1_8' title="bbox 0 0 1376 4980">
     <span class='ocr_line' id='line_1_27' title="bbox 0 0 1376 4980; baseline 0 0"><span class='ocrx_word' id='word_1_210' title='bbox 0 0 1376 4980; x_wconf 95' lang='lat' dir='ltr'><strong> </strong></span> 
     </span>
    </p>
   </div>
  </div>
 </body>
</html>
