2744 4980
223 396 280 458 DE
301 396 661 460 OBLIGATIONIBUS
682 401 974 463 CLERlCORUM.
1090 408 1149 465 345

96 569 146 624 39.
167 563 281 625 Debent
288 567 419 643 episcopi
428 568 558 627 omnium
568 576 701 626 virtutum
709 586 773 627 esse
786 569 936 646 exemplar
949 589 956 625 :
980 569 1045 627 “ln
1058 575 1150 630 omni·

53 664 109 722 bus
132 674 160 721 te
183 665 279 742 ipsum
301 665 397 742 praebe
418 666 583 741 exemplum
603 667 741 725 bonorum
763 659 930 744 operum.''¹
973 667 1150 747 “Exemplo

54 774 119 821 esto
133 762 261 822 fidelium
272 765 301 821 in
314 765 412 830 verbo,
426 763 457 822 in
471 766 697 832 conversatione,
712 766 741 822 in
760 768 885 833 caritate,
899 766 929 824 in
943 764 1009 833 lide,
1024 768 1054 825 in
1068 770 1148 827 casti·

56 852 164 919 tate.”⁸
203 860 349 935 Equidem
363 861 505 938 perfectos
518 880 652 922 essaeos
673 862 764 931 decet,
785 883 874 936 qurum
893 881 1013 922 munere
1033 868 1150 923 sanctis·

57 961 136 1018 sium
162 961 323 1036 sungantrn,
344 960 471 1036 magistri
490 961 644 1019 sanctitatis
666 963 818 1029 constituti,
833 973 862 1021 et
878 964 908 1021 in
929 971 1099 1038 perpetuum
1119 964 1154 1022 ad

55 1076 156 1117 curam
181 1058 340 1117 animarum
360 1057 503 1116 adstricti:
527 1058 719 1136 “episcopi''
740 1062 879 1134 iuquitS.
905 1060 1047 1129 Thomas,
1073 1063 1151 1120 “ob-

55 1156 147 1233 ligant
158 1175 191 1214 se
204 1155 240 1214 ad
252 1174 286 1213 ea
298 1174 362 1228 quoe
376 1166 444 1215 sunt
455 1156 647 1234 perfectionis,
669 1160 809 1233 pastorale
830 1169 1010 1218 assumentes
1023 1159 1151 1218 officium

55 1253 91 1312 ad
111 1253 191 1328 quod
212 1255 343 1332 pertinet,
356 1263 388 1312 ut
410 1255 533 1314 animam
553 1272 635 1314 suam
654 1268 743 1332 ponat
764 1268 859 1333 pastor
880 1275 932 1332 pro
954 1257 1055 1315 ovibus
1076 1259 1148 1323 suis,

55 1352 249 1413 sicutdicitur
267 1352 389 1411 loannis
402 1344 471 1411 x.”³
511 1353 560 1412 Ex
582 1353 628 1411 his
651 1353 732 1412 facile
753 1355 895 1432 colligitur
917 1354 1116 1430 episcopatum
1136 1374 1153 1411 a

56 1453 172 1510 nemina
185 1450 387 1529 appetendum,
401 1470 490 1524 quum
504 1452 671 1529 gravissima
692 1471 789 1511 secum
812 1454 882 1511 serat
901 1470 1000 1520 onera,
1014 1471 1079 1510 cum
1099 1470 1151 1529 po·

58 1546 166 1608 tecutis
179 1551 210 1608 in
222 1550 293 1608 alios
306 1551 454 1618 exercitio,
469 1551 515 1610 cui
527 1567 612 1608 nemo
625 1568 657 1607 se
671 1550 804 1609 idoneum
813 1551 940 1628 judicare
955 1550 1038 1609 debet
1049 1548 1074 1607 :⁴
1093 1569 1150 1610 non

56 1658 100 1706 est
113 1657 208 1707 tamen
221 1648 399 1724 pertinaciter
411 1647 593 1715 recusandus,
608 1649 633 1705 si
641 1651 773 1724 superior
785 1649 813 1706 id
827 1650 952 1707 muneris
966 1642 1121 1725 imponat.⁵

96 1751 148 1805 40.
170 1746 335 1806 Concilium
349 1746 575 1824 carthaginense
588 1747 627 1804 iv.
642 1748 747 1815 sanxit,
763 1756 782 1784 ‘⁶
793 1757 825 1806 ut
836 1748 990 1823 episcopus
1001 1765 1054 1823 pro
1069 1748 1152 1804 rebus

58 1845 228 1903 transitoriis
241 1864 299 1904 non
311 1846 403 1923 litiget
415 1837 634 1923 provocatus.”⁶
672 1847 805 1903 Attamen
824 1865 884 1903 sum
904 1847 1034 1904 ccclesia
1045 1846 1111 1921 jura
1123 1856 1151 1901 ct

56 1944 259 2021 possessiones
272 1943 524 2011 defenderedebot,
535 1961 625 2016 quum
638 1962 697 2002 sum
707 1944 775 2002 fidei
796 1945 962 2003 credantur:
983 1943 1035 2001 sed
1048 1944 1113 2019 paci
1126 1954 1154 1999 et

59 2041 221 2101 concordias
230 2044 387 2120 prasertim
396 2041 577 2101 studendum.
621 2049 641 2078 ‘⁴
652 2043 814 2103 Sacerdotis
825 2044 924 2119 procul
932 2042 1051 2111 dubio‚’'
1061 2041 1153 2114 inquit

57 2141 90 2198 8.
107 2141 268 2216 Gregorius
282 2143 326 2200 Μ.
343 2151 362 2178 “
374 2142 509 2201 convenit
521 2141 659 2218 gravitmi,
677 2150 709 2198 ut
721 2142 745 2198 si
759 2143 823 2215 quis
836 2142 966 2200 ecclesias
979 2159 1038 2198 suae
1052 2157 1151 2197 sarisas

58 2238 198 2305 hanseris,
211 2248 259 2296 aut
270 2240 388 2317 pacifica
402 2259 451 2297 eas
464 2238 653 2306 ordinatione,
667 2239 693 2296 si
706 2239 768 2296 lieri
780 2249 882 2314 potest,
897 2248 946 2298 aut
957 2249 1031 2295 certe
1041 2224 1152 2315 judiciis

57 2337 273 2406 interveniente,
293 2339 356 2395 sine
376 2356 455 2396 mora
478 2335 604 2403 deliniat,
627 2347 659 2393 ut
679 2336 787 2393 sublata
808 2356 824 2394 e
847 2336 942 2394 medio
963 2335 1152 2394 c'o‘ntentionis

57 2436 187 2500 materia,
202 2434 264 2494 sola
275 2436 318 2494 illi
330 2454 395 2494 oum
408 2435 475 2492 filiis
487 2436 549 2493 suis
562 2435 641 2510 pacis
655 2435 748 2509 possit
766 2430 918 2493 concordia
937 2425 1153 2509 permanere.'‘⁷

58 2533 93 2591 Si
107 2532 260 2606 aliquando
272 2534 301 2590 vi
323 2533 424 2592 cedere
445 2542 582 2607 oporteat,
604 2531 810 2607 providendum
831 2534 884 2590 erit
904 2550 940 2591 ne
954 2531 1153 2609 prejudicium

57 2631 123 2690 aliis
138 2630 204 2689 inde
216 2639 363 2699 nascamra
384 2630 533 2706 sicutipse
549 2631 705 2706 Gregorius
719 2648 772 2688 suo
787 2631 922 2706 exemplo
942 2648 996 2687 nos
1010 2629 1104 2697 docet,
1118 2628 1153 2685 ad

59 2730 188 2789 Italicam
211 2730 362 2788 Patriciam
385 2730 533 2787 scribens:
566 2729 714 2787 “Scimus
732 2729 934 2802 nosmetipsos,
955 2727 1073 2802 juvante
1096 2725 1155 2781 Do·

59 2829 150 2896 mino,
164 2845 312 2886 causarum
324 2827 422 2904 litigiis
442 2828 635 2885 ecclesiastica
654 2825 845 2883 moderatione
859 2840 1054 2898 compescere,
1069 2832 1163 2893 atque¹

58 2926 218 2985 secundum
231 2926 418 3002 apostolicum
437 2925 517 2984 illum
536 2943 665 2990 sensum,
689 2923 816 3001 rapinam
829 2923 970 2981 bonorum
991 2930 1152 2979 nostrorum

59 3044 128 3083 cum
141 3024 246 3103 gaudio
258 3027 409 3083 sustinere.
451 3023 510 3081 Sed
524 3023 593 3082 illud
606 3025 679 3081 scire
701 3042 752 3081 vos
772 3021 913 3088 volumus,
937 3020 1153 3078 taciturnitatem

58 3134 147 3197 atque
160 3125 323 3200 patientiam
336 3132 461 3182 nostram
481 3123 582 3181 suturis
595 3133 661 3197 post
672 3141 718 3181 me
738 3120 920 3199 pontificibus
941 3121 971 3178 in
984 3120 1069 3176 rebus
1085 3134 1152 3191 pau·

60 3241 163 3299 perum
177 3222 374 3299 praejudicium
388 3240 446 3281 non
459 3213 644 3280 facturam.’'⁸

273 3475 371 3550 §vlt
392 3475 440 3533 Dr
462 3491 663 3533 rasocuonuu
682 3486 945 3532 ostiosi-rourum.

103 3661 153 3714 tl.
175 3657 297 3717 Parochi
311 3658 414 3717 debent
427 3659 455 3715 in
469 3656 591 3734 paroecia
601 3663 761 3714 constanter
774 3655 907 3721 habitare,
922 3660 950 3709 et
963 3670 1052 3728 prope
1066 3650 1157 3707 eccle·

61 3756 147 3824 siam,
161 3757 186 3814 si
199 3756 261 3813 fieri
284 3757 385 3833 possit,
408 3765 439 3813 ut
458 3772 572 3832 semper
594 3754 682 3830 parati
703 3755 760 3811 sint
781 3755 842 3812 suis
864 3752 945 3828 sungi
968 3746 1153 3808 muneribus:

99 3943 142 4007 (1)
162 3941 213 3991 Tit.
227 3942 253 3992 ii.
264 3946 288 3990 7.
658 3940 700 4004 (2)
723 3941 733 3984 l
748 3937 814 3985 Tim.
826 3936 857 3984 iv.
872 3937 902 3981 ts

98 4025 138 4091 (3)
156 4026 181 4074 2.
191 4025 214 4075 2.
226 4042 267 4089 qn.
279 4026 384 4076 clxxxiv.
397 4035 439 4075 art.
452 4041 475 4075 v.
500 4025 574 4092 Κεφ.
655 4023 692 4088 (4)
712 4019 811 4078 ibidem,
822 4034 864 4082 qu.
874 4017 974 4067 clxxxv.
985 4021 1029 4063 art.
1043 4012 1057 4060 i.

99 4107 143 4174 (5)
163 4108 263 4168 ibidem,
275 4109 352 4158 artii.
653 4106 695 4168 (o)
716 4104 779 4152 Can.
790 4101 842 4151 xix.

99 4193 143 4256 (7)
164 4191 213 4256 Ep.
224 4192 281 4242 lviii.
293 4192 308 4241 l.
320 4192 369 4241 riis
380 4191 411 4241 sd
421 4190 575 4241 Bonifatium
587 4187 733 4250 Regiensem
751 4185 824 4250 spise.

99 4277 143 4343 (8)
164 4277 212 4343 sp.
224 4276 283 4328 lviii.
295 4277 311 4327 Ι.
323 4277 349 4327 ii.
383 4277 470 4327 indict.
481 4276 514 4326 xi.
