2744 4980
544 1353 759 1419 APPENDIX
781 1359 820 1418 11.

443 1565 482 1611 DE
504 1572 700 1614 momentote
720 1575 914 1615 vnrvruuotts.

182 1753 209 1806 l.
232 1748 329 1806 Iurrn
347 1750 491 1826 precipua
510 1751 695 1829 Regularium
713 1754 861 1831 privilegia
882 1764 1045 1813 recensetur
1066 1758 1230 1820 immunitas

132 1847 173 1903 ab
196 1847 394 1922 episcopomm
409 1848 627 1926 jurisdictione:
651 1860 683 1908 ut
702 1852 812 1910 scilieet
830 1854 861 1910 in
882 1870 971 1911 unum
993 1850 1096 1930 corpus
1119 1856 1229 1917 facilius

94 1990 96 1994 1
133 1945 341 2013 coalescerent,
356 1956 384 2004 ct
395 1949 541 2023 conjuncti
554 1967 607 2007 suo
620 1960 752 2008 uacarent
768 1952 832 2008 vitae
852 1952 989 2019 instituto,
1011 1955 1116 2011 summi
1134 1955 1230 2015 Ponti·

134 2043 209 2100 fiaes
224 2061 274 2101 eos
295 2043 496 2121 Superioribus
512 2048 596 2126 juxta
616 2047 761 2120 quodlibet
780 2049 938 2107 institutum
958 2050 1064 2119 electis,
1079 2053 1124 2110 vel
1137 2053 1229 2132 desig·

134 2142 225 2208 natis,
240 2141 389 2202 voluemnt
407 2155 515 2204 tanturn
534 2143 708 2223 subjacere.¹
749 2147 827 2206 Hinc
848 2156 867 2184 ¹⁴
879 2148 985 2223 praelati
1004 2150 1161 2226 Regularm
1180 2152 1229 2210 ha·

133 2241 206 2298 bent
218 2242 247 2299 in
257 2242 318 2300 suis
328 2243 457 2301 eeclesiis
467 2256 497 2301 et
505 2247 684 2304 monasteriis
693 2244 920 2322 jurisdictionem
932 2248 1014 2317 quasi
1023 2249 1227 2325 episcopalem,

136 2352 197 2397 tam
212 2338 306 2412 quoad
327 2359 475 2417 personas,
490 2362 576 2415 quam
599 2343 692 2416 quoad
714 2337 825 2402 locam
864 2346 898 2403 Si
920 2344 1054 2423 dubitatio
1076 2345 1112 2403 da
1135 2349 1230 2420 aliquo

135 2438 290 2515 privilegio
303 2440 416 2509 oriatur,
432 2442 579 2518 pontificia
597 2440 755 2501 dirimenda
773 2452 817 2500 est
835 2445 1008 2511 auctoritate,
1022 2445 1062 2502 uti
1076 2444 1228 2504 declaravit

136 2535 277 2595 Clemens
290 2536 344 2596 tv.
386 2539 575 2617 Exemptioni
594 2541 694 2599 cedere
716 2541 816 2613 nequit
835 2543 998 2614 qnisquam,
1018 2543 1059 2598 uti
1081 2542 1171 2615 liquet
1189 2563 1227 2603 ex

130 2638 199 2711 jure
212 2637 369 2694 canonico:
392 2647 411 2673 ‘⁶
422 2656 487 2697 cum
498 2640 551 2696 etsi
564 2650 665 2716 sponte
679 2640 813 2707 volueris,
824 2639 859 2698 de
868 2642 932 2716 jure
946 2650 1040 2697 tamen
1053 2643 1226 2712 nequiveris,

132 2736 200 2792 siue
212 2735 326 2793 licentia
338 2736 462 2794 Romani
481 2737 640 2804 Pontificio,
660 2739 819 2796 renuntiare
839 2737 996 2812 privilegiis
1016 2736 1060 2793 vel
1077 2738 1225 2816 indulgen·

133 2834 183 2889 tiis
197 2833 341 2900 libertatis,
356 2852 420 2907 quae
434 2837 637 2894 monasterium
650 2834 718 2892 illud
732 2834 857 2892 indicant
876 2831 970 2908 adjus
984 2845 1012 2890 et
1023 2838 1225 2911 proprietatem

133 2931 272 2990 Romane
294 2933 436 2991 Ecclesia
457 2926 648 3011 pertinere.”³
688 2931 880 3004 Exemptione
903 2930 1026 3006 gaudent
1044 2935 1129 2992 etiam
1155 2934 1226 2993 Ter·

133 3029 232 3097 tiorii,
249 3042 277 3088 et
289 3031 387 3088 famuli
400 3032 594 3108 Regularium,
610 3038 629 3064 “
639 3029 687 3100 qui
697 3039 759 3085 actu
774 3030 937 3086 serviuntet
950 3029 1020 3087 intra
1032 3049 1130 3092 eorum
1145 3046 1225 3112 septa

135 3147 167 3186 ac
181 3129 283 3186 domos
295 3128 429 3196 resident,
443 3131 551 3198 subque
564 3143 662 3184 eorum
675 3124 836 3184 obedientia
848 3124 995 3186 vivunt.’'⁴

171 3233 201 3284 2.
223 3228 399 3286 Monasteria
419 3229 448 3284 in
469 3227 571 3296 quibus
591 3222 743 3282 duodecim
763 3223 903 3300 Religiosi
924 3237 986 3282 actu
1006 3244 1065 3285 non
1087 3228 1221 3299 habitant,

130 3328 313 3402 exemptione
332 3342 390 3381 non
410 3322 542 3399 gaudent,
558 3323 642 3399 juxta
660 3321 693 3377 S.
716 3321 954 3397 Congregationis
974 3322 1100 3382 Concilii
1128 3327 1211 3387 decre

132 3435 192 3481 tum
204 3444 211 3479 ε
235 3433 255 3459 “
267 3422 410 3481 Ordinarii
422 3421 478 3479 loci
490 3421 656 3487 visitationi,
668 3420 846 3487 correctioni,
861 3430 945 3492 atque
958 3423 1128 3481 omnimodae
1138 3427 1221 3501 juris·
1231 3468 1246 3499 ,

130 3520 248 3579 dictioni
261 3522 327 3579 talia
346 3519 516 3578 monasteria
536 3528 627 3576 erecta
646 3517 751 3589 absque
771 3535 807 3575 eo
821 3517 895 3591 quod
916 3518 1066 3580 duodecim
1080 3522 1179 3583 fratres
1193 3529 1222 3588 in

163 3691 189 3753 (1
194 3697 205 3752 )
219 3686 258 3737 Da
270 3687 391 3738 Ordinum
402 3687 579 3750 Religiosorom
590 3686 745 3737 immunitato
762 3695 897 3752 opportune
908 3687 1078 3740 animadvertit
1088 3690 1204 3744 Morenus

126 3779 141 3806 ⁸
151 3771 204 3822 Fue'
217 3772 311 3835 preciso
322 3771 445 3821 eximirlas
454 3788 485 3821 en
498 3787 559 3834 gran
572 3781 638 3835 purte
649 3772 679 3821 de
688 3771 841 3822 lanutoridud
850 3771 881 3821 da
890 3773 926 3822 ios
935 3773 1039 3837 obispos,
1046 3791 1062 3839 y
1075 3776 1211 3828 subordine

127 3855 187 3903 cada
199 3869 249 3904 uno
259 3855 290 3904 ds
302 3855 338 3905 los
352 3871 453 3920 cucrpos
465 3871 512 3919 que
523 3855 582 3904 ollas
592 3855 687 3904 forman
698 3852 714 3902 d
727 3869 761 3904 un
771 3855 882 3919 superior
896 3854 1008 3920 gembl,
1019 3872 1067 3919 que
1078 3858 1134 3921 bajo
1145 3860 1168 3908 el
1179 3877 1209 3911 su

126 3954 211 4003 premo
223 3939 309 3990 Pastor
319 3940 350 3989 de
361 3940 418 3989 toda
430 3941 454 3990 la
465 3940 560 4002 Igleeis,
572 3940 596 3989 io
607 3940 715 3989 animare
733 3937 797 3997 todo,
809 3939 833 3987 to
845 3939 1011 4002 schemam
1024 3940 1046 3989 le
1057 3940 1123 3989 diase
1134 3957 1167 3991 un
1176 3943 1213 3994 im

125 4025 199 4087 pulso
210 4025 331 4074 uniforme
340 4022 395 4074 dcis
406 4025 428 4074 al
440 4024 475 4074 iin
487 4023 613 4075 intanudo
624 4039 668 4088 por
679 4024 716 4073 los
734 4031 818 4073 santos
829 4020 1010 4072 Fundedomt’
1026 4023 1133 4091 Emayo
1145 4026 1218 4084 rubra

126 4107 318 4175 drmprtmucio
327 4107 367 4159 ‹tet
378 4109 458 4173 Papo,
469 4107 635 4170 Limndbdl.

165 4191 207 4257 (2)
226 4192 253 4241 8.
266 4192 341 4258 Alph.
353 4194 367 4243 1.
377 4193 393 4243 i.
402 4209 457 4258 app.
470 4193 494 4242 ii.
504 4209 531 4243 n.
542 4194 567 4242 9.
669 4192 712 4256 (³)
731 4190 792 4256 Cap.
805 4189 872 4240 Com
883 4194 999 4257 tempore,
1010 4189 1040 4241 de
1051 4192 1152 4245 arbitris.

165 4276 207 4341 (4)
227 4275 296 4328 Trid.
308 4277 374 4326 Sors.
385 4278 454 4327 xxiv.
465 4277 495 4328 de
506 4276 560 4327 nat
569 4292 591 4326 c.
603 4276 636 4326 xi.
