2744 4980
198 414 237 468 82
465 409 523 470 DE
544 409 747 470 SECUNDO
767 407 1020 469 PRAECEP'I'O.

200 574 298 633 ‘Deus
306 574 450 633 testabitur
462 593 514 632 suo
529 575 676 651 tempore‚’
693 585 805 632 ‘coram
812 573 877 630 Deo
891 570 1013 646 loquor‚'
1029 569 1126 627 ‘Deus
1142 573 1221 629 norit
1233 589 1294 628 om·

198 673 265 742 uia‚’
278 674 460 732 ‘Deusvidet
469 693 563 733 meam
571 672 796 741 conscientiam,'
808 681 959 731 censentur
966 680 1073 728 tantum
1083 672 1221 728 narrative
1229 688 1294 746 pro·

198 774 275 841 ferri,
286 793 344 832 nou
357 773 514 832 invocativa
530 773 627 854 (atque
641 772 712 831 adeo
725 791 783 829 non
796 782 861 829 sunt
869 766 1054 849 juramenta),
1069 770 1125 827 nisi
1139 769 1215 827 aliud
1227 787 1293 826 con.

198 882 262 940 stet,
273 883 320 930 aut
326 873 544 929 circumstantiis
555 871 720 948 probetur,''
731 871 1025 943 inquitBusembaum
1036 868 1111 945 apud
1120 869 1152 925 S.
1165 868 1294 944 Alphou·

200 966 290 1028 sum.¹
331 970 413 1029 Idem
425 969 579 1028 dicendum
592 971 628 1027 de
641 970 763 1028 formula
775 970 823 1028 illa
842 988 905 1041 quae
919 969 1109 1027 communiter
1121 977 1292 1044 usurpatur:

201 1077 221 1104 ‘⁸
231 1068 297 1126 Deo
307 1066 452 1125 declaro.‘’
488 1078 507 1104 ‘⁶
520 1068 589 1126 Nou
599 1067 864 1147 suntjuramenta,”
879 1069 972 1146 pergit
981 1067 1185 1134 Busembaum‚
1200 1075 1219 1101 “
1230 1085 1293 1137 quac

202 1165 335 1225 dicuutur
348 1185 400 1242 per
418 1165 536 1225 modum
556 1169 738 1244 sponsionis;
758 1169 836 1225 verb.
856 1186 899 1243 gr.
922 1177 1057 1244 ‘expono
1077 1176 1161 1242 caput
1173 1164 1292 1232 meum,'

203 1274 401 1342 ‘amputentur
414 1267 485 1324 mihi
499 1285 590 1334 aures,
604 1269 635 1326 ui
648 1269 686 1325 ita
698 1265 766 1324 sit.”
810 1275 828 1301 “
841 1266 910 1324 Non
933 1277 1000 1324 suut
1017 1269 1187 1344 juramenta,
1203 1263 1295 1344 (quod

201 1364 366 1422 confessarii
386 1372 415 1420 et
433 1363 593 1421 catechism
613 1373 756 1432 moueant,
779 1382 816 1421 ne
838 1383 875 1421 ex
895 1384 1014 1423 enonea
1035 1365 1209 1423 conscientia
1230 1382 1296 1439 pec·

201 1458 302 1538 cetur)'
317 1479 393 1528 vere,
404 1471 490 1529 certe,
502 1464 664 1530 inveritate,
675 1461 807 1520 fidcboui
817 1464 881 1528 viri,
892 1482 943 1538 per
953 1463 1039 1522 fidem
1049 1463 1176 1522 meam.'‘
1198 1471 1217 1498 ‘⁶
1229 1463 1294 1520 Nec

200 1578 251 1637 per
264 1559 467 1617 conscientiam
480 1578 583 1627 meam,
597 1579 683 1637 super
696 1562 898 1619 conscientiam
912 1562 1038 1621 meam.”
1082 1570 1102 1597 ‘⁶
1112 1562 1184 1620 Item
1198 1562 1295 1619 dicere

202 1659 285 1736 ‘juro
298 1659 337 1715 ita
346 1656 431 1724 esse‚'
446 1677 504 1715 uon
517 1667 561 1715 est
572 1678 638 1716 vere
647 1661 851 1735 juramentum,
861 1662 929 1732 quia
938 1671 1004 1719 tnnc
1018 1680 1072 1719 nec
1080 1661 1228 1736 explicite,
1243 1679 1297 1720 nec

200 1756 337 1833 implicite
350 1756 479 1814 divinum
492 1757 686 1815 testimonium
706 1757 967 1833 imploratur-uisi
980 1762 1158 1836 precesserit
1174 1762 1298 1818 interro·

201 1855 277 1932 gatis
290 1855 326 1913 de
342 1848 576 1933 jurejurando.''²
616 1866 636 1892 “
647 1858 718 1915 Non
734 1858 811 1933 jurat
824 1861 873 1930 qni
887 1859 957 1915 dicit
968 1869 1025 1915 tam
1037 1877 1136 1915 verum
1150 1870 1194 1914 est
1207 1878 1295 1929 quam

201 1952 246 2010 sol
257 1954 343 2023 lucet,
358 1973 443 2028 quam
455 1953 503 2012 hic
522 1953 621 2023 sedeo,
641 1957 765 2024 ambulo,
780 1957 859 2016 Μ’
902 1952 1071 2023 “Quamvis
1085 1956 1129 2014 hae
1143 1965 1172 2013 et
1184 1957 1296 2014 similes

201 2054 448 2129 comparationes:
470 2063 526 2111 tam
539 2073 637 2113 verum
651 2066 704 2123 est,
723 2075 809 2127 quam
829 2056 910 2114 Deus
931 2065 984 2123 est,
999 2074 1084 2128 quam
1104 2054 1238 2113 Christus
1252 2065 1297 2113 est

201 2151 232 2210 in
245 2153 399 2211 venerabili
406 2153 601 2222 Sacramenta,
612 2173 696 2226 quam
711 2172 810 2212 verum
819 2154 1297 2232 estEvangclium—communiter

202 2250 351 2311 videantur
363 2253 507 2311 continere
517 2254 711 2329 juramentum
725 2273 791 2312 cum
799 2255 990 2332 blasphemia,
1005 2253 1034 2310 id
1048 2265 1214 2334 tamennon
1227 2254 1295 2310 satis

204 2360 331 2428 apparet,
345 2353 413 2424 quia
430 2351 524 2410 nullus
538 2353 567 2410 in
583 2361 684 2410 testem
697 2353 853 2411 invocatur.
896 2355 1000 2425 Neque
1014 2354 1123 2412 videtur
1140 2372 1203 2410 esse
1223 2354 1296 2411 blas·

201 2450 327 2526 phemia‚
341 2451 367 2508 si
379 2452 417 2508 sit
424 2469 534 2519 verum,
544 2460 573 2509 ct
582 2453 694 2509 animus
704 2452 874 2529 proferentis
882 2453 919 2509 sit
926 2453 1086 2528 significare
1097 2462 1204 2511 tantum
1217 2452 1297 2510 simi·

200 2547 360 2615 litudinem,
373 2558 519 2608 utsensus
532 2553 579 2618 sit,
600 2550 655 2608 hoc
669 2570 768 2610 vcmm
788 2571 851 2609 csse
871 2551 1062 2619 solummodo,
1083 2553 1158 2611 sicut
1177 2552 1294 2609 altemm

202 2657 246 2706 est
265 2666 363 2706 vemm
384 2666 437 2706 suo
456 2647 665 2706 modo-Non
688 2658 732 2706 est
748 2651 954 2726 juramentum,
976 2668 1042 2708 curn
1066 2650 1129 2721 quis
1148 2651 1225 2726 jurat
1244 2667 1297 2724 per

203 2755 354 2814 creaturas,
368 2748 399 2806 in
421 2747 524 2819 quibus
544 2747 616 2805 nihil
638 2746 742 2805 divina)
762 2749 895 2806 bonitatis
918 2749 1079 2823 specialiter
1098 2749 1205 2806 clucet:
1229 2749 1296 2820 quia

204 2856 271 2905 tunc
284 2865 342 2904 nou
355 2856 507 2904 censentur
519 2845 621 2903 adduci
632 2865 697 2904 cum
710 2846 846 2906 relatione
860 2847 896 2905 ad
908 2846 1022 2906 Deum:
1043 2849 1106 2906 utsi
1116 2847 1212 2906 deas:
1229 2847 1297 2923 juro

203 2961 255 3019 per
267 2944 340 3001 hanc
352 2943 478 3013 herbam,
494 2953 613 3012 vestem,
629 2940 724 3002 ὅιο.”3

243 3042 478 3100 esturmenta
502 3043 578 3099 varic
612 3042 829 3120 distinguuntur,
857 3046 986 3116 quamvis
1021 3046 1130 3119 speciei
1165 3042 1297 3121 ejusdem

204 3141 300 3197 omnia
320 3140 385 3207 sint,
405 3140 489 3216 juxta
501 3141 726 3198 communiorem
745 3143 922 3199 sententiam.
964 3141 1160 3200 Juramentum
1183 3140 1298 3212 aliquod

206 3239 299 3295 verbis
325 3238 497 3297 declaratur:
528 3237 604 3296 aliud
629 3239 737 3296 actione
764 3239 858 3311 aliqua
881 3239 1040 3308 exhibetur,
1067 3259 1094 3297 v.
1122 3260 1158 3316 g:
1180 3258 1297 3297 manum

205 3334 352 3404 elevando,
376 3337 422 3395 vel
444 3337 603 3415 Evangelia
623 3337 788 3407 osculando,
809 3338 856 3394 vel
877 3357 911 3395 ea
933 3357 1018 3395 manu
1040 3339 1197 3415 tangendo:
1221 3337 1298 3396 aliud

206 3436 299 3491 verbis
312 3444 341 3492 et
353 3437 463 3494 actione
483 3437 568 3495 simul
588 3437 763 3512 exprimitur.
805 3438 956 3496 Invocatur
975 3456 1190 3510 nonnumquam
1204 3436 1296 3504 Deus,

205 3532 375 3608 simpliciter
387 3544 418 3591 ut
437 3537 534 3593 testis:
556 3536 624 3593 alias
644 3544 676 3591 ut
688 3535 792 3593 vindex
815 3536 964 3605 mendacii,
979 3538 1157 3595 execratione
1177 3537 1296 3612 prolata.

206 3628 378 3688 Communis
392 3632 440 3690 illa
454 3634 570 3710 jurandi
582 3634 722 3693 formula:
747 3636 828 3694 “Sic
847 3654 894 3693 mc
908 3635 988 3693 Deus
1002 3636 1147 3713 adjuvet‚'’
1168 3655 1298 3694 exsecra·

205 3729 311 3787 tionem
324 3729 452 3798 includit,
466 3734 603 3793 auxilium
616 3736 726 3792 scilicet
739 3732 865 3794 divinum
879 3755 938 3794 uon
951 3735 1074 3794 dandum
1089 3744 1230 3812 optamus,
1241 3735 1297 3792 nisi

206 3829 307 3886 nerins
321 3829 404 3888 dictis
423 3840 542 3890 constet
584 3834 634 3891 Sic
656 3835 740 3892 etiam
761 3835 1002 3893 exsecrationibus
1025 3834 1207 3893 accensenda
1230 3844 1298 3892 sunt

206 3945 292 3986 voces
305 3928 485 4007 hujusmodi:
507 3933 605 4008 puniat
616 3951 665 3991 me
684 3932 784 4000 Deus;
805 3934 889 3991 saciat
908 3935 998 4003 Deus,
1013 3944 1045 3991 ut
1063 3934 1131 3991 hinc
1150 3953 1297 4007 nunquam

205 4043 292 4083 sanus
302 4046 426 4104 surgam,
435 4029 513 4088 tollat
521 4031 656 4090 mchus
665 4032 925 4090 subitaneamorte:
941 4034 970 4091 in
981 4043 1116 4090 aeternum
1127 4051 1173 4090 me
1183 4032 1299 4091 damnet

205 4121 297 4183 Deus.
339 4125 485 4187 Ceterum
511 4130 537 4187 si
556 4129 612 4188 Dei
634 4149 740 4190 nornen
762 4140 895 4200 taceatur,
909 4141 1029 4210 possunt
1048 4131 1084 4190 ad
1108 4133 1297 4210 sponsionem

308 4310 351 4375 (1)
369 4307 400 4359 L.
412 4309 446 4359 iii
457 4326 483 4360 ιι.
497 4310 552 4372 134,
563 4315 587 4363 5.
928 4317 967 4382 (2)
987 4316 1087 4378 ibidem,
1099 4335 1125 4369 ιι.
1139 4320 1195 4366 136.

391 4394 434 4459 (3)
454 4393 621 4450 Buaembaurn
631 4397 696 4465 apud
707 4397 733 4447 S.
744 4399 890 4465 Alphonal.
902 4399 937 4450 iii.
946 4415 972 4451 ιι.
987 4400 1042 4462 137,
1056 4401 1110 4452 138.
