2744 4980
285 406 342 470 DE
362 404 517 471 busun
533 402 734 509 flVlLlffli
754 406 1059 473 onmnrtontt.
1159 420 1219 475 2⁷⁶

125 571 304 638 discrimine,
316 571 396 629 cives
408 570 486 631 enim
503 570 605 648 jubent
623 590 700 631 anne
717 589 817 648 gerere
837 573 972 633 adversus
992 574 1099 644 hostes,
1114 586 1142 634 et
1152 592 1225 656 sup·

125 670 254 748 peditare
268 668 405 728 subsidio.
447 669 506 727 Sed
526 669 654 729 duriores
668 681 734 730 sunt
745 672 835 748 leges,
854 673 956 747 quibus
969 691 1043 750 pene
1057 683 1132 733 totus
1144 675 1220 735 lebo-

125 771 166 828 ris
179 768 286 829 frustm
300 768 410 828 colonis
423 768 555 831 auiertur.

165 872 218 927 25.
238 868 345 926 Pennas
358 886 423 942 quse
436 867 619 927 violatoribus
638 867 736 946 legum
749 870 924 930 intentantur
935 887 1020 929 nemo
1037 869 1132 930 subire
1145 881 1221 934 tene

124 976 183 1035 tur,
196 966 254 1026 nisi
264 976 329 1043 post
337 965 444 1043 judicis
454 968 634 1033 sententiam,
649 967 749 1027 ordine
758 967 933 1045 judiciorum
946 979 1078 1029 servato:
1094 972 1132 1030 ita
1144 973 1221 1032 enim

123 1064 184 1124 sert
195 1063 380 1124 consuetudo.
409 1064 495 1130 Quod
508 1065 533 1123 si
545 1066 714 1140 gravissima
726 1068 765 1124 sit
775 1085 870 1144 poena,
884 1085 912 1123 v.
926 1085 962 1143 g:
984 1078 1142 1128 extremum
1155 1088 1222 1148 sup-

126 1164 257 1239 plicium,
271 1181 367 1222 carcer
386 1161 546 1231 diuturnus,
560 1164 691 1233 exilium,
711 1166 852 1224 bonorum
871 1165 1045 1234 confiscatio,
1063 1168 1221 1244 culpandus

125 1280 187 1321 non
200 1263 254 1321 erit
269 1263 322 1335 qui
335 1263 488 1321 occasione
501 1263 591 1322 utimr
606 1274 638 1321 nt
649 1282 712 1323 enm
732 1234 852 1322 evadoss
873 1281 927 1321 nec
939 1267 1017 1324 enim
1031 1267 1152 1338 quisque
1165 1262 1239 1333 nst*

125 1371 243 1419 coactus
256 1379 320 1419 eam
335 1361 394 1437 pati
406 1361 587 1438 intelligitur,
623 1361 729 1421 Meritd
741 1362 828 1437 igitur
839 1360 907 1419 dicit
918 1361 1022 1421 Petrus
1031 1362 1128 1422 Dens:
1151 1367 1223 1426 “ni-

127 1460 184 1517 mis
198 1458 300 1517 durum
320 1468 349 1518 et
368 1459 557 1519 inhnmanum
578 1460 660 1528 foret,
681 1461 708 1520 si
729 1459 793 1533 quis
812 1458 896 1518 bonis
915 1460 975 1518 suis
997 1472 1079 1520 antea
1097 1462 1222 1538 legitime

124 1559 277 1630 acquisitis
291 1568 433 1616 teneretur
444 1559 573 1636 seipsum
586 1552 758 1634 spoliare.''¹
799 1558 847 1617 Eo
868 1559 959 1634 magis
972 1559 1069 1619 licebit
1081 1572 1146 1620 ente
1159 1581 1223 1622 sen·
1247 1598 1251 1604 ·

126 1657 247 1714 tentiam
260 1654 389 1715 advocati
403 1658 544 1734 operanti
557 1655 593 1717 ud
608 1655 819 1717 damnationem
838 1655 1044 1716 declinandum.
1086 1659 1222 1722 Leviores

125 1764 224 1814 autem
245 1773 354 1833 penes,
375 1755 473 1828 quoles
494 1766 559 1815 sunt
578 1757 702 1824 mulctes,
734 1754 839 1814 debent
866 1756 966 1823 subiri,
989 1758 1130 1816 sententia
1147 1760 1221 1818 lata:

128 1872 197 1912 nam
209 1855 241 1912 in
253 1871 284 1912 re
296 1852 372 1914 bend
386 1853 457 1913 adeo
471 1853 557 1914 ardua
569 1874 628 1914 non
642 1862 686 1912 est
698 1852 905 1930 expectandum
918 1865 951 1913 ut
962 1856 1005 1913 vis
1019 1856 1133 1932 publica
1145 1857 1225 1918 edhi-

125 1954 237 2011 beatur.
278 1953 337 2019 Qui
349 1963 444 2012 autem
467 1963 545 2012 aetus
567 1954 638 2013 irriti
651 1954 762 2030 legibus
782 1952 960 2012 declarantur
972 1955 1002 2012 in
1021 1972 1145 2030 poenam,
1165 1974 1225 2016 non

126 2062 198 2110 sunt
210 2050 368 2110 necessarid
382 2051 505 2111 habendi
519 2053 588 2111 irriti
606 2054 636 2111 in
654 2052 831 2112 conscientie
849 2062 913 2110 ante
922 2052 1030 2129 judicis
1044 2055 1223 2124 sententiam,

127 2151 154 2207 si
168 2150 287 2223 requitas
300 2151 342 2208 eis
355 2150 482 2223 alioquin
494 2151 605 2217 faveat;
628 2170 694 2210 nam
708 2169 824 2228 poenam
842 2169 927 2210 nemo
941 2152 997 2210 nisi
1009 2169 1074 2210 reus
1089 2165 1222 2212 meretur.

126 2247 182 2306 sed
195 2249 341 2306 sententie
354 2249 606 2326 obtemperandum
619 2261 672 2318 est,
692 2269 728 2308 ne
744 2247 875 2325 judicum
888 2249 1054 2308 authoritate
1070 2251 1224 2309 vilescente

125 2345 200 2404 ordo
212 2348 344 2422 publicus
358 2348 493 2406 turbetur.

169 2448 221 2504 26.
242 2445 330 2523 Legis
356 2446 449 2504 civilis
475 2446 665 2523 interpretatio
686 2445 848 2504 authentica
873 2456 925 2513 est,
953 2462 1016 2517 qua
1042 2447 1225 2507 tribunalium

128 2562 331 2622 supremorum
344 2545 491 2604 sententiis
505 2539 628 2602 nititur?
666 2542 842 2603 Doctrinalis
855 2544 1046 2619 interpretatio
1059 2544 1134 2602 fitea
1142 2548 1226 2621 juxte

130 2643 356 2719 principiaque
377 2641 444 2701 dum
464 2643 499 2699 de
518 2641 629 2719 legibus
649 2641 849 2700 ecclesiasticis
875 2651 1003 2717 ageretur
1019 2645 1224 2703 recensuimus.

129 2741 326 2817 Dispensandi
345 2750 469 2818 potestas
489 2743 598 2799 nemini
618 2741 764 2816 competit,
787 2739 843 2814 ipsi
863 2740 941 2798 enim
964 2738 1176 2798 Gubernatores
1197 2752 1226 2798 et

128 2840 242 2898 Praeses
253 2841 416 2899 executioni
429 2841 525 2916 legum
540 2838 799 2916 invigilaredebent,
809 2836 878 2908 quin
892 2836 1014 2906 aliquem
1024 2836 1060 2893 iis
1070 2837 1223 2914 subtrahat

129 2950 304 3016 quapropter
317 2941 343 2997 si
357 2956 402 2997 res
416 2939 512 3015 exigat
523 2937 728 3013 indulgentiam
742 2935 907 3009 specialem,
918 2943 1017 2991 acoetu
1027 2933 1121 3010 legem
1135 2936 1225 2995 seren·

131 3040 205 3096 tium
224 3037 345 3115 petenda
371 3047 424 3106 est,
448 3047 477 3095 et
494 3038 558 3114 lege
579 3033 764 3095 decernenda.
806 3030 856 3089 Ex
876 3050 933 3105 quo
946 3030 1071 3091 Jacobus
1084 3033 1124 3093 11.
1139 3052 1227 3111 regno

133 3137 247 3212 Angliae
261 3155 402 3195 excussus
416 3147 468 3203 est,
479 3137 541 3194 haee
550 3131 733 3206 dispensandi
747 3138 872 3208 potestas
885 3131 955 3206 ipsis
968 3132 1082 3207 regibus
1096 3133 1130 3190 eb
1144 3133 1227 3192 Aulis

128 3234 303 3312 denegatur:
324 3253 410 3308 quern
425 3235 599 3311 precipuum
614 3230 736 3289 fructum
750 3229 829 3304 regni
838 3229 929 3286 eversi
938 3230 1054 3306 jactant.

171 3339 221 3393 27.
243 3331 429 3391 Consuetudo
454 3331 513 3387 vim
531 3329 603 3405 legis
624 3329 732 3386 obtinet
751 3324 864 3398 quando
885 3325 985 3403 adjus
1005 3344 1157 3384 commune
1181 3345 1224 3385 re·
1281 3330 1297 3347 '’

130 3433 229 3500 fertur,
243 3432 352 3489 scilicet
364 3426 399 3485 ad
417 3429 490 3505 juris
513 3427 654 3504 principia
676 3442 791 3500 semper
809 3423 912 3500 agnita,
926 3434 954 3481 et
972 3425 1002 3481 in
1016 3424 1143 3500 regulam
1152 3426 1228 3501 judi·

130 3531 241 3588 ciorum
254 3536 415 3587 constanter
427 3537 581 3602 assumpta.
624 3524 714 3582 Nulla
726 3532 820 3582 autem
831 3522 874 3579 vis
888 3532 932 3580 est
940 3522 1153 3583 consuetudinis
1164 3543 1227 3598 qum

129 3629 190 3704 legi
202 3629 314 3704 scriptae
328 3625 500 3692 adversatur,
510 3626 595 3701 juxta
608 3642 693 3696 quam
701 3621 814 3700 judices
824 3623 1114 3698 sempersententiam
1124 3621 1226 3684 serunt.

131 3725 193 3784 Sed
206 3725 357 3799 aliquando
380 3725 512 3788 omnium
532 3722 619 3781 veluti
632 3720 812 3782 conniventia
831 3722 881 3780 lex
901 3721 1065 3798 negligitur,
1081 3722 1121 3778 uti
1136 3740 1229 3798 nuper

132 3825 288 3900 contigisse
302 3823 337 3881 de
351 3820 550 3898 chirographis
563 3822 695 3896 superius
711 3820 867 3878 retulimus.
910 3819 1036 3895 Speeiali
1056 3821 1086 3876 in
1100 3837 1168 3876 casu
1180 3819 1230 3878 lex

167 4027 210 4091 (t)
224 4025 306 4076 Trsct.
318 4025 349 4076 de
360 4025 463 4087 legibus,
474 4041 514 4088 qu.
526 4039 549 4072 v.
557 4039 583 4074 n.
595 4024 637 4071 39.
648 4023 682 4071 vi.

170 4113 212 4176 (2)
232 4111 363 4161 “ludiciel
374 4109 495 4159 decisione
507 4108 536 4157 oi
548 4107 591 4156 the
609 4105 708 4168 highest
724 4103 838 4163 tribuenti,
850 4103 882 4166 by
894 4102 936 4152 the
947 4103 1040 4152 known
1051 4116 1136 4154 course
1148 4105 1177 4154 of
1190 4105 1231 4156 'tbs

132 4210 248 4245 common
266 4196 321 4255 loir,
332 4209 373 4244 ere
384 4190 524 4243 considered
537 4206 564 4240 u
573 4188 733 4251 srtobhsbing
746 4185 787 4238 the
804 4194 859 4237 uus
873 4185 1041 4236 consuetiori
1053 4186 1082 4237 oi
1094 4185 1136 4240 the
1147 4189 1231 4240 lrvvs.”

132 4277 215 4343 Story,
229 4279 327 4329 Comm.
334 4278 352 4329 1.
363 4277 397 4328 iii
408 4291 430 4326 c.
441 4276 473 4326 iv.
484 4277 499 4334 §
511 4272 566 4323 377.
