2766 4996
532 1148 674 1207 CAPUT
694 1151 748 1209 lt'.

511 1376 549 1415 DS
572 1377 769 1419 reuocatam.

131 1571 180 1624 27.
196 1565 388 1624 Iasonium
402 1565 533 1640 quadam
543 1566 706 1635 vincibilis,
719 1568 849 1641 quaedam
858 1564 1045 1626 invincibilis
1060 1566 1177 1626 dicitur:

89 1664 143 1721 sed
156 1683 219 1737 quae
233 1664 306 1721 fiunt
318 1683 354 1722 ex
367 1666 497 1723 alterutra
509 1666 664 1724 voluntaria
679 1685 736 1724 non
757 1678 833 1734 sunt,
848 1667 904 1723 nisi
925 1665 1019 1723 forsan
1033 1666 1063 1722 in
1083 1685 1177 1733 causa,

88 1765 116 1820 si
131 1763 288 1839 ignorantia
301 1764 375 1823 vinci
392 1765 524 1841 potuerit,
544 1773 546 1778 ’
564 1764 610 1822 Ea
631 1765 717 1841 igitur
737 1766 894 1842 ignorantia
914 1763 1056 1821 vincibilis
1077 1763 1179 1822 dicitur

90 1879 158 1934 quae
172 1862 255 1918 vitari
269 1862 361 1935 potuit
372 1882 404 1919 ac
415 1862 522 1928 debuit,
536 1865 679 1920 consuetis
693 1861 729 1918 ad
750 1864 895 1919 veritatem
917 1859 1102 1934 detegendam
1116 1863 1179 1917 sub-

91 1957 178 2015 sidiis
192 1955 331 2016 adhibitis.
370 1960 546 2020 invincibilis
560 1960 662 2019 dicitur
682 1980 746 2033 quae
768 1960 827 2018 tolli
841 1977 899 2015 non
920 1958 1021 2035 potuit,
1036 1956 1182 2036 diligentia

92 2056 340 2135 debitairnpensa.
379 2058 463 2117 Hanc
484 2058 568 2135 culpa
588 2079 686 2117 vacare
708 2070 826 2127 constat,
840 2076 929 2130 quum
943 2057 1094 2115 voluntatis
1115 2077 1181 2117 con·

91 2174 219 2224 sensum,
242 2157 348 2230 absque
369 2177 427 2231 quo
448 2169 597 2235 peccatum
619 2171 751 2227 nonest,
776 2159 863 2224 tollat,
885 2167 1058 2233 quapropter
1081 2157 1181 2216 meriti

91 2253 161 2313 dicit
182 2254 214 2311 S.
236 2255 385 2315 Thomas:
416 2258 522 2314 “nulla
542 2258 701 2334 ignorantia
724 2255 895 2315 invincibilis
918 2264 962 2311 cst
984 2253 1180 2330 peccatum.”¹

92 2353 247 2410 Vincibilis
260 2355 416 2431 ignorantia
429 2356 474 2412 vel
490 2367 534 2412 est
546 2354 698 2432 affictam,
720 2354 833 2429 quando
853 2354 963 2412 scilicet
975 2352 1040 2426 quis
1051 2353 1180 2413 consultd

93 2452 199 2509 omittit
210 2451 383 2530 diligentiam
397 2454 590 2528 studiumque,
612 2473 648 2512 ne
662 2475 714 2514 sua
733 2472 851 2513 munera
870 2453 979 2520 discat;
1001 2450 1046 2508 vel
1059 2453 1180 2530 supino,

93 2550 205 2621 quando
218 2553 337 2629 negligit
350 2554 502 2625 inquirere,
517 2552 599 2610 taedio
610 2553 725 2622 laboris,
740 2554 785 2610 vel
807 2555 926 2610 incuria.
967 2550 1078 2609 Psaltes
1099 2551 1183 2609 affee-

93 2661 176 2707 tatam
189 2650 273 2726 impii
286 2653 475 2728 ignorantiam
491 2652 602 2709 videtur
621 2650 825 2730 descripsisse:
850 2652 970 2709 “noluit
982 2649 1139 2727 intelligere
1153 2663 1183 2707 ut

92 2747 163 2805 bene
184 2743 329 2823 ageret.''²
354 2750 400 2808 De
422 2750 548 2843 vigrcibili
569 2751 728 2828 ignorantia
747 2752 845 2809 scribit
864 2751 1059 2826 Augustinus:
1084 2748 1182 2804 “Non

92 2845 142 2903 tibi
155 2846 305 2922 deputatur
313 2847 349 2906 ad
360 2849 473 2925 culpam
484 2848 559 2920 quod
571 2851 674 2907 invitus
685 2853 808 2928 ignoras,
822 2847 872 2906 sed
887 2846 962 2919 quod
972 2844 1094 2921 negligis
1108 2863 1183 2918 qure-

92 2961 153 3022 rerc
167 2946 243 3017 quod
255 2941 418 3025 ignoras.'‘³
457 2948 615 3019 Utramque
628 2947 763 3007 describit
783 2947 815 3004 S.
831 2945 978 3004 Thomas:
1003 2953 1022 2979 ‘⁶
1033 2942 1184 3022 Contingit

92 3052 186 3100 autem
200 3046 382 3120 quandoque,
396 3045 473 3119 quod
494 3048 557 3105 talis
572 3048 730 3124 ignorantia
749 3046 854 3105 directe
868 3055 896 3102 et
908 3062 960 3122 per
972 3062 1003 3101 se
1024 3054 1068 3101 est
1081 3045 1180 3103 volun·

93 3143 178 3199 taria:
201 3145 277 3203 siout
289 3164 354 3203 cum
367 3146 469 3218 aliquis
482 3164 534 3203 sua
546 3156 647 3222 sponte
661 3148 752 3205 nescit
765 3143 881 3218 aliquid,
892 3155 924 3202 ut
934 3143 1051 3200 liberius
1065 3154 1182 3218 peccet:

91 3251 120 3295 et
134 3241 197 3297 talis
211 3243 367 3318 ignorantia
388 3243 498 3303 videtur
518 3263 622 3322 augere
642 3245 830 3303 voluntarium
851 3254 880 3299 et
900 3252 1067 3318 peccatum:
1091 3258 1127 3295 ex
1143 3243 1185 3297 in·

93 3339 220 3395 tentione
234 3341 310 3397 enim
323 3343 472 3401 voluntatis
485 3342 520 3399 ad
541 3340 717 3418 peccandum
739 3341 880 3415 provenit,
901 3336 978 3408 quod
1000 3335 1102 3406 aliquis
1124 3335 1183 3393 vult

52 3430 63 3449 '
92 3436 189 3494 subire
202 3439 365 3515 ignorantie
378 3441 513 3499 damnum
527 3449 643 3516 propter
653 3438 811 3497 libertatem
824 3433 970 3514 peccandi.
1005 3432 1183 3506 Quandoque

92 3553 159 3593 vero
172 3536 340 3613 ignorantia,
352 3559 414 3612 quae
428 3549 472 3596 est
484 3558 569 3597 eausa
582 3540 702 3615 peccati,
713 3558 771 3597 uon
784 3549 828 3596 est
840 3537 945 3595 directe
956 3534 1121 3602 voluntaria,
1133 3535 1183 3592 sed

91 3632 238 3703 indirecte,
260 3636 305 3694 vel
326 3657 377 3715 per
397 3637 547 3697 accidens:
571 3648 639 3715 puta
651 3658 716 3696 cum
737 3639 841 3710 aliquis
862 3655 920 3695 non
936 3634 996 3693 vult
1015 3632 1140 3691 laborare
1153 3636 1183 3692 in

91 3732 196 3800 studio,
210 3753 247 3793 ex
261 3754 320 3809 quo
333 3736 462 3809 sequitur
473 3754 540 3795 eum
560 3755 623 3794 esse
645 3739 839 3814 ignorantem:
864 3734 909 3792 vel
928 3753 993 3793 eum
1008 3732 1111 3806 aliquis
1125 3733 1184 3790 vult

91 3830 187 3888 bibere
200 3835 299 3892 vinum
308 3833 503 3901 immoderate,
524 3854 561 3892 ex
581 3853 639 3908 quo
659 3837 787 3908 sequitur
807 3854 874 3894 eum
888 3833 1028 3897 inebriari,
1040 3843 1069 3887 et
1080 3828 1184 3886 discre-

92 3930 168 3987 tione
181 3950 294 3989 carere:
317 3945 346 3991 et
359 3933 421 3990 talis
435 3934 593 4010 ignorantia
606 3933 739 3993 diminuit
751 3932 950 3996 voluntarium,
972 3940 1000 3986 et
1020 3946 1071 4002 per
1085 3943 1183 3983 consc-

91 4047 183 4101 quens
196 4042 356 4106 peccatum.
393 4030 470 4088 Oum
483 4034 560 4092 enim
573 4032 680 4105 aliquid
693 4052 750 4092 non
761 4033 941 4108 cognoscitur
950 4043 1013 4082 esse
1025 4035 1182 4101 peccatum,

127 4196 169 4263 (r)
184 4197 477 4262 inquinavere
495 4199 570 4266 rap.

127 4294 170 4359 (a)
185 4294 228 4344 ra
239 4310 318 4346 mv.
332 4297 356 4346 i.
368 4297 434 4348 uel.
448 4297 534 4347 ma
546 4254 691 4391 atgaggi)
710 4263 875 4390 5⁸02!qu
887 4266 990 4384 bqr-3.

128 4402 171 4466 (a)
184 4399 215 4451 a.
226 4401 261 4451 nr.
272 4401 303 4452 aa
314 4403 357 4453 rra.
368 4405 417 4454 us.
429 4420 450 4454 a
466 4404 520 4454 xix.
