2766 4996
291 420 347 480 DE
368 421 544 481 JEJUNlO
558 419 616 480 ΕΤ
629 419 930 481 ABSTINENTIA.
1090 428 1149 482 217

61 602 91 645 et
104 605 139 644 ea
152 585 306 646 relaxanda
319 589 365 654 sit,
376 589 487 661 quotics
498 586 596 644 fideles
610 589 640 646 in
653 588 688 645 iis
701 604 795 645 rerum
808 586 947 664 adjunctis
961 601 1116 658 versentur,
1126 592 1155 647 in

61 687 169 759 quibus
183 687 232 743 vix
245 704 308 744 eam
322 704 434 744 servare
447 687 577 764 possint:
600 696 714 762 prestat
732 687 809 744 enim
829 685 958 745 facultate
971 685 1156 764 dispensandi

62 788 115 852 uti,
130 803 216 858 quam
230 802 280 843 eos
294 785 445 844 manifesto
451 784 609 844 discrimini
619 782 742 843 violandi
751 783 843 861 legem
854 787 988 862 objicere.
1010 785 1155 849 Caeterum

62 887 149 943 etiam
162 884 230 944 dum
245 885 435 943 confessarius
449 883 523 942 hanc
536 885 695 959 impertitur
707 880 959 958 dispensationem,
974 903 1012 943 ex
1025 885 1153 944 facultate

61 985 117 1042 sibi
131 1003 277 1052 concessa,
291 983 396 1042 hortari
410 985 580 1059 prenitentes
596 983 688 1059 Juvat,
702 990 733 1037 ut
744 998 778 1039 ea
791 1000 875 1059 parce
887 984 1006 1042 omnino
1018 978 1154 1042 utantur.¹

100 1171 143 1233 (l)
162 1169 227 1219 Setis
238 1170 338 1219 feliciter
349 1168 408 1218 dicit
419 1168 527 1232 Tnylor:
544 1165 631 1216 “This
642 1166 742 1217 cantion
754 1167 815 1217 isos
828 1183 872 1217 uss
883 1167 909 1217 in
921 1169 962 1219 the
974 1168 1114 1232 injunction
1133 1170 1160 1216 ot

61 1255 155 1316 tasting
165 1255 234 1318 days,
253 1254 302 1304 and
314 1253 422 1303 externe!
434 1262 485 1302 sets
496 1252 524 1301 oi
537 1252 716 1310 mortificanda,
727 1250 809 1300 which
820 1268 860 1301 nm
871 1252 959 1302 indeed
970 1252 1055 1302 effecte
1074 1254 1102 1302 os
1116 1253 1157 1301 the

62 1340 111 1389 law
120 1338 150 1388 oi
161 1338 251 1397 Christ,
262 1340 306 1388 but
317 1337 359 1386 the
370 1352 493 1387 messuros
503 1336 532 1385 os
545 1335 612 1386 thus
624 1336 684 1386 lm
694 1351 735 1385 nro
746 1344 771 1385 to
787 1337 817 1385 bs
825 1335 887 1386 such
899 1352 926 1386 ns
936 1338 1029 1388 consist
1040 1337 1100 1386 with
1112 1336 1154 1386 the

63 1432 132 1485 great
144 1422 231 1472 endor
244 1423 286 1471 the
297 1424 364 1481 lens,
376 1420 429 1471 thnt
439 1422 462 1470 is
472 1436 553 1485 morey
566 1420 614 1470 and
626 1420 731 1470 internnl
751 1419 889 1483 mugient’
923 1420 1016 1471 Ductor
1037 1420 1156 1471 Dubirrn·

63 1509 137 1567 tium,
148 1508 195 1557 in
208 1524 229 1556 c.
241 1508 276 1557 iit.
287 1524 312 1572 p.
322 1509 381 1556 436.
