2766 4996
218 454 277 510 284
612 446 670 506 DE
690 445 913 507 Pncctt'ts.

221 614 341 675 morrhae
355 612 557 689 multiplicatus
569 622 624 680 est,
634 622 663 670 et
671 623 820 690 peccatum
832 630 931 673 eorum
939 623 1127 691 aggrammm
1133 607 1314 676 estnimis.’'¹

218 714 339 791 lnjurias
361 713 531 789 pauperihus
554 711 655 780 illatas,
669 713 825 789 prasertim
844 711 938 771 vidua
960 721 990 771 et
1007 712 1133 790 pupillo,
1149 732 1182 772 se
1195 716 1313 774 ulturum

198 790 349 880 bruatur,
366 811 489 871 clamore
503 830 602 870 eorum
616 810 702 870 veluti
714 812 886 871 excitatum:
908 820 927 847 ‘⁶
938 811 973 872 Si
991 811 1124 883 lenum
1137 831 1202 882 eos,
1216 814 1312 872 vocife-

218 910 398 979 rabuntursd
409 929 466 980 me,
483 921 512 968 et
521 929 576 987 ego
589 909 701 969 audiam
714 911 868 969 clamorem
880 904 1031 972 eorum.”²
1071 909 1235 988 Operarios
1242 915 1313 991 justa

219 1009 349 1069 mercede
372 1009 513 1069 fraudatos
536 1011 689 1069 clamantes
710 1029 742 1067 se
762 1009 923 1070 ardinnam
941 1010 1052 1069 innuit:
1075 1010 1190 1070 “Eece
1210 1029 1312 1070 meroes

218 1110 467 1188 operariorumqni
478 1091 658 1168 massue'runt
666 1110 797 1186 regiones
806 1119 925 1179 assuas,
934 1128 997 1183 qua
1006 1107 1137 1167 fraudata
1143 1120 1189 1168 est
1199 1131 1218 1168 a
1226 1110 1311 1177 vobis,

219 1210 340 1271 clamat:
361 1219 390 1266 et
402 1209 508 1267 elamor
520 1228 619 1268 eorum
632 1210 663 1266 in
676 1227 756 1267 aures
770 1207 890 1268 Domini
902 1207 1020 1267 sabaoth
1032 1203 1214 1268 intmivit.”⁸

258 1314 287 1366 8.
308 1307 438 1367 Peccata
454 1315 559 1366 contro
576 1305 726 1385 Spiritum
749 1305 897 1368 Sanctum
916 1306 1078 1385 specialiter
1096 1306 1235 1367 dicuntur
1254 1326 1312 1381 qus

218 1405 323 1465 divina
335 1408 430 1482 gratis
444 1407 568 1464 maxime
582 1406 773 1474 adversantur,
787 1417 816 1465 et
828 1405 935 1465 aditum
948 1404 984 1464 ad
992 1406 1109 1464 veniam
1123 1407 1216 1466 veluti
1226 1405 1312 1492 occlu-

218 1504 298 1565 dunt.
338 1502 541 1581 Praesumptio
556 1503 591 1563 dc
604 1502 664 1562 Dei
675 1503 895 1574 misericordia,
909 1524 965 1578 qua
983 1503 1073 1563 homo
1089 1505 1120 1563 in
1134 1515 1253 1582 peccata
1264 1505 1315 1563 ruit

218 1622 358 1681 preceps,
371 1603 483 1661 venum
496 1605 550 1662 sibi
563 1603 683 1662 fidenter
695 1604 844 1679 pollicens,
859 1622 945 1677 quem
966 1612 1064 1662 monet
1082 1621 1165 1662 sacer
1177 1605 1312 1682 scriptor:

219 1704 299 1762 “Ne
312 1701 409 1761 dicas:
432 1701 581 1763 Miseratio
603 1702 722 1762 Domini
744 1722 847 1780 magna
865 1712 919 1771 est,
932 1701 1123 1760 multitudinis
1136 1714 1313 1779 peccatorum

219 1822 348 1862 meorum
362 1803 540 1862 miserebitur
550 1799 597 1870 ;”⁴
615 1814 645 1861 et
657 1801 833 1879 desperatio,
847 1821 914 1875 qua,
928 1819 981 1878 spe
993 1802 1108 1877 penitus
1122 1801 1244 1878 abjecta,
1252 1801 1312 1874 quis

219 1921 250 1960 se
264 1902 461 1979 cupiditatibus
472 1901 558 1968 dedit:
569 1903 708 1960 contraria
715 1902 824 1960 ratione
837 1901 960 1977 Spiritus
974 1900 1074 1959 Sancti
1086 1901 1209 1976 gratiam
1222 1899 1312 1958 exutu-

218 1999 267 2057 dit.
289 1998 405 2057 Fideles
419 1999 544 2058 hortatur
557 1999 712 2076 Apostolus
726 2019 761 2058 ne
775 2000 919 2058 ambulent
929 1999 1109 2058 ethnioonnu
1123 1999 1224 2067 instar,
1238 1997 1312 2070 “qui

216 2096 409 2175 desperantes,
424 2099 593 2175 semetipsos
608 2097 780 2157 tradiderunt
792 2099 985 2175 impudicitiae,
995 2098 1026 2156 in
1045 2099 1244 2176 operationem
1263 2097 1311 2154 im·

218 2195 481 2266 ussatidamma,
496 2198 525 2256 in
535 2192 728 2257 avaritiam.'’⁸
759 2197 1231 2276 Impugnotiocgnt'taeoeritotis
1241 2198 1311 2256 obex

217 2307 262 2354 est
270 2299 366 2374 gratie
377 2298 571 2373 gravissimus,
582 2299 632 2357 vix
644 2317 772 2371 unquam
785 2296 979 2375 superandus:
993 2295 1029 2354 de
1042 2315 1077 2355 ea
1085 2298 1195 2374 quippe
1204 2297 1310 2355 locutus

217 2405 261 2452 est
282 2395 425 2462 Christus,
448 2415 498 2454 eos
519 2415 640 2473 arguens
660 2399 709 2469 qui
729 2408 827 2455 contra
845 2415 941 2456 rerum
966 2394 1138 2455 evidentiam
1165 2397 1238 2455 mira
1262 2413 1310 2452 sua

216 2510 302 2566 opera
312 2490 492 2550 demoniaca
506 2495 600 2551 virtuti
614 2495 789 2552 tribuebant:
805 2505 825 2531 ⁶‘
837 2496 932 2556 Omne
942 2505 1089 2571 peecatum
1097 2507 1127 2552 et
1134 2494 1310 2570 blasphemia

217 2591 373 2647 remittetur
387 2590 560 2659 hominibus,
575 2592 699 2667 Spiritus
713 2605 806 2652 autem
820 2594 999 2670 blasphemia
1011 2613 1069 2652 non
1083 2595 1251 2652 remittetur.
1272 2591 1310 2650 Et

218 2691 389 2763 quicumque
403 2689 506 2749 dixerit
518 2693 634 2751 verbum
649 2701 745 2750 conus
757 2693 848 2752 filium
869 2694 1005 2761 hominis,
1019 2693 1177 2752 remitoetm
1197 2694 1243 2750 ei:
1264 2675 1310 2763 qui

104 2862 107 2869 Ι
218 2800 311 2848 autem
324 2789 426 2849 dixerit
439 2802 535 2849 contra
548 2792 685 2868 Spiritum
701 2792 848 2861 Sanctum,
863 2813 922 2851 non
934 2793 1092 2850 remittetur
1111 2793 1148 2860 ei,
1170 2809 1263 2864 neque
1282 2791 1309 2847 iu

217 2887 273 2946 hoc
288 2889 402 2956 saeculo,
417 2909 509 2963 neque
519 2881 701 2950 infuturo.”⁶
742 2892 807 2951 Hos
818 2893 961 2950 imitantur
975 2891 1132 2968 “magistri
1148 2890 1308 2955 mendaces,

218 2988 269 3058 qni
282 2987 463 3045 introducunt
474 3000 565 3046 sectas
577 2987 794 3064 perditionis,”⁷
817 2991 979 3049 “homines
1000 2989 1126 3066 corrupti
1144 3000 1250 3058 mente,
1270 3006 1308 3047 re

217 3083 307 3172 probi·
323 3086 398 3143 circa
418 3081 552 3144 fidem.''⁸
596 3087 767 3149 obstinatio
790 3109 889 3149 eorum
909 3091 957 3162 qui
980 3088 1081 3146 nolunt
1101 3088 1260 3166 intelligere
1280 3101 1309 3146 ut

217 3184 289 3243 bene
303 3196 395 3263 egam,
417 3198 445 3244 et
457 3185 587 3245 consultd
601 3188 733 3265 rejiciunt
744 3189 871 3248 subsidia
890 3187 926 3246 ad
945 3188 1076 3256 salutem,
1090 3197 1135 3244 est
1147 3189 1232 3246 etiam
1246 3205 1308 3264 pec·

216 3296 309 3344 catum
322 3286 445 3363 speciale
459 3298 557 3345 contra
569 3286 696 3346 divinum
717 3289 866 3366 Spiritum.
908 3287 1025 3345 Judaos
1039 3288 1202 3363 pertinaciae
1213 3305 1307 3364 argute·

216 3384 264 3441 bat
276 3386 449 3463 Stephanus,
465 3386 551 3445 veluti
565 3387 683 3463 Spiritui
694 3387 799 3446 Sancto
812 3400 1020 3465 repugnantes:
1043 3394 1062 3420 “
1071 3385 1153 3443 Dura
1165 3388 1274 3445 cervice
1283 3396 1308 3442 et

217 3483 423 3542 incircumcisis
437 3484 567 3543 cordibus
584 3495 613 3541 et
631 3488 756 3554 auribus,
777 3507 828 3546 uos
848 3505 963 3563 semper
975 3485 1095 3562 Spiritui
1109 3485 1217 3545 Sancto
1229 3486 1308 3544 resis

217 3573 324 3634 titis.’'⁹
365 3579 489 3638 Inuidia
510 3583 581 3640 boni
600 3584 772 3659 spiritualia
792 3585 919 3645 atterius
933 3604 989 3658 qua
1008 3584 1072 3656 quis
1093 3583 1201 3642 invidet
1214 3585 1307 3643 aliena

216 3677 320 3743 virtuti,
335 3678 445 3737 obicem
460 3681 554 3753 gratia
569 3681 693 3756 Spiritus
708 3684 804 3742 Sancti
813 3685 919 3762 objicit.
961 3681 1307 3763 Impoem'tentiofinolin

217 3795 273 3849 qua
282 3777 346 3850 quis
360 3796 376 3835 e
390 3777 447 3834 vita
460 3775 572 3836 decedit
584 3792 703 3855 peccato
717 3782 868 3850 inhaerens,
883 3785 1026 3842 interitum
1041 3780 1151 3840 inducit
1163 3794 1306 3842 aternum.

217 3875 262 3935 De
271 3897 305 3936 ea
316 3879 461 3956 explicant
470 3878 568 3954 plures
578 3878 647 3938 illud
657 3881 676 3939 J
678 3881 779 3939 oannis
790 3901 798 3939 :
815 3891 834 3917 “
844 3893 889 3940 est
898 3890 1046 3960 peccatum
1059 3880 1096 3939 ad
1108 3892 1244 3953 mortem,
1254 3901 1308 3941 non

216 3995 267 4052 pro
280 3978 329 4038 illo
342 3979 405 4038 dico
419 3990 450 4036 ut
462 3989 543 4056 roget
555 3974 681 4053 quis.”¹⁰

386 4134 428 4198 (l)
449 4134 512 4183 Gen.
525 4134 591 4184 xviii.
605 4137 646 4184 20.
877 4134 919 4199 (9)
938 4134 1020 4184 nxou.
1032 4135 1092 4185 nii.
1104 4135 1145 4185 2³.

382 4221 424 4284 (3)
444 4220 496 4269 Jac.
509 4237 532 4269 v.
541 4223 564 4269 4.
870 4223 912 4287 (d)
932 4222 999 4271 Eecl.
1013 4224 1046 4271 vi.
1058 4225 1082 4272 6.

380 4305 421 4367 (5)
442 4303 507 4367 pr.
518 4304 551 4353 iv.
564 4307 602 4355 lo.
873 4308 911 4370 (br
930 4306 1000 4356 Mau
1010 4306 1052 4357 rii.
1061 4309 1102 4356 31.

382 4387 424 4449 (7)
444 4388 460 4436 2
473 4386 526 4437 Pet.
537 4388 563 4437 li.
575 4389 597 4438 l.
868 4393 909 4458 (8)
924 4395 939 4440 2
951 4391 1018 4441 Tim.
1030 4391 1066 4441 iii.
1077 4393 1100 4443 Β.

381 4471 423 4535 (0)
443 4470 500 4520 Act.
511 4469 601 4520 viibl.
868 4477 928 4542 (to)
952 4479 962 4524 1
977 4476 1048 4527 Josn·
1060 4491 1083 4528 v.
1096 4475 1135 4525 lb.
