2744 4980
161 433 217 496 nn
239 432 600 515 onnronrronreus
620 432 775 494 nucum
795 434 853 494 nr
874 397 1073 494 minirum.
1115 434 1174 492 sor

78 602 211 674 aliaque
231 599 363 659 dicuntur
376 608 607 679 strategemata,
628 611 660 659 nt
677 600 768 659 hostis
788 602 928 660 incautius
948 620 979 659 se
999 621 1112 680 gerens,
1127 601 1173 660 rel

79 701 226 776 deceptus,
247 695 390 757 vincatur:
412 700 473 758 hcc
495 700 604 759 scilicet
616 719 654 758 ex
673 700 878 758 consuetudine
900 701 1092 777 intelliguntur
1104 719 1170 759 esse

78 811 154 858 artes
168 800 313 867 militares,
329 799 431 872 quibus
444 800 470 856 ei
483 800 547 871 quis
567 797 685 866 sallamr,
706 801 758 858 eibi
781 801 920 876 imputare
934 799 1026 858 debet.
1067 799 1170 858 Fidem

77 909 172 956 autem
186 897 314 956 hostibus
336 897 430 955 datam
450 898 608 956 nullatenus
628 897 756 974 frangere
775 898 860 966 licet;
880 909 928 956 aut
946 898 1069 957 bellandi
1083 899 1165 957 ratio-

79 1017 147 1056 nem
163 1016 247 1069 qnam
262 1005 375 1053 servant
387 1005 485 1072 gentes
503 1015 613 1064 omnes,
627 996 743 1054 violare.

123 1101 189 1153 150.
212 1096 321 1153 Milites
335 1094 399 1152 duci
413 1094 526 1153 obedire
540 1095 644 1152 debent
656 1096 687 1153 in
706 1095 845 1152 universis
865 1114 928 1168 quae
942 1104 1073 1173 spectant
1094 1096 1168 1154 mili·

79 1196 158 1262 tiam,
173 1195 252 1251 salva
264 1193 361 1251 divina
382 1195 456 1271 lege.
499 1193 568 1251 ideo
588 1193 692 1251 debent
710 1195 859 1252 stationem
879 1212 1000 1263 servare,
1020 1193 1169 1253 inimicum

78 1293 205 1370 aggredi,
227 1304 255 1350 et
275 1292 381 1351 fortiter
394 1309 530 1369 pugnare,
544 1311 609 1351 cum
629 1294 693 1351 ritae
713 1293 897 1350 discrimine:
919 1304 1063 1366 nequeunt
1075 1302 1169 1351 antem

77 1392 185 1465 aliquid
199 1393 302 1468 injussi
322 1391 424 1459 iacere,
447 1392 515 1449 licet
536 1391 566 1449 in
588 1410 704 1450 suorum
725 1388 874 1450 utilitatem
894 1402 922 1448 et
940 1392 1066 1451 hostium
1087 1391 1170 1451 detri-

78 1501 217 1559 mentum,
241 1511 306 1549 nam
330 1500 444 1566 praestat
468 1500 499 1549 ut
524 1501 651 1548 servetur
672 1490 822 1567 disciplina
844 1492 1013 1559 necessaria,
1028 1510 1113 1564 qnam
1139 1500 1170 1550 ut

78 1591 194 1649 arbitrio
214 1591 420 1667 cujuscumque
443 1590 547 1648 utilitas
567 1598 784 1661 queranrcum
804 1588 899 1647 damni
919 1591 1056 1666 periculo.
1099 1589 1170 1648 Pec-

78 1699 144 1747 cant
166 1699 260 1747 antem
282 1689 331 1762 qni
354 1698 450 1746 contra
475 1687 555 1747 ducis
581 1689 699 1747 vetitum
727 1687 862 1746 damnum
896 1683 1051 1757 hostibus,¹
1079 1689 1169 1747 multo

77 1790 171 1866 magis
184 1790 234 1861 qui
248 1788 412 1847 concivibus
431 1787 501 1855 suis,
516 1787 562 1845 vel
574 1786 651 1863 genti
670 1788 768 1846 amicte
788 1786 921 1845 inserunt.
964 1787 1016 1845 Nil
1028 1797 1108 1845 extra
1121 1807 1167 1845 ve·

77 1889 155 1945 niam
168 1887 247 1945 ducis
268 1887 372 1945 debent
393 1886 513 1953 auferre,
534 1888 698 1959 neminique
718 1884 790 1944 ultra
808 1885 933 1945 bellandi
951 1887 1094 1945 licentiam
1108 1888 1166 1944 vim

77 1986 181 2044 facere.
223 1985 413 2044 “Neminem
432 1985 631 2053 concutiatis,'’
646 1985 792 2058 inquiebat
803 1983 942 2052 Joannes,
962 1985 1099 2044 militibus
1119 1988 1164 2045 sui

77 2086 204 2143 muneris
220 2086 325 2144 limites
346 2076 485 2154 indicans,
506 2094 526 2121 “
538 2103 630 2159 neque
650 2084 821 2143 calumniam
841 2084 968 2142 faciatis:
990 2095 1019 2143 et
1037 2086 1161 2144 contenti

77 2192 168 2242 estote
182 2183 331 2262 stipendiis
348 2178 498 2243 vestrie.”²

120 2288 187 2342 151.
209 2283 319 2343 Milites
333 2283 458 2356 quisine
476 2283 592 2343 licentia
611 2282 691 2341 ducis
710 2281 859 2340 discedunt
879 2280 914 2340 ad
928 2288 1040 2360 tempus
1062 2284 1097 2341 ab
1116 2302 1166 2342 ex·

76 2385 165 2442 ercitu
175 2392 316 2460 peccent:
338 2383 388 2456 qui
402 2393 496 2442 autem
509 2384 623 2461 penitus
637 2391 727 2440 castre
745 2379 879 2439 deserunt
896 2382 1033 2460 gravioris
1055 2384 1166 2460 peccati

75 2482 117 2540 rei
131 2493 206 2551 sunt,
219 2491 249 2540 et
261 2499 351 2559 poenae
372 2483 546 2559 gravissime
567 2483 693 2540 obnoxii.
736 2479 880 2539 Oaetemm
901 2481 950 2554 qui
966 2482 1027 2559 jam
1041 2500 1058 2540 e
1072 2492 1166 2560 potes·

75 2591 132 2639 tate
145 2578 225 2640 ducis
239 2590 399 2649 evasemnt,
413 2591 441 2639 et
454 2579 507 2640 alit
528 2582 729 2659 migraverunt,
750 2580 873 2657 cogendi
887 2598 945 2639 non
959 2592 1026 2638 sunt
1039 2582 1073 2638 ad
1087 2581 1165 2639 rede·

73 2679 194 2748 undum,
208 2699 296 2753 quum
311 2689 386 2738 tanta
405 2699 455 2739 eos
475 2690 587 2739 maneat
599 2699 692 2756 poena,
713 2697 797 2751 quam
817 2697 902 2737 nemo
915 2689 1017 2754 sponte
1030 2681 1087 2756 pati
1100 2699 1165 2738 oen·

74 2779 181 2838 sendus
194 2789 246 2837 est.
269 2780 477 2838 Poeniterrtibne
488 2781 572 2857 igitur
585 2779 620 2837 de
631 2777 686 2835 fide
700 2777 785 2834 fracta
794 2779 877 2835 venia
889 2776 1050 2854 indulgetur
1060 2779 1165 2853 absque

75 2876 183 2937 reditus
196 2879 374 2937 necessitate.

116 2983 183 3036 152.
214 2979 248 3036 In
270 2976 344 3036 bello
367 2977 516 3035 manifeste
539 2978 644 3053 injusto
666 2993 724 3033 non
745 2975 814 3032 licet
835 2973 975 3052 stipendia
998 2975 1108 3034 secere:
1134 2986 1162 3035 at

72 3086 112 3135 tot
125 3097 189 3135 esee
203 3087 323 3155 possunt
335 3077 456 3135 rationes
470 3096 520 3134 cur
531 3077 638 3134 bellum
650 3075 726 3133 licite
739 3084 860 3150 geratur,
875 3075 1005 3146 quamvis
1019 3093 1056 3133 cx
1070 3077 1158 3152 injus·

72 3176 132 3233 titia
144 3177 239 3235 forsan
258 3177 372 3234 occasio
392 3177 454 3252 ejus
474 3177 511 3234 sit
530 3184 599 3242 orta,
620 3184 652 3231 ut
671 3174 839 3250 plerumque
861 3181 1034 3233 excusantur
1055 3174 1159 3232 milites

74 3275 138 3334 duci
153 3276 389 3351 obtemperantes.

109 3465 148 3526 (l)
167 3462 229 3527 Gap.
243 3461 324 3521 Miles,
336 3461 408 3511 xxiii.
421 3476 461 3525 qu.
472 3475 496 3511 s.

107 3546 146 3612 (2)
159 3546 265 3596 Lucili.
280 3547 318 3594 14.
351 3549 601 3615 μηδεωόιασεισηη,
618 3545 678 3613 preda
696 3555 901 3612 συκοφαυτησῃε.
931 3543 960 3594 ln
978 3543 1077 3594 verbum
1095 3545 1162 3610 prius

70 3632 152 3682 scribit
171 3631 332 3682 Blonmfield:
350 3640 365 3664 ‘⁴
376 3633 397 3683 lt
413 3633 434 3683 is
452 3635 590 3698 equivalent
607 3643 641 3692 to,
658 3631 706 3682 and
730 3630 817 3681 indeed
837 3631 928 3680 formed
945 3631 1007 3680 from
1028 3631 1070 3680 the
1086 3631 1160 3682 Latin

67 3717 294 3799 commitereswlrich
306 3718 351 3767 bas
362 3719 423 3768 been
434 3719 522 3783 proved
535 3727 559 3768 to
577 3718 691 3768 burethe
703 3715 865 3776 signification
883 3726 925 3765 ‘to
936 3725 1014 3765 extort
1026 3731 1113 3779 money
1129 3718 1160 3779 by

67 3804 121 3854 diat
130 3805 158 3854 ol
172 3801 278 3854 rhrmn’
306 3814 428 3861 Διασειειν
440 3807 539 3870 imports
548 3805 670 3854 extortion
681 3806 711 3868 by
723 3803 814 3853 threate
824 3802 853 3851 of
866 3799 983 3859 violeum
1002 3814 1158 3866 συκοφατειν

67 3889 120 3939 tbnt
132 3891 163 3952 by
176 3889 267 3940 threats
277 3891 306 3940 ol
320 3895 406 3958 nnjust
417 3891 563 3948 accusation,
572 3890 629 3939 salec
638 3885 820 3938 information.”
