2744 4980
335 456 393 517 DE
413 456 624 521 Pnocffls
644 460 934 523 enarremus.
1103 474 1162 530 80⁶

68 634 111 680 ter
123 625 261 682 irascatur
273 624 400 692 interius,
420 625 466 683 vel
476 626 504 682 si
523 627 609 686 nimis
629 628 754 686 eatenus
770 630 931 688 manifestet
942 632 1026 708 signa
1043 635 1112 691 ire:
1133 646 1162 694 ct

64 723 109 780 sic
121 724 165 781 ira
177 723 336 782 secundum
349 742 381 780 se
394 742 452 783 non
464 723 551 783 habet
562 725 598 783 de
612 744 665 785 suo
683 745 787 803 genere
805 729 944 788 rationem
957 733 1065 806 peccati
1084 751 1160 793 rnor-

66 822 148 889 elin
169 832 263 899 potest
279 832 373 881 nmen
386 824 560 901 contingere,
575 825 652 897 quod
671 826 709 883 sit
725 836 873 903 poeeamm
895 829 1029 889 mortale:
1051 841 1119 908 pute
1132 837 1158 893 si

63 937 103 977 ex
117 922 297 979 vehementia
315 923 363 979 irae
384 922 488 995 aliquis
507 923 621 982 excidat
640 944 658 981 a
675 923 828 985 dilectione
850 926 908 985 Dei
929 938 960 986 et
980 928 1153 1006 proximi.'’¹

66 1017 168 1094 Ipsum
185 1021 348 1078 interiorem
361 1022 409 1078 irm
425 1033 534 1079 motum
554 1022 704 1096 aliquando
719 1043 835 1102 gravem
853 1045 918 1085 esse
931 1027 1044 1104 culpam
1057 1030 1156 1090 meritd

65 1119 176 1196 colligit
195 1119 235 1177 D.
249 1119 380 1177 Thomas
401 1137 440 1177 ex
462 1121 555 1178 verbis
576 1120 686 1180 Christi
703 1124 846 1201 judicium
868 1127 982 1184 minans
1002 1128 1087 1196 irato3
1107 1129 1159 1187 sed

65 1217 263 1275 animadvertit
275 1236 439 1277 sermonem
452 1219 491 1278 ibi
500 1238 564 1278 esse
575 1219 732 1280 deiracnm
740 1225 839 1281 mortis
852 1224 1006 1282 inserendas
1017 1227 1159 1286 vuluntate

63 1317 237 1392 eotijnncta:
257 1316 452 1375 “Dicendum
470 1318 548 1392 quod
570 1318 714 1378 Dominus
733 1323 849 1379 verbum
872 1323 941 1380 illud
964 1321 1036 1382 dixit
1057 1324 1093 1382 de
1106 1328 1157 1392 irs,

64 1416 148 1487 qnasi
161 1415 353 1492 superaddens
367 1415 403 1474 ad
415 1417 485 1476 illud
507 1420 624 1476 verbum
645 1418 737 1495 legis:
759 1421 836 1488 ‘Qui
860 1421 1004 1488 occiderit,
1027 1441 1093 1481 reus
1106 1425 1159 1483 erit

59 1513 195 1589 judicio!
238 1514 323 1573 Unde
335 1516 461 1587 loquitur
477 1517 516 1574 ibi
532 1517 676 1576 Dominus
687 1517 724 1576 de
737 1529 816 1578 motu
835 1519 894 1588 ire,
908 1521 939 1578 in
958 1539 1017 1594 qno
1028 1524 1096 1594 quis
1108 1541 1157 1600 ap

61 1613 135 1689 petit
147 1615 270 1690 proximi
278 1616 464 1682 occisionem,
477 1627 527 1673 aut
539 1635 748 1689 quamcumque
759 1637 874 1695 gravem
882 1618 1040 1688 lesionem,
1051 1623 1097 1679 cui
1108 1640 1156 1699 ap·

63 1712 167 1787 petina
180 1714 204 1771 si
218 1731 377 1772 consensus
391 1715 507 1772 redonis
519 1716 709 1791 superveniat,
722 1717 828 1788 absqm
841 1716 926 1775 dnbio
945 1720 999 1776 erit
1011 1729 1157 1795 peccatum

64 1804 237 1870 mortale.”²

105 1915 156 1970 bt.
177 1911 257 1968 Filia
280 1913 327 1970 ira
351 1911 481 1970 dicuntur
500 1913 573 1979 rixa,
598 1921 691 1969 tumor
703 1914 817 1980 mentis,
838 1914 1018 1982 contumelia,
1039 1915 1155 1984 clamor,

62 2009 223 2085 indignatio
235 2020 265 2067 et
276 2009 463 2087 blasphemia.
507 2011 582 2069 Rixa
601 2029 639 2069 cx
662 2029 765 2088 genere
787 2030 841 2070 suo
861 2014 986 2071 mortalis
1005 2013 1154 2089 estculpa‚

63 2119 228 2166 recensetur
246 2112 323 2167 enim
342 2111 416 2169 inter
435 2120 633 2186 peccataque
658 2110 814 2169 excludunt
839 2129 962 2187 aregno
982 2112 1119 2170 emiorum
1130 2109 1155 2170 :³

62 2206 218 2279 aliquando
232 2218 326 2267 tamen
340 2220 384 2266 est
396 2210 527 2275 venialis,
542 2208 656 2280 quando
675 2210 786 2267 scilicet
804 2210 870 2282 quis
889 2211 969 2268 alteri
981 2210 1084 2268 inserte
1097 2229 1155 2270 non

62 2305 125 2364 vult
137 2325 251 2383 gravem
264 2308 407 2384 injuriam,
420 2309 461 2366 nti
475 2309 571 2384 pueris
591 2309 740 2384 contingit,
753 2307 801 2365 vel
820 2308 935 2380 quando
954 2311 1020 2380 quis
1040 2310 1098 2367 vim
1111 2327 1154 2368 re·

63 2405 179 2480 pellens
191 2424 249 2464 non
262 2406 345 2465 valde
357 2406 472 2465 excedit
490 2407 662 2483 inculpatam
686 2408 731 2465 sni
745 2407 879 2465 tutelam:
901 2416 920 2443 ‘⁶
932 2406 965 2465 ln
985 2425 1021 2464 eo
1040 2407 1156 2478 quidem

62 2505 115 2576 qni
138 2506 256 2564 alterum
278 2505 387 2564 invadit
406 2507 521 2582 injuste,
544 2517 589 2563 est
610 2515 758 2580 peccatine
781 2506 907 2563 mortale.
949 2505 1057 2563 lnserre
1075 2508 1154 2565 enim

62 2615 267 2662 nocumentum
281 2607 416 2682 proximu
429 2607 514 2662 etiam
534 2622 622 2681 opere
641 2605 776 2671 manuali,
791 2622 848 2661 non
869 2612 912 2661 est
925 2604 1031 2677 absque
1045 2605 1156 2664 mortali

63 2714 192 2777 peccato.
234 2703 268 2762 ln
285 2723 320 2762 eo
334 2714 427 2761 autem
450 2705 500 2776 qui
512 2722 543 2760 se
557 2701 683 2761 defendit
702 2712 796 2778 potest
816 2720 881 2759 esse
899 2704 962 2759 sine
986 2715 1112 2777 peccato,
1126 2713 1154 2760 et

61 2801 236 2874 quandoque
255 2821 321 2861 cnm
342 2811 459 2879 peccato
479 2802 592 2868 veniali,
614 2811 643 2858 et
667 2799 837 2873 quandoque
857 2818 922 2856 curn
946 2811 1062 2876 peceato
1081 2818 1156 2858 rnor-

65 2897 163 2957 tali.’'⁴

104 3003 155 3055 58.
177 2998 223 3056 De
235 3000 409 3058 contumelia
421 2999 583 3075 specialiter
591 2995 753 3055 dicendum.
789 2996 972 3055 Contumelia
984 3006 1028 3055 est
1040 2997 1156 3056 honoris
1194 3038 1203 3053 .

63 3097 150 3154 alieni
164 3099 269 3175 injusta
287 3098 411 3156 violatio.
454 3099 502 3156 Fit
522 3097 690 3173 plerumque
711 3098 817 3165 verbis,
838 3096 890 3155 sed
911 3098 997 3154 etiam
1018 3097 1154 3173 gestibus,

63 3212 118 3253 ex:
139 3215 192 3273 gr:
215 3197 296 3273 alapa
308 3196 502 3274 percutiendo.
545 3195 644 3254 Palam
657 3196 780 3254 aufertur
790 3196 892 3262 honor,
908 3195 1155 3271 praesentiseilieet

61 3296 235 3354 conmmelia
247 3297 403 3374 irrogatur:
425 3295 476 3354 sed
489 3304 517 3353 et
530 3294 702 3367 quandoque
716 3295 834 3359 absenti,
853 3277 892 3351 ex
905 3292 1058 3350 intentione
1072 3301 1104 3348 ut
1116 3291 1157 3350 illi

63 3395 230 3452 innotescat
272 3395 322 3453 Sic
335 3393 527 3455 conculcanda
546 3393 670 3469 imagine
684 3391 803 3468 alicujus
823 3390 994 3448 conmmelia
1007 3390 1152 3466 irrogatur.

62 3494 159 3561 Quam
180 3496 301 3570 graviter
322 3504 453 3571 peccetur
472 3490 623 3564 aliquando
646 3490 827 3557 contumelia,
841 3489 982 3564 colligitur
994 3506 1032 3545 ex
1046 3487 1156 3547 Christi

62 3593 176 3649 verbis:
199 3594 288 3661 “Qui
301 3593 405 3652 dixerit
418 3593 494 3650 fratri
507 3608 572 3656 suo,
587 3590 675 3653 Raca,
691 3606 754 3647 reus
768 3589 821 3647 erit
833 3587 975 3648 concilio:
997 3589 1047 3661 qui
1098 3598 1155 3647 tem

61 3690 177 3759 dixerit,
187 3692 273 3759 fame,
284 3684 688 3766 reuscritgebennreignis.”¹
709 3607 1156 3766 Hectamenexadjunctidfflen

63 3789 142 3857 dent,
159 3792 289 3864 quamvis
302 3793 379 3849 enim
392 3807 477 3866 grave
491 3790 528 3846 sit
541 3798 689 3864 peccatum
703 3787 811 3846 fatuum
824 3788 911 3846 alium
924 3785 1030 3851 dicere,
1044 3785 1156 3856 quoties

63 3890 200 3964 probrum
214 3899 345 3948 censetur
357 3907 491 3965 magnum
503 3907 512 3954 ;
531 3887 573 3944 nti
586 3886 753 3963 plenamque
766 3887 838 3943 inter
847 3885 979 3944 homines
989 3881 1155 3957 spectabiles

62 3988 236 4057 conditione,
250 3989 295 4047 vel
309 3989 362 4047 sibi
375 3987 433 4046 fere
446 3988 579 4064 ignotost
600 3986 673 4043 inter
686 3984 862 4059 propinquos
881 3991 977 4040 tamen
989 3989 1019 4037 et
1037 3980 1154 4044 amicos,

99 4165 141 4225 (l)
161 4167 184 4209 2.
197 4162 220 4210 ⁶2.
232 4178 273 4224 qu.
286 4161 357 4210 clviii.
370 4170 405 4209 art
417 4162 450 4209 iii.
478 4160 551 4226 Resp.
688 4157 731 4220 (2)
745 4153 845 4203 ibidem.
872 4149 1064 4202 Adsecundum.

100 4247 142 4310 (Ἰ)
162 4248 217 4295 Gal.
231 4263 252 4294 v.
265 4247 307 4295 23.
681 4236 983 4304 (d)2.2.qu.xlicrt.i.
1018 4235 1091 4301 neap.
