2744 4980
453 1236 787 1320 TRACTATUS
821 1244 911 1322 VII.

524 1512 586 1576 DE
609 1514 837 1578 PECCATIS.

564 1768 809 1784 ἡ

583 1983 725 2045 CAPUT
745 1985 771 2045 l.

454 2201 493 2240 DE
514 2201 713 2242 ΡΒΟΟΑΤΟΒΠΙ
733 2202 898 2245 mvtslou'u.

173 2394 200 2448 1.
221 2390 311 2450 “Uni
326 2410 385 2451 non
405 2401 450 2450 est
468 2392 549 2460 lex,'’
571 2395 664 2467 iuquit
683 2395 850 2472 Apostolus,
872 2403 958 2453 “nec
980 2391 1223 2471 prevaricatio.’'¹

128 2489 285 2549 Peccatum
297 2492 383 2568 igitur
395 2492 429 2549 ab
442 2493 595 2553 Ambrosio
607 2504 683 2552 recte
703 2494 836 2553 definitur
854 2502 874 2530 ‘⁴
885 2495 1079 2571 pravaricatio
1090 2497 1163 2573 legis
1179 2494 1221 2556 di·

127 2585 254 2657 vinae;”²
272 2589 348 2666 apud
369 2591 573 2669 augustinum,
594 2603 613 2629 ‘⁶
625 2604 772 2670 peccatum
785 2603 830 2651 est
848 2593 1024 2660 factumve}
1044 2592 1161 2663 dictum,
1175 2594 1222 2655 vei

128 2690 313 2766 concupitum
326 2690 432 2763 aliquid
444 2701 542 2749 contra
553 2691 646 2768 legem
660 2690 843 2751 aternam.”³
874 2691 1021 2764 Equidem
1034 2704 1155 2768 peccaut
1173 2693 1223 2766 qui

129 2788 238 2846 violant
250 2789 328 2866 leges
341 2788 490 2857 humanas,
504 2790 551 2849 vel
564 2809 627 2864 quc
648 2790 729 2848 Deus
749 2791 811 2866 ipae
824 2791 881 2866 legi
902 2800 1012 2847 aetemae
1033 2787 1139 2848 addidit
1150 2808 1221 2866 pru·

128 2896 229 2963 cepta:
250 2887 302 2946 sed
315 2886 379 2946 ideo
397 2887 474 2960 quod
495 2889 557 2965 ipsa
575 2889 624 2948 lex
644 2900 747 2948 eterna
762 2890 861 2966 jubeat
882 2888 979 2947 omnia
1000 2887 1221 2962 servandaque

127 2984 211 3043 Deus
218 2987 347 3064 jusserit,
360 2988 406 3045 vel
420 3006 482 3059 quoe
489 2987 589 3057 homo,
603 2988 668 3046 Deo
681 2989 835 3056 sanciente,
843 2988 1028 3065 praeceperim
1049 2996 1129 3048 “non
1142 2990 1220 3048 enim

127 3094 172 3142 est
184 3096 309 3161 potestas
322 3087 378 3144 nisi
391 3082 534 3145 aDeo.”⁴
574 3088 703 3148 Omissio
716 3088 801 3147 etiam
822 3087 909 3147 officii
931 3086 1052 3164 alicujus
1072 3099 1219 3164 peccatum

126 3193 181 3251 eat,
196 3202 285 3258 quum
298 3185 347 3244 lex
359 3185 491 3255 violetur,
506 3189 617 3259 quotics
630 3206 667 3244 ex
681 3189 766 3264 culpa
778 3187 903 3246 hominis
918 3205 975 3244 uon
989 3184 1132 3262 impletur.

167 3287 197 3340 2.
219 3283 375 3344 Peccatum
395 3284 547 3362 oriffiuule
569 3286 640 3345 illud
661 3285 762 3343 dicitur
781 3284 859 3359 quod
877 3285 1032 3355 unicuique
1053 3283 1165 3341 homini
1186 3285 1220 3342 ab

126 3380 190 3439 Ada
202 3381 360 3442 denvamr:
379 3384 536 3461 personale
548 3396 592 3443 est
604 3383 681 3457 quod
694 3385 759 3456 quis
772 3403 824 3442 sua
835 3383 979 3442 voluntate
992 3379 1122 3441 admittit.
1153 3381 1220 3442 Hoc

126 3478 254 3540 mortale
267 3493 312 3540 est
324 3482 560 3557 quandocumque
579 3483 683 3542 divinae
704 3484 760 3559 legi
781 3483 901 3560 graviter
919 3481 1093 3549 adversatur,
1113 3492 1143 3539 et
1154 3481 1220 3540 ideo

125 3589 246 3638 mortem
260 3581 343 3639 insert
355 3583 468 3651 anime,
482 3600 601 3655 eamque
611 3584 703 3659 posuis
717 3584 828 3641 sternis
841 3580 908 3640 iacit
916 3582 1069 3642 obnoxiam
1081 3600 1089 3638 ι
1103 3579 1219 3642 veniale

126 3689 170 3736 cst
181 3679 255 3736 levis
268 3680 339 3756 legis
354 3682 549 3759 transgressio,
564 3701 628 3754 quae
642 3682 787 3742 hominem
801 3700 860 3741 non
872 3684 986 3759 penitus
1000 3682 1100 3740 avertit
1112 3700 1130 3739 a
1142 3680 1217 3747 Deo,

126 3787 271 3850 tamquam
283 3779 384 3839 ultimo
400 3781 467 3848 fine,
489 3780 539 3838 sed
560 3782 735 3854 aliquatenus
757 3782 868 3840 divemt
887 3783 922 3840 ab
942 3800 988 3849 eo,
1009 3795 1132 3849 eumque
1153 3777 1218 3836 idco

124 3894 217 3953 ponte
231 3896 312 3936 reum
330 3879 406 3948 facit,
426 3880 462 3939 ad
481 3888 594 3957 tempus
614 3880 781 3957 irrogando.
823 3880 868 3937 Ab
886 3880 1047 3955 Augustino
1069 3877 1218 3935 consuevit

126 3977 223 4036 vocari
236 3977 432 4050 quotidianum
446 3989 607 4056 paccatum:
631 3991 649 4016 ‘⁴
659 3980 705 4038 De
716 3978 888 4052 quotidianis
901 3988 994 4035 autem
1008 3974 1138 4035 brevibus
1148 3975 1217 4034 levi·

123 4074 234 4151 busque
256 4076 391 4153 peccatiu
411 4079 472 4137 sine
486 4079 588 4150 quibus
602 4079 664 4137 haec
677 4080 734 4137 vita
753 4096 811 4137 uon
830 4076 949 4143 ducitur,
971 4073 1135 4149 quotidiana
1147 4074 1217 4134 fide·

226 4263 270 4330 (l)
284 4263 355 4314 Rom.
364 4265 396 4315 iv.
410 4267 446 4316 15.
749 4264 790 4330 (2)
805 4265 888 4313 limbi.
901 4263 915 4312 l.
928 4262 1085 4327 dependito,
1099 4277 1120 4312 c.
1134 4263 1183 4312 viii.

226 4348 269 4416 (3)
280 4348 310 4399 L.
321 4350 383 4401 xxii.
391 4359 476 4402 contra
484 4351 613 4408 Faustum,
620 4365 642 4402 c.
650 4350 726 4400 xxvii·
762 4351 803 4417 (4)
820 4349 948 4400 Romaiii.
963 4349 984 4397 l.

679 4432 737 4486 25*

885 4636 1002 4680 A

1232 4238 1326 4680 i
