2744 4980
204 400 243 454 24
577 391 633 450 DE
655 391 933 451 IGNORANTLa.

207 553 352 623 advertat,¹
368 558 397 614 in
410 574 525 633 poenam
538 556 646 614 seilicet
658 557 761 632 prioris
775 554 870 613 delicti
891 557 922 612 fit
944 567 976 614 ut
995 574 1053 613 non
1066 555 1190 615 advertat
1202 570 1301 615 aetum

205 677 272 739 esse
282 656 472 714 inhonestum.
516 656 566 712 Sie
579 655 704 714 haeretiei
717 656 839 732 plurima
851 655 958 712 iaciunt
966 656 1068 727 quibus
1074 656 1141 714 fidei
1150 656 1301 714 eatlrolicae

206 759 319 815 obviam
332 768 406 822 eant.
421 755 461 813 nil
475 752 633 814 dubitantes
643 774 674 811 se
688 755 753 813 Deo
763 755 930 826 obsequium
944 764 1094 831 praestare:
1116 775 1189 827 quos
1203 768 1314 814 tamen·
1367 821 1370 824 ⁴

206 857 339 932 superbia
351 866 380 911 et
391 855 539 912 utilitatum
553 873 666 911 suarum
689 854 783 911 studio
802 854 933 929 abreptos
956 863 1075 928 arguunt
1094 854 1219 930 theologi
1234 873 1301 930 pee-

206 957 270 1021 ead,
286 965 344 1011 turn
358 953 387 1010 in
402 972 497 1020 eausa,
512 964 571 1010 turn
591 954 621 1010 in
643 955 726 1011 rebus
749 952 869 1028 singulis
893 971 962 1025 quas
985 963 1081 1009 eontra
1103 954 1251 1010 veritatem
1273 966 1301 1010 et

206 1056 339 1130 pietatem
353 1071 389 1109 ex
404 1052 568 1129 praejudicio
580 1052 695 1109 faciunt.
739 1053 789 1109 Sie
803 1063 830 1108 et
843 1064 1005 1127 peccatores
1018 1050 1065 1108 alii
1076 1054 1124 1124 qui
1137 1051 1299 1127 cupiditati·

206 1155 259 1211 bus
272 1151 321 1210 diu
334 1150 520 1218 indulserunt,
536 1150 581 1207 vel
594 1152 643 1222 qui
657 1153 706 1209 toti
720 1150 832 1209 inhiant
840 1150 957 1217 divitiis,
966 1149 1088 1226 plurima
1097 1160 1183 1228 agunt
1192 1150 1300 1209 divina

207 1253 262 1328 legi
286 1251 412 1318 adversa,
437 1251 478 1308 nil
500 1251 677 1325 suspicantes
700 1251 853 1308 inhonesti.
897 1249 1041 1322 Equidem
1062 1250 1165 1309 durum
1187 1249 1302 1308 videtur

206 1368 331 1407 asserere
345 1367 487 1421 quemque
510 1367 637 1424 peecare,
652 1349 719 1407 dum
741 1349 912 1407 deliberante
935 1350 1042 1406 ratione
1064 1349 1170 1408 nullam
1192 1348 1300 1425 detegit

136 1468 141 1478 ·
207 1450 314 1524 peceati
327 1450 455 1523 speeiem
468 1447 632 1519 nullumque
647 1448 813 1524 perieulum,
838 1458 866 1504 et
878 1449 1013 1523 probante
1031 1449 1206 1507 conscientia
1220 1450 1298 1522 agit:

206 1547 256 1603 sed
270 1547 418 1605 indubium
432 1556 475 1605 est
496 1546 700 1621 negligentiam
724 1547 889 1604 addiscendi
912 1558 941 1604 et
962 1547 1149 1622 cupiditatum
1169 1546 1299 1605 studium

206 1664 270 1703 esse
284 1657 411 1722 peecata,
426 1659 455 1704 et
466 1645 590 1722 plurima
603 1664 702 1705 seeum
727 1647 846 1713 trahere,
861 1665 923 1718 quae
947 1647 977 1705 in
991 1666 1076 1704 eausa
1087 1648 1186 1704 saltem
1200 1648 1300 1723 impu·

207 1756 307 1803 tantur.
350 1746 409 1812 Qui
432 1747 531 1804 munia
552 1745 700 1821 religionis
723 1748 821 1804 omisit
841 1744 952 1802 discere
962 1747 1090 1822 juvenis,
1104 1747 1211 1822 stepius
1226 1764 1299 1823 prae·

205 1856 288 1920 eepta
301 1845 442 1903 Eeelesiae
457 1845 585 1921 negligit,
600 1845 646 1903 vel
660 1845 756 1912 violat,
771 1845 813 1903 nil
835 1845 890 1901 sibi
913 1847 1058 1913 conscius,
1073 1847 1124 1918 qui
1137 1844 1247 1904 ideireo
1261 1845 1297 1901 ad

162 1922 171 1947 ⁹
206 1946 309 2003 bonam
324 1944 434 2019 frugem
449 1943 579 2001 redactus
593 1942 676 2001 debet
689 1944 723 2000 de
738 1945 912 2020 negligentia
929 1944 1096 2003 addiscendi
1110 1945 1217 2011 dolere,
1234 1963 1300 2016 quae

206 2052 246 2099 tot
259 2060 348 2100 annos
363 2043 392 2099 in
406 2060 491 2098 eausa
503 2040 557 2098 suit
569 2059 620 2100 eur
634 2045 857 2119 pretermitteret
869 2043 992 2118 plurima
1004 2044 1099 2103 officia
1111 2046 1236 2120 pietatis,
1248 2041 1302 2099 sed

205 2149 388 2200 noueonstat
409 2159 477 2198 eum
501 2141 589 2198 teneri
603 2141 638 2198 ad
660 2143 789 2218 singulos
813 2155 891 2200 aetus
915 2144 1105 2202 recensendos
1128 2145 1177 2216 qui
1200 2162 1240 2200 ex
1264 2160 1301 2199 eo

205 2242 299 2317 eapite
313 2240 520 2317 profluxerunt.
564 2240 610 2297 Ad
631 2240 718 2298 fidem
741 2260 897 2299 conversus
911 2261 968 2300 non
983 2255 1026 2299 est
1047 2243 1192 2320 cogendus
1215 2241 1253 2298 ad
1266 2260 1302 2300 ea

206 2341 319 2415 singula
331 2340 479 2398 reserenda
492 2359 556 2412 quae
569 2341 668 2398 omisit
681 2341 726 2398 vel
740 2342 816 2410 feeit,
831 2342 915 2410 bona,
930 2352 961 2400 ut
973 2343 1062 2410 aiunt,
1076 2342 1142 2411 fide,
1163 2343 1300 2415 quamvis

206 2459 242 2496 ex
257 2440 418 2514 ignorantia
430 2440 525 2497 forsan
540 2457 603 2511 quae
617 2441 694 2498 vinei
714 2443 855 2516 potuerit:
878 2444 1027 2500 nonenim
1048 2443 1138 2514 liquet
1149 2461 1184 2499 ea
1204 2441 1297 2499 fuisse

206 2549 332 2615 peecata,
346 2536 413 2595 licet
426 2557 463 2596 ex
478 2539 637 2614 ignorantia
649 2539 791 2616 culpanda
812 2552 881 2598 orta.
925 2541 1171 2614 Quotiescumque
1185 2542 1255 2613 quis
1270 2543 1303 2598 in

206 2657 292 2696 eausa
314 2636 432 2695 advertit
454 2636 588 2695 ellectum
612 2649 785 2706 secuturum,
809 2639 844 2696 ad
866 2659 931 2697 eum
955 2639 1153 2699 declarandum
1175 2651 1300 2706 tenetur,

205 2758 272 2798 narn
286 2756 354 2795 eum
368 2738 511 2796 voluntate
525 2757 579 2795 sua
591 2739 742 2814 amplexus
766 2749 824 2795 est:
847 2741 889 2797 sie
912 2741 937 2797 si
961 2740 1110 2798 adverterit
1123 2742 1218 2816 reipsa
1231 2757 1302 2816 pec·

206 2838 289 2897 eandi
304 2837 473 2915 perieulum,
488 2837 535 2895 vel
548 2838 698 2910 aliqualem
713 2837 841 2896 habuerit
854 2839 916 2914 ejus
936 2841 1064 2898 notitiam
1078 2839 1124 2897 vel
1137 2839 1303 2913 suspicion·

206 2956 262 3005 em,
278 2939 389 3013 peceati
403 2936 563 3012 arguendus
577 2949 629 3005 est,
645 2956 698 2995 nee
712 2938 790 2994 enim
804 2947 914 3014 oportet
924 2949 956 2996 ut
965 2939 1051 3015 plena
1060 2949 1088 2997 et
1097 2950 1174 2997 certa
1182 2939 1301 2997 malina

206 3037 304 3094 notitia
318 3037 354 3093 sit
367 3035 402 3093 ad
414 3046 562 3112 peecatum
577 3035 779 3095 inducendum.

309 3201 350 3267 (3)
370 3201 433 3251 Vide
445 3202 526 3266 Bailly
537 3201 620 3252 Tract.
632 3203 663 3252 de
675 3203 768 3253 notibus
779 3202 903 3263 humenis,
914 3221 935 3254 e.
948 3205 979 3255 ir.
991 3222 1058 3271 prop.
1070 3206 1101 3255 iv.
1110 3221 1152 3270 qu·
1164 3206 1180 3255 i.
