2766 4996
169 412 229 468 ³16
417 408 473 467 DE
495 407 707 466 Puccffls
728 404 1024 468 cremutius,

169 573 241 632 mihi
254 574 449 631 abstinentiam
464 583 492 630 et
505 574 638 631 nocuisse
651 574 854 641 intermissam,
873 584 902 631 et
915 573 1064 650 profuisse
1077 567 1259 650 repetitam.”¹

171 671 204 730 ld
213 672 343 730 omuibus
353 690 428 748 saepe
443 670 681 731 considerandum
696 672 770 749 gulas
783 690 897 730 servum
907 691 966 730 non
977 690 1068 749 posse
1076 671 1144 730 Deo
1152 672 1260 748 placere,

170 771 397 843 quibuscumque
411 770 517 847 fulgeat
538 769 666 829 dotibus:
689 771 744 828 “si
765 768 882 828 modum
902 781 1011 829 naturae
1031 770 1162 830 debitum
1175 770 1266 829 immo·

169 865 312 926 deratioue
326 869 487 928 voracitatis
501 868 635 935 excedas,
648 881 677 927 et
689 870 844 929 vinolentia
857 879 884 926 te
897 871 1071 947 ingurgites,
1087 868 1262 948 quantaslibet

169 963 268 1028 laudes
283 967 339 1026 Dei
349 968 446 1046 lingua
456 979 503 1028 tua
516 979 608 1035 sonet,
620 969 676 1026 vita
689 960 916 1043 blasphemum
931 960 937 967 ’
956 968 1002 1026 lta
1014 969 1206 1044 Augustinus.

477 1188 481 1193 ’
550 1202 647 1277 §vll
669 1201 717 1262 Da
738 1219 881 1261 nuruum.

213 1384 262 1436 84.
284 1380 417 1437 Luxuriae
437 1379 552 1437 nomine
573 1380 737 1454 intelligitur
756 1378 907 1454 voluptatis
927 1395 1060 1435 venereae
1074 1379 1219 1456 appetitus
1231 1378 1266 1434 in·

173 1476 327 1535 ordinatus.
369 1476 447 1534 luter
459 1494 546 1551 opera
558 1478 651 1534 carnis
665 1494 730 1549 qnae
740 1479 791 1550 qui
801 1486 891 1553 agunt
902 1494 1026 1553 regnum
1034 1476 1094 1535 Dei
1107 1496 1167 1536 non
1179 1492 1267 1534 conse·

175 1587 305 1646 quantur,
320 1576 354 1632 ab
368 1575 507 1651 Apostolo
520 1568 708 1633 recensetur.³
749 1575 795 1633 De
816 1574 945 1652 pluribus
959 1575 1131 1633 criminibus
1145 1592 1207 1649 quae
1219 1573 1266 1629 huc

175 1674 333 1732 reseruntur
356 1675 418 1750 jam
448 1675 571 1750 egimus,
594 1683 708 1732 sextum
728 1673 797 1732 dum
818 1674 1032 1750 explicaremus
1054 1673 1187 1750 decalogi
1206 1688 1267 1747 pre·

176 1783 290 1849 ceptum
302 1769 327 1830 :⁴
346 1792 422 1831 nunc
442 1773 477 1831 de
497 1773 664 1848 pollutione,
686 1772 731 1829 vel
751 1773 786 1831 iis
800 1790 863 1845 quoe
887 1773 951 1849 ejus
972 1773 1137 1848 periculum
1157 1770 1269 1829 afferunt

178 1871 320 1947 agendum
334 1874 477 1948 praecipue
490 1880 544 1929 est.

216 1974 266 2027 85.
287 1969 412 2027 Pollutio
425 1989 477 2027 seu
492 1969 626 2027 mollities
640 1979 684 2026 est
696 1970 815 2027 seminis
823 1968 941 2028 humani
955 1968 1052 2027 fluxus
1067 1969 1178 2041 absque
1188 1967 1266 2030 coitu,

177 2067 222 2123 vel
235 2075 315 2124 extra
327 2085 388 2132 vas,
398 2076 430 2123 ut
442 2067 565 2124 maribus
585 2069 732 2142 contingit,
748 2068 793 2125 vel
813 2069 885 2126 intra
905 2070 1065 2134 matricem,
1086 2077 1119 2124 ut
1139 2065 1266 2124 leminis.

178 2162 342 2222 Voluntaria
355 2164 475 2239 pollutio
488 2173 533 2221 est
545 2176 691 2241 peccatum
706 2184 790 2240 grave
810 2175 908 2223 contra
927 2174 1067 2232 naturam,
1089 2183 1158 2223 nam
1177 2180 1268 2221 semen

176 2259 334 2321 humanum
348 2262 505 2340 prodigitur
518 2263 595 2336 quod
614 2262 650 2321 ad
669 2265 882 2340 generationem
905 2282 922 2320 a
944 2262 1011 2322 Deo
1032 2272 1142 2321 namra>
1162 2272 1268 2320 auctore

177 2359 340 2419 ordinatur:
362 2371 533 2435 quapropter
545 2362 646 2417 molles
660 2382 676 2416 a
689 2379 778 2436 regno
798 2362 937 2419 cmlorum
949 2355 1169 2419 excludunbu.⁵
1207 2360 1268 2435 lpse

178 2456 248 2514 ratio
262 2466 399 2513 etsensus
412 2458 527 2514 intimus
541 2455 627 2512 dictat
645 2475 708 2514 eam
721 2457 849 2516 illicitam
863 2475 938 2525 esse,
954 2477 1040 2531 quam
1060 2459 1159 2516 scelus
1174 2458 1267 2534 ingens

179 2551 278 2609 meritd
292 2551 452 2627 designavit
464 2561 547 2628 poeta
556 2552 705 2609 ethnicus:

352 2681 366 2706 ‘⁴
375 2674 432 2725 Hoc
443 2674 506 2726 nihil
517 2691 570 2725 sus
583 2682 669 2741 putas:
688 2676 769 2727 scelus
780 2685 825 2738 est,
836 2678 897 2729 mihi
911 2677 989 2739 erede,
1002 2677 1045 2728 sed
1054 2678 1146 2741 ingan·

380 2759 509 2824 Quantum
521 2761 562 2811 vix
573 2761 655 2811 animo
667 2761 776 2826 concipis
786 2762 838 2827 ipse
849 2769 899 2813 bro.

382 2848 465 2912 lpsurn
478 2845 548 2897 crede
559 2846 602 2896 tibi
614 2853 725 2896 usturam
734 2846 813 2896 dicere
823 2863 911 2906 rerum,

384 2931 454 2981 Istud
462 2931 527 2995 quod
538 2931 629 2993 digitis,
639 2931 747 2991 Pontice,
759 2932 847 2997 psnlis,
854 2931 928 2981 home
940 2929 1014 2981 sst”⁶

181 3044 251 3101 Jure
265 3045 423 3116 meritoque
433 3043 578 3102 damnavit
587 3044 771 3105 Innocentius
784 3045 839 3104 Xl.
852 3045 1078 3122 propositionem
1092 3055 1268 3117 sequentem:

183 3150 203 3177 “
213 3141 351 3200 Mollities
362 3143 426 3219 jure
439 3153 544 3201 naturae
556 3140 696 3219 prohibita
708 3162 766 3202 non
780 3155 840 3201 est:
863 3143 939 3202 unde
952 3145 977 3201 si
991 3143 1072 3201 Deus
1086 3161 1151 3200 cam
1164 3162 1221 3201 non
1234 3143 1270 3199 in·

183 3239 355 3309 terdixisset‚
369 3260 446 3317 sepe
459 3252 536 3300 esset
546 3243 631 3309 bona,
645 3251 674 3299 et
686 3242 838 3315 aliquando
851 3242 1017 3318 obligatoria
1029 3242 1082 3299 sub
1097 3233 1256 3299 mortali.”⁷

222 3344 272 3398 86.
295 3340 398 3399 Omnis
412 3341 531 3417 pollutio
544 3340 578 3399 ad
593 3338 712 3399 eandem
732 3342 861 3418 speciem
880 3340 1008 3408 refertur,
1030 3350 1205 3416 quapropter
1217 3355 1271 3397 mc

184 3435 251 3494 dum
265 3446 293 3495 et
305 3439 491 3498 instrumenta
503 3441 647 3516 explicare
661 3458 719 3498 non
733 3449 777 3496 est
795 3457 923 3497 necesse.
966 3438 1025 3496 Sed
1045 3457 1109 3511 quae
1123 3457 1190 3496 cum
1203 3437 1272 3495 coitu

185 3534 335 3606 conjunctu
348 3546 402 3601 est,
417 3538 527 3594 semine
540 3547 618 3594 extra
632 3556 681 3595 vas
695 3537 797 3605 effuso,
812 3538 949 3595 malitiam
963 3537 1077 3594 alteram
1092 3536 1194 3594 induit.
1228 3535 1273 3591 Sic

184 3627 268 3685 etiam
282 3631 386 3687 sicum
400 3651 486 3707 pravo
499 3632 640 3692 desiderio
654 3634 794 3702 adulterii,
808 3636 854 3694 vel
867 3636 980 3693 alterius
994 3636 1124 3694 criminis
1138 3631 1271 3711 patrandi,

184 3726 380 3803 conjungatur,
395 3730 520 3803 speeiem
534 3747 637 3788 novam
651 3732 765 3790 malitie
780 3734 874 3793 habet.

225 3829 275 3885 87.
296 3824 451 3885 Distillatio
471 3825 696 3906 diciturdlnxus
723 3829 852 3891 humoris
873 3833 978 3905 absque
1004 3829 1204 3890 delectatione.
1245 3828 1276 3885 Si

221 4015 263 4078 (l)
277 4013 375 4064 Oomm.
386 4014 413 4064 iu
423 4031 462 4081 sp.
474 4015 504 4066 ed
515 4014 602 4067 Titum
613 4032 634 4066 c.
647 4014 662 4066 i.
871 4019 913 4084 (2)
934 4018 964 4068 ln
976 4017 1018 4068 Ps.
1029 4016 1111 4068 cxlvii

222 4096 264 4159 (³)
284 4096 339 4146 Gal.
352 4113 374 4146 r.
390 4100 428 4150 tt.
871 4101 911 4165 (t)
930 4101 1018 4165 Supra,
1030 4116 1054 4165 p.
1067 4099 1124 4150 124.

221 4180 264 4244 (δ)
286 4183 367 4232 lCor.
379 4183 410 4233 vi.
424 4183 462 4234 10.
863 4185 905 4253 (6)
926 4184 1182 4252 Maecenatibus.

630 4270 672 4335 (7)
693 4267 766 4333 Ptop.
777 4268 835 4320 xlix.
