2744 4980
159 532 168 568 Ι

186 409 243 467 ΗΘ
617 402 674 463 DE
695 402 846 463 POENlS.

183 570 290 628 cietatis
304 565 373 628 ordo
387 569 526 645 exigebat.
568 566 646 626 Hinc
665 567 840 644 blasphemis
853 564 958 624 mulcta
972 566 1152 642 irrogabatur,
1167 567 1197 624 in
1211 567 1281 643 pios

181 687 250 728 usus
264 667 471 745 impendenda:
494 668 612 725 aliorum
631 667 783 725 criminum
796 667 838 723 rei
850 682 960 722 carcere
975 663 1205 732 includebantur;
1228 664 1293 736 sed

182 768 316 828 ultimum
336 766 510 844 supplicium
533 784 690 839 numquam
712 765 822 842 legibus
843 764 1042 822 ecclesiasticis
1065 771 1202 822 statutum
1225 773 1281 829 est,

184 867 349 926 “Ecclesia
370 866 448 922 enim
470 863 601 921 abhorret
623 885 639 921 a
667 862 839 941 sanguine.”
891 863 980 939 Igitur
1002 863 1071 920 sassi
1091 874 1159 919 sunt
1179 874 1277 940 patres

182 966 296 1025 concilii
319 963 547 1022 constantiensis
567 945 891 1022 excommunicationem
911 980 975 1019 esse
994 980 1136 1019 summam
1160 980 1276 1038 poenam

183 1083 269 1138 quam
282 1062 433 1120 decernere
446 1071 540 1138 potest
552 1062 701 1120 Ecclesia:
724 1061 800 1134 quod
814 1061 938 1137 theologi
952 1069 979 1116 et
994 1061 1155 1136 jurisperiti
1168 1080 1275 1137 magno

183 1180 326 1220 consensu
339 1153 528 1237 agnoscunt:¹
548 1171 718 1238 quapropter
737 1161 762 1218 si
782 1159 830 1218 lex
850 1161 1003 1236 respiceret
1022 1159 1131 1216 facinus
1153 1161 1278 1217 immane

184 1261 262 1335 quod
281 1280 394 1337 poenam
421 1261 522 1337 capitis
541 1263 709 1328 merebatur,
730 1261 878 1318 consuevit
897 1268 1018 1316 statuere
1037 1277 1121 1316 reum
1138 1278 1154 1316 e
1169 1261 1280 1334 gremio

184 1360 323 1420 Ecclesia
337 1361 451 1436 pulsum
465 1359 540 1416 civili
560 1361 691 1436 potestati
711 1358 888 1425 tradendum,
905 1360 989 1435 juxta
1001 1357 1078 1432 leges
1094 1359 1193 1415 civiles
1209 1369 1279 1416 trac-

183 1458 309 1527 tandum,
330 1457 527 1518 commendata
547 1469 641 1516 tamen
661 1478 728 1535 erga
747 1478 813 1516 eum
832 1458 956 1515 leuitate.
999 1454 1146 1515 Oaeterum
1167 1458 1278 1514 sublata

180 1560 241 1635 jam
255 1569 298 1615 est
310 1558 480 1633 praesulibus
494 1558 599 1630 ubique
619 1557 678 1614 sere
698 1566 835 1615 terrarum
855 1557 949 1613 omnis
969 1573 1120 1631 poenarum
1138 1567 1279 1633 tempora·

183 1658 255 1716 lium
269 1655 508 1715 decemendarum
528 1658 650 1732 species,
670 1665 699 1714 et
716 1657 795 1732 leges
816 1656 1014 1713 ecclesiastice
1028 1656 1156 1714 censuris
1170 1665 1281 1713 tantum

184 1759 215 1815 in
234 1767 456 1834 transgressores
477 1756 658 1816 muniuntur:
680 1755 838 1829 dequibus
859 1753 978 1832 proinde
1001 1753 1082 1826 loqui
1104 1754 1281 1832 intelligendi

187 1874 297 1913 sumus.

224 1959 275 2012 44.
291 1955 389 2013 Poenae
399 1952 535 2011 suntaliae
545 1951 624 2021 latae,
639 1951 841 2034 aliaeserendae
853 1952 1016 2011 sententiar.
1039 1952 1117 2011 Latae
1132 1954 1281 2012 sententiae

185 2063 251 2112 sunt
270 2072 333 2126 quae
352 2054 417 2129 ipso
439 2052 512 2110 facto
532 2053 699 2130 irrogantur,
720 2055 803 2112 sicuti
825 2052 1082 2111 excommunicatio
1104 2053 1133 2111 in
1156 2053 1282 2112 Liberos

186 2153 346 2212 Muratores
359 2153 423 2210 lata.
466 2150 602 2210 Ferendae
616 2154 761 2211 sententie
775 2172 860 2231 poena
873 2163 917 2211 est
936 2171 998 2225 quae
1013 2151 1161 2229 irroganda
1173 2164 1220 2210 est
1233 2152 1284 2209 de·

186 2252 336 2328 linquenti,
350 2251 401 2309 sed
413 2250 518 2327 judicis
540 2253 664 2329 postulat
685 2270 811 2330 operam.
853 2253 903 2310 Sic
924 2251 1189 2309 excommunicandi
1212 2262 1283 2309 sunt

186 2353 235 2426 qui
249 2352 395 2429 negligunt
404 2348 613 2409 Eucharistiam
626 2353 656 2409 in
669 2352 803 2428 paschate
817 2353 972 2428 suscipere.
1012 2349 1124 2410 Judicis
1138 2351 1282 2408 sententia

184 2468 398 2523 nonnumquam
412 2447 543 2508 declarat
555 2469 669 2527 poenam
689 2471 775 2525 quam
795 2453 859 2524 quis
879 2451 952 2509 sacto
968 2450 1032 2527 jam
1052 2451 1179 2517 incurrit,
1195 2459 1223 2508 et
1236 2468 1280 2508 re·

186 2550 347 2608 trotrahitur
359 2547 395 2606 ad
408 2557 521 2625 tempus
535 2547 639 2616 delicti,
655 2549 725 2608 adeo
744 2562 776 2608 ut
794 2551 913 2609 effectus
933 2550 999 2608 inde
1022 2534 1187 2624 sequantur.
1230 2549 1281 2606 Sic

186 2649 323 2706 sententia
336 2664 400 2721 que
412 2647 601 2706 simoniacum
614 2647 736 2707 declarat
747 2650 879 2708 beneficii
893 2651 1062 2727 ingressum,
1077 2648 1144 2706 sacit
1157 2658 1188 2705 ut
1199 2649 1281 2706 resti·

186 2746 282 2807 tuendi
302 2748 359 2805 sint
377 2746 483 2805 fructus
506 2765 606 2804 omnes
631 2749 767 2825 percepti.
809 2749 971 2821 Aliquando
991 2748 1130 2808 sententia
1151 2747 1280 2806 domno·

185 2846 280 2906 tionis
294 2848 379 2904 instar
391 2857 444 2914 est,
455 2854 484 2902 et
495 2846 609 2903 nonnisi
622 2846 728 2923 prolata
741 2848 800 2905 vim
813 2849 900 2925 coepit
913 2849 1047 2906 obtinere.
1090 2847 1141 2904 Sic
1155 2847 1278 2905 clericus

187 2946 224 3004 ob
242 2946 458 3003 concubinatum
472 2944 598 3021 dejectus
611 2946 750 3005 beneficio
763 2947 869 3006 fruetus
885 2948 947 3025 jam
966 2953 1115 3024 perceptos
1129 2965 1190 3004 non
1205 2956 1282 3003 tene-

187 3055 233 3102 tur
244 3042 371 3109 reddere,
386 3045 411 3100 si
424 3044 549 3117 alioquin
562 3043 689 3103 officium
704 3046 879 3122 persolverit.
914 3044 1124 3104 Declarotorio
1137 3044 1195 3102 dici
1209 3044 1283 3102 solet

187 3144 265 3221 prior
286 3141 333 3201 illa
355 3144 512 3201 sententia:
535 3142 779 3204 condemnatoria
792 3146 886 3204 ultera.
922 3155 941 3182 “
953 3146 1050 3204 Poenae
1064 3144 1235 3221 spirituales,
1250 3154 1283 3199 nt

189 3243 456 3311 excommunicatio,
478 3242 675 3319 irregularitas,
697 3245 753 3304 dec.
771 3242 885 3319 quando
905 3248 1091 3323 imponuntur
1110 3244 1174 3320 ipso
1194 3240 1281 3307 sacto,

189 3362 247 3403 non
261 3343 388 3420 indigent
396 3342 503 3420 judicis
517 3339 704 3403 sententia.”²

229 3448 279 3501 45.
301 3441 399 3500 Poenae
414 3442 577 3520 privativae
591 3443 796 3517 dicunturque
817 3444 941 3517 aliquem
961 3460 1077 3501 munere
1095 3440 1172 3513 quod
1185 3439 1280 3503 habet,

190 3541 237 3599 vel
244 3543 309 3617 jure
323 3558 381 3613 quo
393 3540 497 3616 gaudet
509 3542 630 3617 privant,
646 3564 672 3600 v.
687 3563 721 3620 g:
742 3544 891 3611 beneficia,
905 3543 951 3603 vel
964 3541 1092 3617 suffragii
1107 3542 1183 3617 jure.
1225 3537 1280 3596 Hae

188 3640 213 3696 si
226 3639 349 3696 ferantur
361 3639 425 3713 ipso
439 3638 513 3696 lacto
533 3640 730 3699 contrahendae
751 3653 847 3700 tenent
865 3661 956 3710 reum,
977 3641 1083 3714 absque
1093 3638 1201 3716 judicis
1217 3656 1281 3694 sen·

190 3738 285 3806 tentia,
300 3736 354 3794 nisi
368 3736 484 3795 infamia
502 3737 569 3796 inde
589 3740 744 3807 immineat,
765 3739 811 3798 vel
824 3742 878 3798 nisi
895 3743 944 3818 jus
966 3740 1136 3813 acquisitum
1151 3737 1280 3796 tollatur:

191 3846 212 3874 ‘⁴
222 3846 288 3896 tunc
301 3836 378 3894 euim
391 3853 505 3913 semper
516 3838 667 3909 requiritur
679 3837 828 3897 declaratio
843 3840 968 3916 juridica
986 3839 1032 3897 vel
1052 3856 1154 3914 prens,
1169 3836 1217 3893 vel
1230 3834 1281 3892 sal·

191 3949 248 3997 tem
262 3936 398 4003 criminis,
412 3937 522 3996 etiamsi
543 3957 627 4014 poena
647 3938 807 4015 imponatur
827 3940 890 4016 ipso
910 3939 984 3997 sacto
1004 3935 1182 4003 incurrenda,
1206 3933 1284 3994 nulla

191 4045 338 4114 expectata
350 4034 553 4096 declaratione.
567 4080 591 4096 ..
606 4058 671 4096 cum
684 4039 760 4096 enim
772 4038 821 4096 lex
835 4038 953 4114 penalis
967 4037 1058 4114 accipi
1071 4034 1173 4094 debeat
1185 4035 1217 4094 in
1229 4035 1282 4092 mi·

227 4224 270 4291 (1)
284 4223 372 4274 Devoti
386 4223 446 4275 inst.
457 4225 517 4276 Can.
527 4227 542 4278 1.
554 4226 586 4277 iv.
598 4243 622 4278 n.
634 4227 673 4278 rii.
777 4227 819 4293 (2)
832 4224 859 4274 S.
871 4225 1022 4291 stptonsus,
1035 4224 1053 4276 l.
1063 4223 1080 4273 i.
1092 4238 1117 4274 n.
1133 4223 1190 4273 tte.

918 4350 940 4389 Ἀ
