2766 4996
349 422 406 483 DE
427 421 611 483 Aculeus
631 422 927 483 VOLUNTARIIS.
1143 431 1179 484 13

87 609 153 651 esse
173 589 266 665 magis
286 583 489 646 inordinata’'¹
529 588 601 646 Post
619 587 713 660 aliqua
735 599 828 645 notata
848 589 939 665 pergit
961 587 994 645 S.
1015 588 1180 665 Alphonsns

88 690 222 767 Angelici
242 687 376 745 Doctoris
394 688 479 744 verba
496 686 609 754 referre,
628 705 690 759 quae
709 687 820 763 plenius
838 706 876 744 ex
896 689 959 763 ipso
977 688 1053 747 sonte
1069 687 1180 747 haurire

89 790 200 868 placet:
225 787 288 844 “Si
306 797 400 844 autem
418 795 535 844 eventus
553 803 676 857 ecquem
694 804 751 844 non
770 787 807 843 sit
824 787 1029 862 precogitatus,
1040 797 1106 844 tnnc
1124 787 1180 846 dis·

90 886 277 966 tinguendum
293 895 346 953 est,
358 885 425 958 quia
440 886 465 942 si
481 903 532 961 per
548 903 579 942 se
595 886 722 956 sequitur
731 904 768 942 ex
779 886 825 943 tali
836 897 909 952 actu,
920 894 949 942 et
957 896 988 943 ut
1003 888 1032 944 in
1042 887 1180 962 pluribus,

90 985 249 1046 secundum
260 985 315 1043 hoc
325 994 443 1043 eventus
454 1002 577 1056 sequens
593 982 669 1041 addit
685 984 719 1041 ad
729 985 881 1042 bonitatem
891 985 935 1041 vel
946 985 1079 1043 malitiam
1091 996 1179 1043 acme.

92 1085 279 1146 Manifestum
300 1094 344 1141 est
362 1083 450 1150 enim,
469 1083 616 1140 'meliorem
635 1092 727 1140 actum
746 1101 809 1139 esse
827 1101 864 1140 ex
881 1102 934 1140 suo
952 1101 1054 1160 genere
1069 1103 1106 1140 ex
1125 1103 1182 1156 quo

94 1195 214 1262 possunt
232 1183 312 1261 plura
328 1183 402 1241 bona
420 1182 512 1254 sequi,
531 1190 560 1238 et
575 1182 702 1258 pejorem
721 1201 758 1239 ex
776 1200 833 1254 quo
850 1193 915 1239 nata
930 1193 995 1239 sunt
1010 1183 1090 1258 plura
1108 1183 1183 1240 mala

94 1274 188 1356 sequi.
212 1282 244 1339 Si
252 1280 317 1340 vcro
328 1300 379 1358 per
388 1280 529 1348 accidens,
541 1292 570 1337 et
578 1292 610 1337 ut
619 1281 648 1337 in
658 1282 846 1357 paucioribus,
858 1291 923 1340 tunc
934 1291 1050 1340 eventus
1059 1299 1181 1355 sequens

96 1401 155 1441 non
166 1381 241 1439 addit
250 1380 284 1438 ad
294 1381 446 1439 bonitatem
457 1380 502 1437 vel
513 1362 548 1437 aid
558 1379 692 1438 malitiam
703 1380 813 1438 acuis.''

137 1485 184 1539 18.
205 1479 411 1538 Animadvertit
435 1480 536 1536 iterum
553 1479 590 1537 S.
605 1478 788 1555 Alphonsus:
812 1480 874 1537 “Si
894 1498 1053 1552 causaque
1071 1481 1183 1557 ponitur

97 1591 197 1638 natura
217 1599 270 1636 sua
289 1578 403 1636 inducat
422 1579 506 1635 talem
527 1578 659 1635 effectum
680 1580 797 1646 malum,
819 1589 913 1637 tamen
933 1581 1092 1637 necessario
1114 1581 1182 1656 poni

94 1678 186 1745 debet,
200 1688 265 1736 tunc
279 1677 396 1735 effectus
416 1677 518 1745 malus,
531 1677 598 1734 licet
618 1679 764 1753 praevisus,
778 1697 835 1736 non
856 1688 949 1735 tamen
969 1679 1072 1736 volitus
1093 1690 1121 1735 et
1141 1679 1183 1736 in·

95 1788 198 1845 tentus,
211 1774 389 1835 nullomodo
403 1786 446 1833 est
458 1776 640 1852 imputabilis,
656 1777 681 1833 si
696 1777 819 1848 aliquam
832 1778 1050 1852 praecautionem
1062 1794 1183 1852 operans

96 1876 264 1933 adhibuerit.
306 1875 356 1931 Sic
368 1893 424 1931 non
437 1875 591 1950 imputatur
603 1873 734 1949 chirurgo
747 1875 875 1949 pollutio,
889 1892 974 1945 quam
991 1873 1119 1949 previdit
1131 1874 1184 1930 sibi

97 1982 281 2044 sequuturam
293 1989 330 2029 ex
343 1981 414 2029 tactu
427 1973 588 2030 necessario
608 1973 733 2030 mulieris
755 1973 785 2029 in
805 1972 928 2048 partibus
950 1971 1090 2039 verendis,
1104 1972 1184 2030 dum·
1249 2046 1252 2053 Ι

96 2071 184 2131 modo
197 2090 259 2128 eam
272 2088 329 2128 non
342 2070 499 2128 intenderit
542 2072 607 2129 Nec
627 2071 779 2146 imputatur
798 2071 921 2130 studenti
943 2072 980 2129 ob
1001 2073 1144 2148 propriam
1156 2082 1185 2129 et

97 2170 216 2228 aliomm
229 2170 374 2227 utilitatem
388 2170 511 2227 materiis
524 2171 597 2227 sexti
610 2172 752 2246 praecepti,
764 2173 789 2228 si
801 2172 863 2246 ipse
876 2170 1038 2247 hujusmodi
1051 2170 1184 2228 effectum

97 2288 155 2327 non
168 2267 326 2335 intenderit,
338 2265 493 2325 dummodo
503 2269 736 2344 complacentiam
750 2270 866 2345 repellat
875 2269 905 2325 in
918 2279 981 2325 actu
992 2287 1049 2340 quo
1059 2269 1185 2340 sequitur

98 2367 226 2442 pollutio.
268 2366 352 2424 Ratio
366 2367 433 2437 quia
446 2377 511 2424 tunc
524 2386 582 2424 non
596 2377 704 2424 tenetur
716 2386 831 2425 causam
844 2367 921 2424 illam
942 2367 1048 2435 tollere,
1063 2367 1107 2424 vel
1127 2386 1184 2425 non

98 2483 222 2541 poncrc;
243 2475 271 2522 et
283 2465 333 2536 qui
344 2464 431 2520 utitur
446 2466 511 2542 jure
525 2485 577 2523 suo
590 2485 647 2523 non
661 2465 762 2524 dicitur
774 2486 859 2523 causa
875 2465 992 2523 effectus
1005 2485 1063 2524 non
1076 2467 1185 2533 intenti,

98 2572 127 2620 et
146 2582 197 2639 per
217 2563 347 2620 accidens
369 2564 491 2637 sequuti,
513 2565 571 2621 imo
592 2565 623 2621 in
644 2565 690 2621 tali
712 2585 779 2623 casu
792 2566 902 2623 videtur
914 2566 1004 2642 magis
1018 2565 1085 2642 pati,
1100 2583 1185 2637 quam

99 2681 190 2738 agere.
232 2663 259 2720 Α
280 2661 399 2727 fortiori,
421 2681 478 2719 non
500 2663 651 2739 imputatur
671 2663 789 2721 effectus
809 2683 932 2736 sequens
953 2683 990 2720 ex
1011 2682 1096 2722 eausa
1117 2663 1185 2720 alias

99 2760 217 2818 honesta
229 2772 259 2817 et
270 2760 357 2825 licita,
371 2770 402 2816 ut
421 2761 539 2836 pollutio
560 2780 622 2833 quae
645 2761 731 2819 oritur
751 2781 788 2819 ex
809 2763 989 2835 equitatione,
1011 2762 1056 2818 vel
1076 2763 1139 2818 cibo
1159 2771 1188 2817 et

97 2871 165 2935 potu
179 2859 342 2923 moderato;
365 2868 430 2917 tune
452 2860 527 2916 enim
549 2860 666 2917 effeetus
687 2879 744 2917 non
758 2862 880 2917 intentus
897 2869 940 2915 est
952 2878 1003 2935 per
1016 2857 1146 2916 accidens
1159 2869 1187 2916 et

99 2958 256 3016 secundum
269 2958 302 3016 S.
317 2956 462 3014 Thomam
476 2957 495 3014 l.
510 2959 557 3015 cit
572 2977 629 3015 non
643 2969 686 3014 est
699 2949 920 3034 imputabilis.”²

141 3060 187 3114 19.
209 3058 281 3124 Quae
299 3075 336 3114 ex
352 3055 432 3114 bonis
446 3043 562 3124 actibus,
576 3057 622 3114 vcl
634 3058 683 3127 qui
697 3076 747 3133 per
765 3076 796 3114 se
818 3057 912 3124 licent,
927 3058 1110 3116 desumuntur
1122 3076 1187 3133 pec·

99 3166 225 3213 catomm
239 3156 413 3222 occasiones,
427 3174 484 3213 non
505 3164 624 3231 possunt
639 3156 665 3212 ei
679 3157 809 3231 imputari
830 3158 879 3228 qui
896 3159 981 3214 utitur
989 3158 1053 3234 jure
1067 3174 1129 3222 suo,
1144 3157 1188 3214 vel

99 3255 152 3326 qui
166 3255 274 3311 virtutis
288 3256 380 3313 studio
393 3254 544 3331 prudenter
556 3255 622 3330 agit.
666 3254 715 3311 Sic
731 3255 832 3312 mulier
845 3274 907 3327 quae
921 3255 1018 3311 munia
1031 3253 1189 3310 necessaria

100 3352 215 3427 pietatis
228 3355 383 3425 exequitur,
397 3372 455 3411 non
468 3363 512 3408 est
525 3352 673 3427 culpanda,
688 3352 754 3408 licet
774 3352 890 3406 maritus
911 3349 976 3406 inde
990 3346 1186 3416 excandescat,

100 3450 173 3507 etin
186 3449 332 3508 maledicta
344 3461 489 3526 erumpat:
512 3449 563 3507 sed
583 3450 607 3505 si
628 3459 724 3506 contra
742 3449 833 3505 mariti
847 3448 1016 3505 voluntatem
1031 3446 1101 3504 ultra
1113 3447 1190 3519 quod

101 3558 275 3624 praeceptum
287 3562 330 3607 cst
343 3561 422 3608 vacet
435 3550 545 3625 pietatis
559 3547 670 3615 officiis,
684 3567 749 3606 cum
763 3549 841 3624 pacis
855 3547 1016 3606 domestice
1029 3546 1188 3624 dispendio,

103 3665 161 3704 non
175 3647 227 3703 erit
240 3647 321 3705 facile
335 3647 506 3714 excusanda,
521 3666 608 3719 quum
622 3657 726 3704 temere
739 3646 787 3704 det
798 3648 846 3704 irae
859 3648 1047 3705 occasionem.
1090 3647 1192 3704 Puella

102 3763 165 3816 quae
179 3745 306 3804 modeste
319 3758 416 3806 ornata
426 3748 454 3803 in
466 3747 608 3822 publicum
622 3745 757 3821 procedit,
769 3765 821 3803 suo
831 3747 894 3823 jure
907 3746 1002 3814 utitur,
1015 3755 1044 3802 et
1056 3744 1120 3802 ideo
1133 3763 1191 3803 non

103 3942 263 4017 periantur:
287 3943 373 4028 sedlsi
385 3942 499 4002 brachia
511 3952 539 4000 et
551 3953 649 4020 peetus
662 3942 794 4011 denudet,
808 3944 963 4019 pracsertim
976 3951 1072 3998 contra
1082 3957 1190 3998 morem

103 4040 239 4117 regionis,
253 4042 299 4098 vel
312 4043 380 4100 alias
393 4061 424 4099 se
438 4040 534 4099 induat
546 4043 639 4099 minus
652 4041 781 4108 honesto,
795 4042 879 4116 culpa
891 4057 949 4096 non
961 4038 1013 4094 erit
1025 4039 1169 4096 immunis.

143 4143 193 4198 20.
215 4140 407 4199 involuntaria
418 4139 552 4200 absolute
565 4150 593 4197 et
604 4140 769 4216 simpliciter
779 4138 909 4196 dicuntur
918 4155 952 4193 ea
961 4155 1023 4208 quae
1034 4137 1191 4198 nullatenus

439 4293 482 4359 (l)
500 4289 589 4340 Theol.
600 4290 664 4339 Mor.
677 4290 723 4339 lv.
733 4289 786 4340 Art.
798 4288 824 4339 ii.
836 4306 859 4340 x·
934 4264 937 4269 .

438 4377 480 4444 (Ω)
500 4375 592 4426 lbidern
604 4375 652 4425 xiv.

146 4456 159 4469 *
188 4441 264 4504 vot.
280 4444 371 4506 1.-3
