2744 4980
376 50 514 187 g'.

275 399 333 460 DE
354 397 714 463 OBLlGATIONIBUS
734 402 1067 467 rumulosottunt.
1158 411 1214 466 not

125 562 254 623 triduum
267 562 368 632 desert,
379 566 429 623 ubi
441 566 466 623 is
477 554 573 639 aliquo
580 567 664 643 signo
672 567 822 626 distinctus
830 565 899 627 est.¹
918 574 948 628 2.
963 569 1075 644 quando
1084 581 1217 647 suscepto

124 663 177 720 tali
190 662 287 721 habim
301 665 424 739 professi
432 675 546 723 exercet
555 667 615 742 jus,
629 685 647 721 v
659 686 667 722 r
681 685 719 742 g:
733 666 901 744 suffragium
911 669 940 727 in
953 669 1076 744 capitulo
1089 667 1215 727 terendo.

127 766 160 820 3.
181 763 208 820 si
226 761 339 821 habitus
365 746 558 839 professorum
578 765 711 840 specialis
730 785 787 824 nou
814 767 861 834 sit,
884 768 933 841 qui
959 777 1025 843 post
1043 768 1217 843 tyrocinium

127 878 237 919 annum
251 863 391 938 integrum
406 861 531 920 habitum
544 861 651 921 ordinis
664 863 763 933 desert,
779 875 908 923 censetur
926 863 1101 942 professus.²
1140 866 1218 925 Reli·

128 960 206 1035 giosi
219 959 344 1018 habitum
358 962 515 1036 specialem
529 962 574 1018 sui
588 963 696 1021 ordinis
710 971 814 1021 temere
834 963 997 1023 deserentes
1011 966 1040 1024 iu
1053 984 1218 1025 excommu-

128 1058 303 1117 nicationem
323 1054 494 1118 incurrunt?
534 1057 678 1119 Ceterum
699 1078 783 1120 nemo
802 1062 895 1139 palam
914 1062 1005 1122 desert
1016 1063 1142 1122 habitum
1155 1065 1219 1124 reli·

128 1157 245 1232 giosunr
258 1158 288 1216 in
306 1157 361 1216 hac
380 1159 507 1236 regione,
528 1162 658 1231 quamvis
680 1160 875 1229 Dominicani,
892 1162 1019 1230 Jesuita,
1034 1163 1138 1235 aliique
1152 1181 1217 1223 eum

130 1253 211 1314 domi
233 1254 370 1315 delerant.
412 1258 544 1317 Moribus
566 1259 652 1335 igitur
671 1260 785 1326 nostris,
806 1261 853 1333 qui
874 1279 968 1319 rerum
991 1261 1131 1338 adjunctis
1153 1275 1219 1320 suut

130 1355 348 1424 accommodati,
361 1356 496 1433 obligatio
509 1355 571 1414 hac
585 1376 642 1414 uon
655 1369 699 1416 est
711 1368 833 1433 recepta.

173 1458 223 1512 5³.
246 1453 287 1512 Ut
298 1454 448 1530 professio,
463 1474 526 1529 que
540 1454 593 1513 luit
614 1456 702 1523 nulla,
715 1457 807 1513 valeat
827 1455 973 1534 deinceps,
996 1477 1115 1516 necesse
1135 1467 1221 1516 estut

130 1553 199 1626 quis
218 1553 313 1611 sciens
334 1571 396 1611 eam
418 1573 476 1612 nou
499 1553 631 1621 valuisse,
652 1555 721 1612 velit
739 1574 803 1613 eam
823 1557 924 1614 iterum
939 1557 1076 1624 emittere,
1090 1567 1119 1614 et
1131 1566 1220 1614 ratam

129 1651 247 1710 habere.
289 1651 420 1718 Quodsi
441 1655 506 1726 quis
526 1653 657 1712 nesciens
678 1653 784 1726 aliquid
806 1654 948 1712 obstitisse
969 1674 1005 1712 ne
1026 1655 1139 1722 valeret,
1154 1655 1222 1712 velit

130 1769 198 1809 eam
211 1760 298 1809 ratam
312 1750 424 1818 habere,
439 1771 473 1808 ea
486 1751 595 1827 adjecta
607 1752 779 1821 conditione,
802 1754 959 1825 “quamvis
972 1755 1009 1811 ob
1029 1754 1154 1827 aliquem
1174 1752 1221 1810 de·

131 1848 238 1909 fectum
258 1849 334 1908 haud
357 1850 505 1918 valuerit,”
520 1868 577 1908 non
600 1851 665 1909 ideo
688 1860 818 1927 putamus
838 1869 901 1908 eam
920 1861 1006 1909 ratam
1020 1851 1178 1910 habendam
1191 1853 1221 1909 in

130 1946 196 2007 soro
208 1961 337 2015 externo,
346 1967 433 2022 quum
442 1948 608 2026 hujusmodi
619 1950 764 2008 notificatio
777 1969 814 2008 ex
823 1967 916 2008 errore
927 1950 1068 2026 proticisci
1081 1950 1222 2009 censenda

131 2048 180 2105 sit.

174 2150 224 2204 ut.
245 2147 430 2207 Professione
443 2149 564 2206 solemni
578 2151 695 2216 emissa,
710 2161 774 2209 rota
786 2149 928 2225 simplicia
940 2159 1021 2206 autea
1033 2148 1116 2216 sacta,
1130 2149 1222 2206 extin-

132 2246 183 2322 gui
195 2257 357 2315 censentur,
371 2266 437 2305 nam
452 2249 576 2306 “omnia
588 2249 642 2306 alia
654 2257 719 2306 vota
731 2257 798 2306 sunt
810 2246 997 2321 quommdam
1011 2247 1220 2322 particularium

132 2362 264 2419 operum,
278 2345 329 2403 sed
341 2364 393 2423 per
405 2345 573 2422 religionem
586 2347 672 2404 homo
693 2357 780 2405 totam
799 2346 886 2406 vitam
906 2363 988 2402 suam
1008 2342 1064 2403 Dei
1084 2345 1221 2419 obsequio

133 2440 298 2519 deputat.'’⁴
337 2443 411 2502 Haec
424 2445 493 2502 ratio
507 2445 575 2503 aD.
590 2445 706 2503 Thoma
718 2445 844 2504 traditur.

175 2546 226 2599 55.
253 2542 405 2601 Professus
427 2543 462 2600 ad
487 2544 690 2620 perlectionem
717 2542 830 2603 tendere
856 2542 949 2611 debet,
976 2562 1043 2601 nam
1070 2542 1148 2600 “ille
1175 2543 1224 2615 qui

134 2650 240 2698 statum
258 2641 403 2718 religionis
427 2644 554 2710 assumit,
568 2661 626 2702 nou
649 2652 759 2701 tenetur
780 2643 883 2701 habere
903 2641 1054 2718 perfectam
1068 2642 1222 2705 caritatem,

135 2738 187 2796 sed
201 2749 310 2798 tenetur
322 2741 358 2798 ad
370 2741 426 2801 hoc
439 2741 564 2809 tendere,
579 2751 608 2799 et
619 2760 736 2817 operam
750 2741 828 2808 dare,
843 2750 875 2797 ut
887 2741 987 2796 habeat
1002 2739 1147 2796 caritatem
1160 2755 1224 2812 per-

134 2833 288 2896 sectam-”5

176 2942 226 2995 56.
248 2937 294 2995 De
316 2948 454 3015 potestate
467 2939 612 3013 pontificia
631 2939 660 2996 iu
682 2941 756 2997 votis
778 2916 953 2995 solemnibus
975 2934 1158 3009 dispensandi
1177 2931 1226 2989 ali·

137 3036 252 3108 quando
274 3036 446 3114 disputatum
467 3046 520 3094 est.
562 3038 600 3095 D.
623 3038 763 3105 Thomas,
784 3036 942 3096 lnuoceutii
965 3033 1019 3092 lll.
1041 3032 1172 3090 decretali
1185 3031 1226 3089 in-

137 3135 234 3202 nixus,
248 3135 335 3194 dicit:
358 3137 416 3192 “in
429 3146 496 3193 voto
513 3135 699 3194 solemnizato
713 3156 764 3212 per
777 3135 984 3212 professionem
998 3131 1153 3207 religionis,
1168 3148 1227 3188 uon

136 3244 235 3308 potest
256 3253 307 3309 per
332 3234 496 3293 Ecclesiam
520 3229 727 3309 dispensari.”⁶
767 3234 911 3290 ceterum
938 3229 1081 3286 affirmans
1107 3227 1227 3284 obtinuit

136 3333 288 3398 sententia,
315 3333 443 3407 pluribus
476 3331 649 3388 Pontificum
681 3330 822 3404 exemplis
848 3327 1039 3402 comprobata.
1082 3323 1227 3396 Equidem

137 3438 268 3487 votorum
282 3429 447 3486 solemnitas
460 3422 559 3486 eorum
572 3437 701 3485 naturam
714 3446 772 3485 nou
785 3435 883 3491 mutat,
898 3423 949 3481 sed
969 3423 1026 3479 vim
1041 3421 1184 3496 quandam
1199 3424 1228 3480 in

138 3526 202 3584 soro
215 3537 332 3584 externo
346 3527 381 3583 iis
404 3527 499 3584 tribuit
520 3544 557 3583 ex
577 3526 718 3583 Ecclesiae
738 3524 938 3599 acceptatione,
960 3521 1036 3594 quin‘
1049 3522 1132 3580 saciat
1151 3520 1229 3593 quod

135 3635 283 3697 nequeant
295 3625 424 3682 relaxari.
466 3623 550 3690 Quod
565 3633 656 3681 autem
672 3623 855 3682 Innocentius
868 3621 924 3680 ΙΙΙ.
939 3623 968 3678 in
981 3620 1103 3679 concilio
1117 3621 1230 3678 Latera·

138 3724 224 3782 nensi
238 3724 291 3781 lV.
305 3724 379 3782 dixit
400 3724 552 3780 Summum
573 3723 742 3780 Pontificem
756 3742 813 3781 nou
827 3740 913 3798 posse
925 3721 1070 3778 licentiam
1084 3718 1228 3795 indulgere

136 3823 268 3898 professo
288 3823 486 3900 proprietatem
506 3840 601 3879 rerum
619 3821 753 3889 habendi,
775 3822 819 3878 vel
839 3820 972 3878 castitatis
992 3815 1141 3876 deserendi
1162 3835 1225 3890 pro-

176 3982 218 4044 (1)
233 3979 296 4045 Cap.
308 3981 341 4029 iii.
352 3980 382 4028 de
392 3980 467 4040 regul.
480 3978 505 4027 in
519 3977 543 4025 6.

173 4067 214 4129 (2)
235 4064 297 4128 Cap.
310 4064 334 4112 ii.
345 4064 376 4112 de
387 4065 462 4125 regul.
472 4063 496 4111 in
510 4064 534 4118 6,
543 4074 568 4111 et
579 4061 699 4111 Clement.
712 4061 735 4110 ii.
748 4060 777 4109 de
789 4060 865 4121 regul.

174 4149 216 4214 (³)
237 4148 331 4212 Capii
349 4148 376 4198 N
378 4165 391 4197 e
403 4148 483 4198 clerici
497 4149 533 4197 vel
545 4146 660 4197 monachi
671 4147 696 4195 in
710 4148 734 4192 6.

177 4236 220 4300 (t)
240 4237 264 4284 2.
274 4233 298 4284 2.
310 4250 351 4298 qu.
363 4233 473 4283 lxxxviii.
481 4241 523 4282 art.
537 4234 578 4283 xii.
589 4232 620 4282 sd
631 4232 648 4282 i.
749 4230 790 4294 (⁵)
810 4227 834 4276 2.
846 4225 870 4278 2.
881 4243 922 4291 qu.
934 4224 1043 4277 clxxxvi.
1055 4224 1125 4274 artii.

177 4321 220 4386 (o)
240 4321 265 4368 2.
277 4321 301 4368 2.
309 4334 351 4383 qu.
362 4318 472 4368 lxxxviii.
486 4327 530 4368 art.
542 4318 575 4367 ai.
610 4314 685 4383 Κεφ.
