2766 4996
519 403 575 463 DE
597 404 744 465 BELLO.
1125 413 1182 467 251

93 573 214 628 rationes
225 568 313 625 cladis
324 566 476 626 inferendae
490 586 553 640 que
567 569 643 627 nulls
655 569 937 647 humanaprudentia
947 572 1044 629 evitari
1054 582 1184 649 possunt,

93 670 137 727 vel
152 688 215 741 quoe
230 667 402 724 atrocitatem
416 669 542 744 sapiunt.

133 773 182 826 28.
205 766 355 842 Flagrante
368 766 443 824 bello
455 767 532 823 civili
545 767 595 838 qui
615 785 707 825 rerum
727 769 832 843 potitur
850 771 928 826 cives
948 769 1003 826 sibi
1025 770 1187 827 resistentes

95 867 212 924 rebelles
236 866 365 932 aestimat,
387 882 494 937 eosque
514 877 612 942 captos
633 867 799 942 suspendio,
820 868 866 925 vel
892 867 946 924 alia
971 878 1061 925 morte
1087 868 1186 926 infami

94 976 184 1024 necat.
227 964 346 1030 Quoties
360 961 395 1020 de
408 963 550 1020 seditiosis
565 965 665 1039 agitur,
679 966 789 1023 scilieet
801 963 836 1022 de
850 966 885 1023 iis
899 967 948 1036 qui
971 983 1008 1021 ex
1020 965 1077 1023 levi
1090 985 1185 1034 causa,

95 1063 141 1122 vel
156 1064 216 1121 sole
228 1061 392 1121 dominandi
406 1062 452 1118 vel
470 1061 627 1121 ditescendi
646 1063 774 1132 libidine,
798 1064 1000 1140 rempublicam
1014 1066 1187 1140 perturbant,

96 1163 269 1240 supplicium
285 1163 396 1238 justum
417 1173 478 1217 est:
508 1162 558 1218 sed
579 1163 604 1219 si
628 1163 777 1240 contigerit
807 1163 907 1239 populi
929 1181 1059 1238 magnam
1080 1173 1187 1238 partem

97 1263 183 1320 armis
198 1272 314 1328 certare,
329 1261 414 1319 etiam
428 1260 535 1332 absque
544 1262 621 1337 justa
634 1279 729 1329 eausa,
745 1279 900 1337 paucorum
923 1261 1065 1336 supplicio
1079 1263 1188 1320 ceteris

98 1361 198 1437 poterit
212 1373 304 1416 metus
318 1359 414 1425 incuti,
428 1358 478 1414 sed
489 1359 518 1416 in
532 1359 741 1418 multitudinem
752 1379 810 1418 non
824 1370 868 1417 est
879 1362 918 1418 ita
930 1358 1115 1417 saeviendum.
1156 1360 1189 1417 Si

98 1460 220 1535 populus
235 1456 384 1533 tyrannide
398 1475 513 1532 pressus
533 1458 618 1515 armis
634 1461 701 1536 jura
723 1478 776 1517 sua
796 1468 881 1536 petat,
902 1459 1036 1535 princeps
1058 1457 1143 1516 debet
1162 1461 1189 1518 ei

98 1557 258 1615 satisfacere
281 1555 357 1629 quod
383 1573 496 1627 aequum
519 1558 557 1614 sit
581 1553 798 1623 coneedend03¹
818 1577 875 1630 qua
895 1558 1002 1614 ratione
1024 1558 1049 1614 si
1068 1568 1190 1631 nequeat

99 1676 164 1714 eum
178 1655 301 1732 placare,
317 1654 463 1712 rebellium
477 1657 564 1713 instar
577 1657 677 1731 punire
688 1657 792 1732 poterit
805 1657 854 1727 qui
867 1655 996 1713 ordinem
1010 1655 1153 1731 publicum
1162 1667 1191 1714 et

98 1755 265 1832 gubemium
288 1763 413 1811 evertere
434 1753 568 1811 laborant.
611 1755 644 1811 Si
661 1756 795 1831 princeps
816 1754 885 1812 alter
904 1752 939 1810 de
953 1755 1018 1829 jure
1031 1756 1111 1829 regni
1124 1773 1190 1812 eum

98 1873 133 1911 eo
144 1855 192 1926 qui
202 1872 295 1911 rerum
309 1852 415 1929 potitur
424 1863 520 1920 certet,
535 1853 672 1928 probabili
684 1854 711 1910 ei
721 1852 834 1910 favente
848 1852 967 1918 ratione,
975 1849 1082 1908 bellum
1092 1870 1191 1928 geren·

99 1953 168 2009 dum
179 1964 222 2008 est
231 1970 308 2010 more
322 1959 469 2020 consueto,
483 1963 512 2010 et
523 1951 599 2029 eapti
612 1952 757 2010 rebellium
772 1952 859 2009 instar
871 1969 930 2009 nou
949 1957 1017 2007 sunt
1034 1950 1189 2019 tractandi3

99 2052 226 2124 alioquin
241 2049 350 2109 dabitur
367 2050 445 2108 alteri
459 2052 572 2109 occasio
595 2061 693 2127 captos
706 2049 805 2110 eadem
820 2069 905 2127 poena
917 2043 1096 2126 plectendi:²
1115 2030 1197 2122 quod
1233 2038 1239 2049 ¹
1309 2032 1329 2077 ἰ
1359 2114 1366 2127 ,

101 2169 191 2226 nuper
204 2151 322 2226 contigit
335 2148 440 2207 Carolo
454 2170 518 2209 eum
533 2148 722 2209 Christinade
736 2168 824 2228 reguo
839 2149 1044 2226 Hispaniarum
1058 2158 1191 2216 certante,
1250 2146 1258 2165 '

101 2249 191 2307 donec
206 2250 320 2325 Anglici
342 2248 482 2307 Gubemii
501 2267 587 2326 opera
600 2251 635 2306 ab
656 2250 742 2307 atroci
756 2249 804 2307 illa
823 2256 969 2324 captorum
983 2247 1125 2323 supplicio
1143 2246 1191 2305 de·

101 2349 211 2405 sierint.

143 2449 192 2502 29.
215 2444 247 2503 ln
269 2445 342 2504 bello
368 2457 478 2506 terreno
500 2446 595 2524 prreda
616 2448 736 2523 capitur,
757 2455 897 2519 quatenus
917 2446 1076 2504 necessaria
1096 2455 1140 2504 est
1158 2444 1193 2502 ad

101 2544 213 2602 hostem
230 2545 441 2616 conterendum,
456 2557 484 2603 et
502 2547 537 2604 ad
556 2546 744 2625 reparandum
765 2547 908 2624 injuriam.
950 2543 1059 2604 Milites
1080 2547 1129 2619 qui
1142 2563 1195 2622 per

103 2646 234 2720 regiones
248 2662 345 2702 corum
361 2648 409 2718 qui
422 2665 487 2704 cum
500 2645 627 2705 hostibus
641 2665 700 2705 000
714 2655 780 2703 sunt
801 2645 906 2704 soedere
929 2643 1025 2715 aliquo
1038 2644 1193 2721 conjuncti,

105 2745 210 2815 quique
225 2742 374 2801 neutroles
392 2744 532 2813 dicunttu,
546 2754 699 2812 transeunt,
715 2744 786 2802 nihil
806 2751 928 2820 possunt
940 2760 1043 2818 capere
1056 2743 1128 2800 ultra
1146 2760 1194 2799 ne·

103 2843 273 2909 cessitatem,
287 2841 446 2916 debentque
459 2833 618 2900 satisfacere
632 2844 658 2900 si
678 2840 746 2914 quid
760 2841 906 2899 intulerint
918 2832 1042 2896 damni.³
1083 2841 1195 2898 101100-

104 2941 172 2997 tium
187 2943 301 3017 regione
315 2941 387 2998 nihil
400 2940 562 3000 faciendum
582 2948 627 2998 est
645 2940 701 2998 nisi
724 2958 761 2997 ex
781 2939 887 2997 dueum
905 2939 1048 3015 jussione,
1069 2940 1117 3012 qui
1137 2956 1195 2997 000

102 3038 205 3097 debent
217 3041 332 3115 privatis
346 3051 375 3097 et
388 3039 516 3099 innocuis
530 3032 654 3098 civibus⁴
674 3051 780 3097 temere
800 3039 903 3097 inferre
923 3035 1070 3105 damnum,
1091 3039 1136 3096 vel
1149 3056 1196 3096 ec·

138 3289 180 3353 (l)
201 3288 239 3337 De
251 3287 341 3346 Vattel,
353 3286 414 3337 st
425 3289 453 3337 oi
463 3289 577 3349 Nations,
590 3290 605 3338 1.
617 3289 651 3338 111.
662 3304 684 3338 e
696 3289 763 3337 xviii.
776 3291 790 3346 9
804 3290 863 3334 aut.

139 3374 182 3437 (2)
204 3372 305 3429 ibidem,
317 3372 333 3420 l·
343 3371 375 3422 iii.
387 3387 408 3421 e·
419 3373 495 3431 viius
512 3375 566 3420 tte.

139 3458 182 3518 (9)
202 3454 266 3502 Vide
277 3454 384 3503 Cerriere
393 3453 534 3521 dejustitie
543 3454 642 3520 eljure,
653 3453 700 3502 sol.
712 3452 727 3502 i.
738 3467 763 3501 0.
777 3451 834 3499 367.

139 3541 182 3602 (4)
203 3537 317 3586 Decrevit
338 3537 477 3587 Alexander
497 3537 541 3587 111.
559 3538 586 3587 10
606 3536 709 3587 00001110
727 3533 887 3585 Latereuensi
904 3532 959 3592 tit,
970 3549 1037 3584 0000
1055 3537 1127 3597 1179,
1144 3544 1197 3590 “ut

103 3622 243 3688 presbyteri,
254 3620 368 3671 monaehi
380 3623 498 3682 conveni,
508 3620 635 3686 peregrini,
652 3628 803 3680 mercatores,
814 3617 905 3678 rustici,
917 3627 1003 3668 euntes
1014 3621 1051 3670 sel
1063 3621 1199 3684 redeumes,

102 3707 141 3755 vel
161 3707 187 3755 in
206 3705 354 3767 agriculture
373 3704 512 3764 existentes,
534 3711 559 3754 et
577 3704 693 3754 suimslie
709 3704 799 3768 quibus
815 3711 885 3753 erent
905 3710 930 3752 et
946 3703 1040 3752 semine
1058 3713 1156 3768 portent
1167 3705 1197 3755 sd

105 3806 199 3853 sgrum,
213 3804 321 3850 congrue
334 3789 462 3839 securitate
473 3787 607 3839 letentur.”
642 3787 703 3853 Cep.
714 3788 878 3849 lrmoeumtsq
886 3786 922 3837 11.
933 3786 963 3837 de
977 3787 1079 3853 Treugrs
1090 3793 1112 3836 et
1125 3787 1197 3837 Pace.

105 3883 120 3904 ⁸·
130 3873 185 3923 'l‘hs
199 3874 327 3923 American
339 3873 541 3931 commissionem,
552 3873 632 3938 (John
644 3867 1199 3938 0010000300]οωἰοΓηο1110,00(1Τ1101000

106 3957 246 4023 Jeil'erson,)
260 3958 285 4007 in
301 3956 371 4016 1784,
382 3957 513 4007 submitted
525 3965 551 4006 to
562 3958 604 4006 tbe
616 3955 733 4006 Prussien
746 3956 857 4005 minister
868 3969 884 4002 s
894 3952 1042 4018 proposition
1054 3959 1079 4000 to
1090 3951 1199 4017 improee

106 4041 148 4092 the
160 4042 220 4091 lsws
231 4040 258 4090 ol
272 4054 330 4099 ster,
341 4040 371 4102 by
385 4055 399 4089 s
411 4040 505 4089 mutual
516 4039 658 4104 stipulstiou
670 4045 714 4087 not
725 4045 751 4086 to
767 4036 856 4086 molest
875 4033 1094 4093 succensemus,
1105 4049 1132 4083 as
1149 4037 1200 4085 cul·

107 4124 206 4174 tirstors
218 4124 245 4173 oi
259 4123 300 4172 the
311 4122 387 4181 esui,
398 4123 538 4182 fisbermen,
555 4119 703 4180 merehsnts,
721 4119 770 4170 sud
781 4117 872 4168 trsders
892 4117 917 4164 in
930 4117 1047 4167 uuumsd
1058 4116 1134 4184 ships,
1151 4120 1200 4171 snd

107 4209 187 4259 artists
195 4208 242 4258 end
255 4207 395 4258 mechanics
406 4206 543 4268 inhsbitirrg
555 4205 604 4255 sud
615 4205 726 4265 0001103
736 4203 764 4253 10
775 4217 839 4267 open
859 4198 963 4251 10000ν
996 4200 1085 4253 Kent’s
1102 4202 1200 4256 Corum.

108 4295 155 4343 soi
166 4295 182 4344 1.
194 4309 217 4358 p.
228 4296 268 4343 91.
304 4293 378 4343 Note.
