2744 4980
195 413 254 467 228
413 404 470 464 DE
494 399 778 462 REGULAIIIUM
800 397 1067 457 PRIVILEGIIS.

198 572 240 629 eis
254 570 362 626 valeant
374 567 508 634 habitare,
523 565 598 623 etde
613 565 686 623 sacto
699 562 835 627 habitent,
846 562 975 639 subjecta
987 580 1050 618 csse
1064 557 1295 636 intelligentur.”

199 669 353 728 Decretum
367 667 422 724 hoc
435 666 636 724 confirmarunt
649 662 806 738 Gregorius
827 659 894 717 XV.
916 661 1050 719 Urbanus
1063 658 1148 717 VIII.
1164 670 1196 714 et
1209 656 1297 715 Inno-

199 768 309 825 centius
323 760 408 822 XII.¹

238 870 267 921 3.
291 864 467 921 Monasteria
486 859 621 936 erigenda
641 876 698 916 non
718 867 785 915 sunt
804 864 823 893 ‘⁴
835 859 897 915 sine
917 857 1057 933 episcopi,
1076 858 1108 913 in
1126 857 1214 930 cujus
1227 852 1299 910 dice·

201 964 258 1020 cesi
273 960 408 1037 erigenda
420 972 494 1026 sunt,
512 959 626 1015 licentia
645 958 723 1032 prius
736 950 896 1014 obtenta.”²
936 955 1084 1013 Pontificio
1097 956 1187 1012 etiarn
1210 952 1300 1008 licen·

200 1062 269 1120 tiam
283 1058 389 1131 requiri
402 1077 439 1116 ex
453 1059 570 1130 antiquo
585 1058 650 1133 jure
670 1065 789 1120 constat,
809 1054 885 1126 quod
896 1054 1077 1112 Innocentius
1091 1053 1129 1111 X.
1145 1051 1300 1110 Constitu·

203 1161 280 1217 tione
295 1156 520 1223 instaurandae,
535 1153 625 1211 adhuc
638 1151 807 1211 servandum
822 1147 969 1210 decrevit³
988 1152 1033 1210 Ea
1046 1154 1130 1210 etiam
1143 1150 1301 1222 requiritur

206 1256 240 1313 ad
255 1257 427 1314 monasteria
438 1257 499 1332 jam
512 1253 649 1312 aedificata
661 1250 892 1323 derelinquenda.
925 1250 973 1308 En
986 1249 1127 1308 Bonisacii
1141 1247 1231 1307 VIII.
1246 1246 1303 1304 hac

204 1355 239 1411 de
254 1373 283 1410 re
297 1355 460 1411 decretum:
483 1363 502 1389 ‘⁶
514 1352 591 1409 Cum
609 1368 645 1408 ex
659 1368 695 1408 eo
717 1348 794 1422 quod
807 1349 1005 1425 praedicatores
1018 1351 1152 1416 minores,
1168 1360 1199 1404 et
1222 1346 1303 1403 Reli·

206 1453 280 1528 giosi
294 1453 341 1509 alii
355 1450 563 1517 Mendicantes,
584 1451 614 1507 in
634 1448 801 1515 civitatibus,
816 1450 926 1514 castris,
940 1448 1025 1515 villis,
1039 1460 1087 1506 aut
1100 1447 1163 1505 aliis
1177 1445 1252 1503 locis
1265 1443 1304 1500 ad

205 1548 398 1616 habitandum,
419 1548 519 1606 domos
534 1548 579 1606 vel
599 1547 662 1605 loca
680 1546 716 1605 de
735 1564 810 1604 nouo
830 1548 998 1624 suscipiunt,
1012 1565 1062 1605 seu
1078 1547 1149 1606 oli1n
1163 1554 1305 1619 suscepta

205 1648 359 1714 dimittunt,
371 1665 401 1703 se
415 1645 519 1705 ibidem
530 1646 630 1704 adalia
642 1645 851 1713 transferentes,
862 1644 975 1704 diversa
983 1645 1115 1704 scandala
1125 1642 1305 1717 quandoque

207 1748 385 1822 proveniant,
400 1755 429 1802 et
441 1745 602 1817 frequentes
614 1745 753 1802 clamores
766 1742 800 1799 ad
821 1743 927 1803 Sedem
941 1745 1136 1822 Apostolicam
1153 1742 1305 1820 perferan-

205 1857 267 1902 tur:
291 1844 355 1902 Nos
376 1862 462 1919 super
480 1844 536 1902 hoc
553 1843 703 1921 providere
722 1841 860 1912 volentes,
880 1842 936 1902 hoc
956 1853 1092 1921 perpetim
1110 1842 1304 1920 prohibemus

206 1942 311 2009 edicto,
326 1961 361 1999 ne
381 1941 517 2018 deinceps
536 1945 649 2016 aliquis,
670 1941 715 1998 vel
737 1941 825 2013 aliqui
844 1941 879 2000 de
898 1942 1050 2017 predictis,
1071 1942 1304 2015 quibuscumque

206 2058 294 2116 super
313 2039 368 2097 hoc
390 2040 547 2116 privilegiis
569 2041 672 2101 muniti
693 2041 827 2109 existant,
851 2040 928 2123 (quae
949 2043 1031 2118 ipsis,
1052 2053 1148 2100 conna
1168 2054 1304 2098 tenorem

207 2138 429 2198 constitutionis
451 2142 598 2214 praesentis
620 2139 782 2197 nullatenus
804 2139 935 2198 volumus
957 2138 1130 2217 suffragari)
1153 2141 1185 2199 iu
1209 2140 1306 2210 aliqua

207 2239 331 2301 civitate,
352 2251 455 2305 castro,
469 2238 546 2306 villa,
568 2257 618 2296 seu
639 2238 703 2295 loco
724 2255 905 2311 quocumque
927 2239 963 2297 ad
983 2238 1165 2298 habitandum
1188 2238 1305 2301 domos,

207 2336 252 2393 vel
266 2355 299 2393 ea
313 2334 493 2403 venditionis,
515 2337 738 2412 permutationis,
760 2335 930 2404 donationis,
944 2349 991 2396 aut
1008 2339 1134 2416 cujusvis
1155 2338 1306 2396 alienatio·

208 2436 253 2491 nis
268 2434 347 2491 titulo
370 2452 551 2506 quocumque
571 2438 601 2494 in
620 2436 691 2494 alios
712 2435 862 2495 transferre
885 2449 1066 2512 presumant,
1087 2437 1195 2509 absque
1217 2435 1305 2493 Sedis

210 2531 382 2606 Apostolicae
396 2530 509 2589 licentia
528 2534 654 2609 speciali,
676 2533 789 2609 plenam
809 2546 837 2591 et
856 2553 1021 2611 expressam
1035 2536 1154 2594 iaciente
1177 2536 1216 2593 de
1240 2555 1307 2611 pro·

210 2629 346 2686 bibitione
361 2628 525 2702 hujusmodi
538 2634 728 2690 mentionem:
749 2634 774 2689 si
794 2651 877 2691 secus
897 2636 1013 2710 egerint,
1027 2635 1135 2693 irritum
1148 2633 1307 2693 decernen-

211 2725 300 2784 tes.''⁴
329 2735 348 2759 ‘⁶
361 2725 535 2784 monasteria
548 2748 684 2787 concessa
697 2731 732 2787 ab
743 2731 1015 2803 Universitatibus,”
1030 2735 1069 2792 ait
1081 2733 1112 2790 S.
1123 2734 1306 2810 Alphonsus,

212 2838 230 2860 ‘·
243 2844 308 2883 cum
322 2823 565 2895 derelinquuntur,
585 2827 614 2884 in
636 2845 736 2885 manus
756 2828 899 2888 Ordinarii
922 2831 1079 2905 derelinqui
1098 2831 1213 2899 debent,
1235 2845 1263 2891 at
1280 2835 1307 2890 si

214 2924 339 2998 propriis
352 2922 517 2988 redditibus,
532 2934 560 2980 et
572 2922 764 3001 eleemosynis
780 2927 915 2986 edificata
928 2931 1040 2996 fuerint,
1054 2943 1202 2991 remanent
1215 2934 1245 2990 in
1259 2932 1310 2989 do-

210 3022 302 3078 minio
323 3019 546 3096 Religiosorum
567 3033 599 3079 ut
618 3019 652 3078 de
674 3024 710 3079 iis
725 3026 837 3098 possint
848 3027 936 3085 libere
953 3024 1155 3106 disponere.”⁵
1195 3031 1232 3089 Iu
1252 3032 1308 3088 hac

210 3139 243 3176 au
249 3131 305 3176 tem
320 3119 447 3194 regione,
463 3137 550 3190 quum
564 3118 667 3177 domus
680 3120 835 3197 Religiose
854 3135 881 3180 et
893 3126 1020 3185 ecclesia
1035 3129 1203 3204 plerumque
1218 3129 1308 3188 aediti·

211 3229 311 3276 centur
325 3236 378 3274 aere
393 3218 537 3284 collatitio,
557 3216 687 3276 fidelibus
707 3219 884 3280 sacerdotum
905 3225 1093 3286 ministerium
1113 3229 1169 3287 sibi
1187 3247 1309 3306 compa-

212 3337 283 3384 rare,
300 3318 480 3392 potiusquam
495 3315 602 3375 ordinis
616 3309 808 3394 augmentum,
823 3321 1031 3397 exoptantibus,
1045 3326 1182 3400 injustum
1195 3328 1310 3387 videtur

211 3435 296 3492 agros
311 3416 354 3471 vel
369 3415 470 3474 domos
485 3415 616 3483 vendere,
631 3417 666 3475 ad
680 3436 718 3475 ns
733 3418 857 3477 alienum
878 3419 1055 3489 solvendum,
1069 3424 1115 3479 vel
1127 3442 1162 3481 ea
1174 3427 1230 3484 sibi
1243 3430 1309 3485 reti·

211 3533 290 3576 nere,
305 3531 373 3569 cura
387 3515 544 3572 animarum
557 3513 700 3573 derelicta.
1106 3501 1107 3504 Ἴ

250 3616 277 3665 4.
303 3609 441 3666 Ecclesiae
456 3612 559 3682 quibus
580 3614 737 3672 animarum
758 3624 824 3672 cura
843 3627 886 3672 est
908 3616 1029 3686 adnexa,
1050 3621 1103 3676 etsi
1125 3625 1308 3680 monasteriis

210 3708 368 3784 adjaceant,
394 3718 423 3764 et
444 3708 598 3784 Regulares
621 3712 760 3787 parochos
783 3713 913 3781 habeant,
928 3718 1114 3777 immunitatis
1128 3718 1163 3778 ab
1177 3720 1308 3798 episcopi

244 3962 279 4020 (l)
293 3961 357 4012 Vide
367 3961 430 4012 Bon.
445 3964 494 4014 xiv.
507 3964 537 4013 de
549 3962 611 4028 Syn.
626 3965 642 4015 1.
654 3966 688 4016 iii.
700 3981 722 4016 c.
733 3967 757 4016 ii.
769 3979 794 4016 n.
810 3968 829 4016 l.

246 4045 289 4109 (2)
300 4045 369 4097 Trid.
382 4046 448 4098 Sese.
460 4064 518 4100 xxv.
527 4064 548 4099 c.
559 4049 593 4099 iii.
605 4050 635 4100 de
646 4049 702 4100 Sed.

246 4130 287 4196 (3)
307 4129 370 4180 Vide
383 4130 447 4182 Bon.
458 4135 506 4185 xiv.
517 4134 547 4183 ds
559 4134 620 4198 Syn.
632 4135 710 4186 Dioec.
722 4137 737 4186 l.
750 4138 782 4187 ix.
791 4152 843 4202 cup.
856 4136 908 4189 Ιιι.
922 4141 945 4188 9.

243 4216 281 4278 (4)
297 4212 359 4279 Cap.
369 4216 434 4266 unic
447 4216 477 4266 ds
489 4232 581 4268 excsss.
593 4219 662 4283 prol.
673 4221 700 4269 in
716 4222 739 4269 o.
835 4221 878 4291 (5)
889 4225 955 4290 App.
967 4224 994 4275 ii.
1006 4224 1071 4276 Prir.
1083 4243 1105 4277 c.
1117 4228 1149 4277 iv.
1163 4242 1189 4277 n.
1199 4231 1241 4277 82.
