2744 4980
194 440 233 494 54
398 434 454 493 DE
476 435 736 496 SENTENTIIS
757 434 1071 496 PROBABILIBUS.

235 603 285 658 29.
315 599 350 657 ln
368 598 486 676 judiciis
509 601 604 658 minus
627 601 801 676 probabilem
824 602 992 659 sententiam
1016 603 1096 673 sequi
1119 602 1287 662 nonlicet:

196 718 263 757 nam
277 699 322 755 vel
334 709 439 755 certam
452 708 481 755 et
491 699 637 775 probatam
656 701 698 756 rei
711 700 866 766 veritatem,
881 699 927 755 vel
947 720 1008 773 quae
1029 699 1063 757 ad
1076 719 1173 758 verum
1196 702 1289 776 magis

201 796 309 855 accedit
320 798 488 854 sententiam
502 797 586 854 debet
605 800 684 869 sequi
705 798 812 874 judex3
834 799 883 868 qui
894 798 1025 875 injuriam
1039 798 1143 856 laceret
1154 801 1225 875 parti
1239 817 1290 874 po·

199 897 272 963 tiori,
287 896 311 951 si
325 895 403 952 alteri
417 898 527 954 minora
540 896 654 952 habenti
667 905 811 953 momenta
822 896 962 954 radonum
977 898 1090 955 faveret.
1121 898 1199 955 Hinc
1214 896 1290 955 dam-

198 1004 262 1052 nata
285 1005 328 1049 est
347 994 412 1069 jure
437 995 545 1070 optimo
568 996 743 1069 propositio:
773 993 992 1052 “Probabiliter
1013 996 1147 1055 existimo
1163 996 1290 1073 judicem

199 1110 286 1169 posse
296 1090 424 1168 judicare
437 1094 520 1169 juxta
539 1094 704 1168 opinionem
724 1095 808 1150 etiam
823 1092 918 1150 minus
938 1088 1161 1170 probabilem.’'¹
1201 1097 1292 1151 Antea

201 1191 382 1249 damnaverat
394 1190 557 1248 Alexander
576 1191 644 1249 VII.
659 1193 828 1251 sententiam
848 1191 923 1250 haud
944 1191 1119 1260 absimilem3
1142 1192 1292 1259 “Quando

200 1291 342 1365 litigantes
356 1288 461 1348 habent
473 1309 525 1365 pro
538 1309 569 1346 se
582 1292 732 1366 opiniones
746 1310 826 1364 aeque
840 1291 1009 1366 probabiles,
1029 1302 1123 1367 potest
1138 1291 1228 1369 judex
1242 1308 1292 1366 pc·

199 1388 313 1448 cuniam
328 1390 458 1465 acciperc
472 1408 523 1464 pro
536 1388 650 1447 ferenda
663 1392 799 1448 sententia
812 1391 842 1448 in
857 1389 982 1448 savorem
1002 1392 1087 1448 unius
1108 1411 1165 1468 prae
1187 1383 1293 1448 alio.’'²

200 1490 233 1548 In
244 1487 362 1565 judiciis
376 1487 411 1544 de
425 1489 590 1546 criminibus
604 1508 652 1546 reo
666 1488 815 1546 favendum
836 1489 914 1564 leges
934 1489 1092 1547 decernunt
1112 1499 1130 1525 ‘⁶
1139 1490 1293 1561 unusquis·

201 1607 256 1661 que
271 1587 348 1643 enirn
362 1587 521 1645 naturaliter
534 1587 712 1662 praesumitur
722 1587 835 1645 bonus'’
847 1580 870 1654 3³
889 1597 918 1644 et
937 1589 1052 1646 “satius
1066 1600 1109 1645 est
1121 1590 1295 1664 impunitum

200 1686 321 1756 relinqui
334 1684 443 1743 saeinus
458 1704 542 1755 quam
556 1687 736 1743 innocentem
750 1681 933 1744 damnare.”⁴
966 1687 1072 1747 “Cum
1086 1699 1151 1746 sunt
1164 1688 1292 1764 partium

196 1787 262 1862 jura
275 1785 404 1851 obscura,
418 1803 467 1841 reo
480 1783 631 1842 favendum
646 1795 689 1840 est
702 1787 797 1861 potius
811 1805 895 1855 quam
909 1784 1044 1842 actori.''⁵

242 1888 291 1940 30.
314 1881 435 1947 Quando
450 1882 541 1957 agitur
554 1882 588 1940 de
602 1893 715 1940 actuum
728 1885 886 1950 honestate,
907 1884 931 1939 si
947 1883 1064 1940 diversa
1079 1887 1135 1941 sint
1150 1884 1295 1958 theologo·

203 2001 266 2040 rum
280 1983 436 2048 sementia,
447 1980 572 2056 pondere
582 1984 723 2040 rationum
734 1993 761 2039 et
771 1983 918 2040 doctorum
928 1982 1071 2058 suffragiis
1082 1980 1295 2044 commendate,

204 2099 256 2139 nec
271 2078 410 2136 Ecclesiae
420 2079 561 2155 judicium
574 2081 713 2155 prolatum
733 2082 826 2148 suerit,
842 2082 945 2157 poterit
958 2081 1147 2140 confessarius
1162 2083 1297 2138 sinerent

204 2180 346 2257 poenitcns
369 2196 416 2234 eas
440 2197 492 2253 pro
514 2180 694 2236 conscientia
716 2200 774 2239 suae
797 2180 949 2238 dictamine
970 2191 1121 2252 sequatur:
1143 2199 1196 2238 neo
1220 2179 1297 2235 enim

205 2281 271 2338 ilius
284 2288 327 2333 est
344 2287 452 2335 certum
465 2276 500 2334 de
521 2277 605 2335 rebus
625 2281 814 2338 controversis
832 2280 903 2337 serre
919 2279 1071 2355 judicium.
1113 2280 1222 2337 Poterit
1235 2278 1297 2352 ipse

205 2398 241 2436 ex
256 2377 404 2434 sententiis
424 2376 588 2452 hujusmodi
609 2396 656 2434 eas
677 2381 807 2456 seligere,
830 2397 893 2450 quae
913 2380 1109 2454 poenitentium
1131 2376 1298 2440 conditioni,

205 2477 303 2543 indoli,
318 2486 347 2532 et
359 2477 447 2533 animi
461 2474 642 2550 dispositioni
662 2480 752 2554 magis
771 2476 1031 2545 accommodentur,
1046 2496 1168 2549 eumque
1190 2496 1206 2532 a
1226 2475 1299 2549 peri-

204 2577 269 2634 culo
283 2571 544 2654 peccatisormalie
566 2575 657 2650 magis
679 2575 781 2633 saciant
801 2577 934 2633 alienum.
977 2578 1026 2634 Sic
1040 2578 1064 2632 si
1084 2577 1194 2633 noverit
1207 2575 1299 2649 poeui·

205 2685 310 2733 tentem
326 2674 472 2746 aliquanti
486 2673 701 2743 consuetudine,
716 2694 779 2748 quae
800 2675 939 2749 theologis
952 2675 1096 2733 nonnullis
1109 2674 1299 2750 improbetur,

206 2775 268 2833 aliis
283 2787 385 2842 tarnen,
401 2773 533 2850 gravibus
548 2783 576 2831 et
588 2772 689 2841 doctis,
704 2776 829 2851 probata,
850 2776 1019 2832 sententiam
1032 2774 1173 2831 mitiorem
1196 2772 1301 2847 poterit

207 2873 350 2940 adhibere,
365 2874 390 2931 si
403 2873 518 2949 rigidior
538 2872 636 2930 afferat
655 2875 682 2932 ei
702 2874 800 2952 lapsus
814 2872 983 2950 periculum.
1026 2874 1075 2930 Sic
1089 2876 1180 2950 pictor
1192 2871 1238 2927 dic
1253 2869 1301 2927 do·

206 2975 313 3031 minica
326 2973 433 3044 absque
455 2974 574 3030 aliorum
596 2971 753 3032 offensione
766 2991 868 3030 vacans
889 2991 947 3029 suae
968 2974 1028 3039 arti,
1044 2982 1108 3047 post
1128 2971 1221 3030 officia
1241 2969 1301 3043 pie·

207 3074 269 3130 tatis
284 3081 406 3148 peracta,
421 3089 479 3129 non
492 3073 546 3128 erit
559 3071 705 3146 cogendus
719 3072 754 3130 ad
769 3070 1002 3130 consuetudinem
1016 3071 1089 3128 hanc
1103 3067 1300 3127 deserendam.

247 3177 296 3229 31.
318 3170 450 3247 Rigidior
462 3179 505 3227 cst
518 3168 676 3227 adhibenda
688 3172 835 3237 sententia,
850 3171 961 3242 quoties
982 3170 1129 3245 benignior
1143 3167 1302 3243 periculum

207 3272 304 3348 lapsus
327 3269 416 3327 affert.
459 3268 568 3328 ldcirco
589 3289 646 3327 non
674 3270 755 3327 facile
778 3269 964 3326 absolvendus
988 3270 1040 3325 crit
1059 3270 1108 3340 qui
1123 3267 1303 3325 occasionem

209 3369 346 3449 peccandi
360 3369 458 3445 procul
471 3390 488 3426 a
500 3388 531 3426 se
552 3389 610 3428 nou
631 3371 734 3446 abjicit,
755 3371 859 3428 lamam
880 3379 1050 3444 praetexens,
1065 3378 1093 3425 et
1105 3366 1245 3441 malignos
1259 3384 1304 3422 ru·

209 3489 314 3527 mores.
358 3543 361 3546 .

250 3575 298 3627 32.
322 3568 449 3634 Quilibet
466 3579 586 3646 peccato
608 3569 744 3626 immunis
770 3567 880 3624 videtur
906 3565 972 3623 dum
999 3567 1125 3637 sequitur
1151 3566 1305 3622 sententias

210 3688 309 3746 graves
333 3679 360 3725 et
379 3670 548 3745 probabiles,
563 3668 605 3723 rei
624 3670 739 3725 veritate
753 3667 829 3724 haud
842 3664 916 3723 certi
931 3667 1138 3723 innotescente:
1161 3683 1226 3720 nam
1241 3682 1306 3739 pru-

210 3768 308 3827 denter
322 3770 388 3845 agit,
404 3769 535 3844 gravibus
548 3768 701 3824 momentis
715 3767 856 3823 rationum
877 3765 974 3832 sretus,
990 3767 1034 3822 vel
1050 3766 1176 3840 insignes
1191 3773 1306 3819 secutus

210 3867 369 3946 theologos,
392 3886 511 3941 quorum
532 3867 686 3924 sententias
707 3885 772 3923 suas
792 3865 867 3930 lacit,
889 3865 956 3921 tanti
983 3866 1089 3941 quippe
1116 3863 1181 3920 lacit
1206 3880 1306 3920 eorum

413 4045 453 4108 (l)
470 4041 555 4092 innoc
568 4041 601 4090 xi.
614 4057 679 4090 anno
692 4042 766 4089 1679.

416 4130 458 4195 (2)
473 4128 545 4192 Prop·
555 4129 594 4176 26.
607 4127 688 4176 damn.
700 4127 734 4173 24
751 4123 818 4189 Sept
833 4126 906 4172 1665.

417 4215 460 4280 (3)
481 4212 540 4274 Rog.
552 4212 627 4262 Juris.

415 4296 458 4363 (4)
478 4296 552 4360 Lege,
564 4298 689 4346 absentem
702 4297 715 4353 6
729 4294 759 4344 de
771 4294 850 4359 poenis
862 4293 963 4344 lxlviii.
976 4292 1012 4341 tit.
1022 4291 1073 4340 xix.

417 4383 458 4448 (5)
474 4382 535 4446 Reg.
545 4383 578 4432 xi.
591 4381 659 4432 turis
671 4381 698 4430 in
718 4382 740 4427 6.
