2744 4980
191 347 250 401 248
620 341 677 400 DE
698 340 845 401 BELLO.

194 508 251 566 Dei
264 507 369 565 cultum
382 526 439 565 non
454 525 602 564 censemus
622 507 726 564 bellum
747 507 886 564 ullatenus
905 503 1095 573 inserendum,
1110 523 1205 577 quum
1226 524 1294 563 vera

194 607 294 683 religio
308 626 364 663 non
378 608 415 664 sit
427 607 512 664 armis
526 605 683 663 dilatanda:
706 605 784 678 quod
798 616 890 663 autem
911 602 1033 661 Carolus
1052 604 1097 662 M.
1113 605 1200 662 aliive
1215 607 1293 681 prin·

195 707 273 783 cipes
288 704 444 763 Christiani
458 705 585 764 hostibus
598 705 674 762 bello
687 704 801 763 domitis
819 702 970 776 aliquando
979 705 1160 780 pepercerint
1180 721 1216 760 ea
1229 704 1294 779 lege

194 816 225 862 ut
237 823 315 862 sacra
326 803 488 861 Christiana
501 805 688 880 susciperent,
702 803 828 880 contigit,
849 802 922 860 bello
936 800 1015 859 illato
1034 803 1069 860 ad
1083 803 1218 879 gentium
1231 802 1293 860 bar·

194 904 323 962 hararum
338 902 516 978 repellendas
530 904 716 970 incursiones,
727 903 828 976 quibus
842 902 939 960 omnia
951 900 1029 959 cede
1041 901 1224 978 repleverant
1235 921 1244 968 ;
1264 913 1294 959 et

194 1021 265 1080 pace
279 1021 415 1058 concessa
428 1020 463 1059 ea
475 1003 580 1060 ratione
594 1021 650 1075 qua
662 1002 771 1059 firmior
788 1001 860 1058 foret
879 1011 908 1058 et
927 1000 1011 1058 tutior
1021 994 1044 1058 :¹
1064 1020 1118 1058 nec
1139 1002 1222 1059 enim
1234 1001 1293 1058 bel·

194 1101 254 1160 lum
268 1101 414 1176 gerebatur
427 1100 461 1157 ad
474 1100 560 1158 fidem
573 1102 601 1158 vi
614 1099 814 1168 inducendam,
826 1119 879 1159 ncc
898 1099 1001 1172 aliquis
1021 1099 1056 1157 ad
1068 1118 1148 1157 sacra
1162 1101 1291 1177 excipie-

196 1200 277 1257 batur
289 1201 345 1256 nisi
359 1200 410 1256 rite
424 1201 564 1257 institutus
577 1210 605 1257 et
618 1209 738 1275 paratus.
780 1200 846 1258 Pari
860 1198 894 1257 de
905 1217 991 1256 causa
1000 1218 1056 1258 non
1066 1199 1134 1256 licet
1146 1199 1291 1258 haereticis

196 1299 302 1356 bellum
318 1299 419 1355 inferre
433 1298 467 1355 ad
480 1299 639 1375 puniendos
653 1318 762 1356 errores
776 1308 873 1356 contra
891 1298 988 1364 iidem,
1002 1299 1048 1356 vel
1061 1296 1095 1355 ad
1109 1297 1292 1356 reducendos

198 1415 248 1456 eos
260 1396 293 1455 ad
305 1397 401 1464 fidem,
412 1416 488 1464 nam,
499 1398 592 1455 civilis
600 1398 729 1474 gubernii
739 1417 796 1455 non
804 1396 922 1456 estfidei
932 1415 1046 1455 causam
1055 1398 1141 1454 armis
1151 1397 1258 1455 ulcisci
1264 1411 1294 1455 et

196 1514 375 1572 promovere.
418 1494 561 1554 Ceterum
575 1495 733 1554 Catholicis
748 1497 1017 1556 Mahumetauorum
1031 1497 1075 1554 vel
1089 1495 1292 1555 hereticorum

195 1594 344 1670 tyrannide
371 1594 476 1670 pressis
508 1594 735 1655 subveniendum
761 1595 913 1668 aliquando
939 1604 1111 1654 censuerunt
1141 1597 1291 1673 principes

195 1692 337 1751 Catholici
352 1712 389 1751 cx
401 1693 545 1751 communi
555 1696 622 1771 jure
635 1695 761 1769 gentium
775 1712 833 1767 quo
850 1704 964 1770 gravato
983 1694 1155 1752 succurritur
1168 1695 1290 1771 populo.

197 1791 276 1850 Hinc
291 1793 408 1850 Grotius
421 1792 455 1849 de
471 1791 643 1852 Christianis
658 1794 692 1850 ab
704 1792 825 1851 ethnicis
839 1793 946 1868 pressis
959 1793 1043 1851 dicit:
1071 1792 1160 1858 “Qui
1176 1794 1208 1850 in
1222 1794 1292 1851 tales

196 1893 325 1957 seviunt,
352 1892 407 1965 ipsi
433 1892 463 1948 in
485 1908 518 1948 ea
544 1910 629 1949 causa
654 1903 720 1948 suut
744 1902 776 1948 ut
797 1892 892 1968 puniri
909 1893 987 1968 juste
1007 1892 1138 1969 possiut;
1162 1891 1243 1964 quod
1262 1903 1293 1951 et

197 1989 320 2047 Thomas
349 1982 483 2046 videtur.²
523 1991 618 2063 Atque
639 2008 701 2047 eam
728 1991 765 2048 ob
787 2009 901 2048 causam
927 1988 1135 2049 Constantinus
1161 1991 1289 2059 Licinio,

195 2089 378 2164 imperatores
404 2087 450 2145 alii
476 2086 575 2146 Persis
601 2089 706 2147 bellum
732 2089 903 2147 intulerunt:
931 2108 1103 2163 quamquam
1126 2089 1189 2148 haec
1216 2091 1292 2148 bella

195 2188 287 2263 magis
302 2186 336 2243 ad
351 2187 542 2245 innocentium
557 2188 764 2255 defensionem,
780 2207 864 2261 quam
878 2187 913 2244 ad
927 2208 1017 2266 poenae
1031 2191 1213 2247 exactionem
1228 2209 1292 2267 per·

196 2279 331 2343 ιιιιιιιιῑ.”3
371 2284 405 2343 ld
417 2286 503 2344 licere
517 2286 657 2345 Vattelius
670 2285 770 2345 fatetur
782 2289 807 2346 si
827 2290 961 2347 immanis
974 2290 1012 2346 sit
1023 2287 1204 2365 oppressio.⁴
1245 2290 1292 2348 Ea

198 2383 233 2441 de
248 2403 332 2442 causa
353 2382 508 2443 Christiani
523 2387 675 2464 principes,
692 2386 866 2446 hortantibus
890 2385 1017 2446 Summis
1038 2387 1242 2456 Pontificibus,
1256 2389 1292 2446 ad

196 2482 421 2540 subveniendum
436 2480 607 2544 Christianis
622 2485 781 2545 Turoarum
800 2489 871 2565 jugo
894 2488 1010 2563 pressis,
1024 2487 1097 2545 bella
1110 2505 1173 2559 quae
1189 2486 1291 2545 dicun-

194 2590 238 2638 tur
253 2580 346 2638 Crucc
360 2580 555 2658 signatorum
568 2596 726 2662 gessemnt.
769 2586 899 2644 Accessit
911 2604 969 2645 suae
979 2587 1113 2645 libertatis
1124 2586 1290 2655 solicitudo,

184 2686 232 2743 fle
255 2691 337 2738 aucto
358 2680 516 2739 'l'urcarum
538 2685 668 2760 imperio,
689 2703 777 2761 regna
797 2685 894 2742 omnia
915 2687 1136 2762 respublicaeque
1158 2687 1290 2764 Europae

195 2780 376 2839 conciderent
387 2775 410 2836 :⁵
430 2799 516 2853 quarn
529 2789 596 2846 belli
610 2800 724 2841 oausam
734 2785 839 2860 justam
851 2785 1009 2862 jurisperiti
1022 2775 1209 2862 agnoscunt.⁶

231 2951 273 3014 (l)
295 2949 357 2998 Vide
372 2948 476 3011 Bergier,
488 2949 572 3000 Traite
583 2950 613 3001 de
623 2951 645 3001 la
654 2951 774 3014 Religion,
786 2953 840 3005 Vol.
848 2954 896 3005 viii
910 2971 931 3005 c
943 2971 969 3005 x.
979 2963 1022 3006 ert.
1034 2955 1066 3005 ιι.
1079 2955 1135 3013 §in

229 3034 270 3097 (2)
291 3037 314 3080 2.
327 3033 349 3080 9.
362 3050 384 3096 q.
396 3034 460 3082 cviii.
638 3039 680 3102 (³)
702 3038 739 3086 De
746 3040 804 3103 jure
816 3040 871 3089 belli
886 3047 910 3089 et
921 3040 995 3105 pacis,
1008 3039 1022 3089 l.
1034 3039 1060 3089 ii.
1071 3056 1092 3089 c
1104 3056 1146 3090 xx.
1155 3041 1218 3090 xlix.
1231 3043 1255 3089 2.

228 3115 268 3179 (l)
288 3114 398 3164 “When
410 3133 424 3164 a
435 3116 537 3178 religion
550 3119 570 3167 is
582 3119 723 3185 persecuted
735 3120 760 3169 in
773 3137 820 3170 one
831 3131 944 3186 country,
953 3123 994 3173 the
1010 3123 1103 3186 foreign
1115 3124 1216 3174 natione
1230 3125 1288 3172 who

193 3200 284 3265 profess
296 3201 314 3250 it
327 3217 381 3265 may
395 3200 515 3251 intercede
532 3203 568 3253 sor
580 3203 641 3256 their
652 3205 780 3255 brethren:
798 3207 843 3256 but
854 3207 903 3257 this
916 3209 937 3257 is
954 3209 985 3259 eli
997 3208 1054 3272 they
1067 3225 1112 3259 can
1125 3210 1236 3273 lswlully
1250 3211 1290 3267 do,

192 3287 275 3335 unless
285 3286 326 3335 the
343 3287 495 3351 persecution
511 3289 541 3337 be
558 3289 649 3341 carried
661 3297 686 3339 to
704 3305 735 3339 sn
753 3290 893 3341 intolerabls
909 3307 1010 3352 excesu
1029 3293 1086 3343 then
1103 3293 1191 3343 indeed
1209 3295 1229 3345 it
1250 3297 1291 3345 be-

191 3387 273 3420 comes
285 3387 299 3420 e
311 3387 365 3420 case
377 3372 405 3420 ol
410 3372 524 3422 manifest
535 3375 682 3438 tyrsnny,in
694 3374 776 3425 which
786 3376 819 3425 all
830 3377 928 3426 natione
945 3393 985 3426 are
1002 3378 1128 3442 permittod
1141 3386 1166 3428 to
1183 3396 1291 3429 succour

192 3471 224 3505 ιιι
234 3457 349 3521 unhappy
364 3459 456 3522 people
490 3459 513 3506 A
527 3460 610 3522 regard
622 3472 647 3511 to
659 3461 720 3511 their
729 3478 785 3512 own
797 3463 872 3527 salsty
887 3479 942 3528 may
955 3465 1007 3514 also
1017 3464 1107 3514 induce
1118 3464 1186 3514 them
1205 3476 1232 3516 to
1244 3481 1290 3516 un·

192 3541 290 3591 dertahe
302 3543 342 3591 the
357 3543 456 3592 delence
468 3544 496 3592 os
503 3544 544 3594 the
556 3547 721 3610 persecuted.'’
757 3547 817 3597 Lan
829 3550 857 3599 of
866 3549 981 3611 Notions,
992 3547 1009 3599 l.
1021 3551 1046 3601 ii.
1056 3567 1078 3601 o.
1089 3551 1120 3604 iv·
1133 3555 1147 3609 b
1161 3555 1203 3602 62.

228 3626 270 3688 (5)
290 3632 304 3654 ‘¹
316 3624 352 3672 Le
365 3626 485 3674 necessit&
499 3628 529 3676 de
547 3629 570 3678 la
581 3646 668 3695 propre
679 3632 780 3681 defense
791 3642 815 3683 et
833 3635 855 3683 la
865 3651 1020 3685 convenanoe
1031 3636 1061 3685 de
1072 3636 1097 3685 ιι
1108 3637 1240 3696 diversion,
1253 3638 1291 3687 io·

192 3715 246 3756 rent
257 3722 292 3755 un
304 3721 417 3755 nouveau
429 3709 493 3772 sujet
504 3708 534 3757 de
551 3726 592 3759 ces
603 3727 708 3772 guerres,
721 3724 745 3762 et
763 3715 912 3766 sournissont
930 3734 964 3768 un
982 3735 1094 3769 nouvesu
1109 3721 1168 3784 jour
1179 3735 1244 3783 pour
1255 3720 1291 3769 les

187 3791 291 3854 justifier
303 3791 450 3854 pleinement
462 3807 509 3839 aux
519 3794 622 3856 yeuxdo
631 3803 699 3845 toute
711 3814 831 3861 personne
843 3808 896 3850 tant
907 3803 953 3852 soit
963 3820 1010 3868 peu
1024 3802 1105 3853 verses
1116 3804 1179 3854 dans
1191 3805 1214 3854 ls
1226 3803 1291 3855 droit

190 3875 220 3924 de
232 3877 254 3924 la
268 3875 324 3939 prix
335 3874 399 3924 etde
412 3876 435 3924 la
446 3877 555 3937 guerrs.”
590 3879 653 3929 Vide
663 3880 829 3933 Dictionnnire
847 3884 989 3952 Historique
1006 3889 1037 3938 de
1049 3889 1135 3949 Foller,
1148 3897 1193 3941 ert.
1204 3888 1291 3940 Pistre

191 3961 234 4011 dic.
245 3960 364 4009 l'Ermits.

226 4045 269 4108 (o)
289 4052 302 4073 ‘⁶
316 4043 457 4095 Whenever
469 4054 553 4097 astate
566 4047 611 4098 has
623 4049 696 4112 given
705 4051 774 4114 signs
786 4054 940 4120 oliujustice,
949 4060 1065 4124 rapacity,
1076 4059 1151 4125 pride,
1163 4061 1293 4120 ambition,

189 4142 217 4174 or
225 4126 254 4175 οι
259 4142 290 4174 an
303 4126 434 4190 imperious
445 4129 516 4178 thirst
526 4130 555 4181 oi
563 4132 630 4191 rule;
648 4133 809 4185 itbecomess
820 4139 958 4204 suspicions
970 4141 1088 4204 neighbor
1100 4151 1125 4193 to
1136 4144 1167 4191 be
1178 4144 1290 4204 guarded

188 4211 300 4274 against:
320 4212 433 4262 and-its
444 4214 543 4277 designo
555 4233 612 4282 msy
629 4219 659 4268 be
671 4222 800 4285 presented
819 4224 849 4288 by
863 4225 927 4276 soree
938 4227 985 4277 sud
995 4226 1134 4277 arms.”-¹‘
1142 4229 1194 4278 Are
1211 4245 1252 4278 we
1264 4237 1291 4279 to

188 4296 256 4431 deltp
269 4295 309 4344 the
322 4297 431 4359 suerting
442 4299 520 4349 ofour
531 4302 587 4353 ruin
599 4303 636 4353 till
646 4303 667 4355 lt
685 4306 797 4358 beconm
815 4309 944 4361 inevitable
954 4310 979 4361 !'’
1014 4313 1053 4362 De
1070 4313 1161 4374 Vattel,
1180 4314 1197 4364 l
1218 4315 1255 4367 ιιι.
1268 4331 1291 4367 e.

188 4382 222 4432 iii.
246 4382 270 4430 4.
