2744 4980
493 383 552 445 DE
571 383 856 444 PASSIONIBUS.
1186 393 1224 450 36

125 549 282 616 felicitatis,
296 548 342 608 vel
353 548 479 610 utilitatis
492 548 587 615 amati,
598 548 675 621 quod
685 548 774 618 zelus,
787 548 943 620 quotiesde
953 550 1018 610 Deo
1028 552 1129 630 agitur,
1143 570 1225 611 voca·

128 660 183 714 tur,
207 667 266 720 quo
280 665 311 704 se
325 659 413 710 toturn
428 648 562 724 flagrasse
576 646 711 706 Christus
725 648 868 706 Dominus
891 659 1005 708 testatus
1027 660 1089 711 est:
1113 661 1132 687 ‘⁶
1144 652 1224 710 zelus

127 747 233 805 domus
248 732 302 804 tute
322 750 446 808 comedit
468 739 564 808 me.”¹
604 747 701 805 Ellam
723 748 805 806 etiam
829 766 865 805 eo
887 767 946 807 non
968 742 1091 810 caruisse
1113 750 1222 823 liquet:

131 846 226 904 “zelo
240 845 347 904 zelatus
360 868 425 907 sum
436 865 487 923 pro
500 845 628 904 Domino
641 846 706 904 Deo
719 843 947 905 exercituum.”²

170 948 221 1002 59.
243 943 351 1005 Odium
364 947 526 1005 adversatur
539 946 638 1013 amori,
652 964 689 1003 ex
705 965 762 1018 quo
775 955 869 1004 tamen
883 947 950 1005 oriri
960 945 1069 1015 dicitur,
1085 958 1224 1021 quatenus

130 1042 197 1101 ideo
211 1044 276 1116 quis
289 1044 365 1103 aliud
377 1046 447 1111 odit,
463 1043 540 1117 quod
552 1045 593 1100 rei
606 1042 715 1102 dilectae
727 1047 899 1104 contrarium
914 1047 960 1104 sit.
1002 1045 1169 1106 Vehemens
1183 1057 1227 1105 est

131 1144 220 1200 animi
233 1142 362 1211 affectus,
376 1155 406 1202 et
418 1144 541 1221 plurima
550 1145 623 1219 parit
634 1143 718 1202 mala.
762 1143 859 1203 Nemo
869 1144 929 1203 odit
937 1145 1085 1222 seipsum:
1108 1154 1128 1181 “
1140 1163 1227 1204 nemo

132 1243 210 1298 enirn
223 1261 350 1313 unquam
363 1262 477 1301 carnem
491 1261 572 1300 suam
586 1241 652 1300 odio
665 1243 762 1300 habuit
771 1240 818 1298 :³⁹⁸
837 1245 875 1300 ita
887 1244 996 1301 seilicet
1007 1262 1108 1302 sumus
1128 1255 1227 1303 natura

131 1341 297 1415 comparati,
312 1353 344 1400 ut
356 1339 516 1399 necessario
531 1342 654 1414 quisque
674 1358 705 1397 se
726 1340 833 1419 diligat.
876 1341 960 1408 Quod
981 1353 1075 1402 autem
1090 1342 1227 1402 Christus

130 1440 279 1496 neminem
289 1439 364 1499 dicat
375 1439 548 1517 discipulum
569 1440 631 1515 ejus
653 1440 714 1496 fieri
738 1459 834 1515 posse,
850 1442 900 1513 qui
923 1442 1046 1501 animam
1060 1461 1144 1500 suam
1168 1463 1226 1502 non

131 1533 250 1604 oderit‚⁴
262 1539 427 1616 intelligitur
440 1537 475 1595 de
488 1539 591 1597 minori
613 1539 657 1596 sui
677 1537 836 1608 dilectione,
851 1558 914 1612 quae
928 1538 1031 1599 divinae
1053 1542 1111 1618 legi
1132 1543 1226 1619 subja·

130 1647 212 1693 ceat:
234 1655 353 1694 necesse
366 1639 475 1714 quippe
488 1648 531 1694 est
542 1647 574 1696 ut
584 1637 648 1708 quis
662 1655 692 1693 se
707 1637 771 1695 Deo
784 1638 879 1696 minus
893 1648 979 1697 amet.

171 1739 222 1793 66.
244 1736 402 1795 Veritatem
415 1755 501 1795 nemo
514 1736 574 1794 odit
595 1736 650 1793 nisi
670 1745 768 1794 natura
789 1748 976 1813 repugnante,
991 1757 1056 1796 nam
1070 1738 1227 1796 intellectui

131 1835 238 1891 veritas
251 1836 402 1893 convenit:
423 1834 473 1892 sed
486 1836 555 1893 vitio
568 1844 674 1891 naturae
688 1833 720 1891 tit
741 1846 772 1891 ut
794 1834 904 1893 oderint
928 1835 1059 1892 homines
1083 1854 1145 1907 quae
1161 1855 1228 1893 suas

131 1943 272 1990 coercent
293 1933 468 2010 cupiditates,
483 1934 529 1991 vel
548 1934 660 1990 obstant
678 1933 862 2011 praejudiciis.
904 1933 983 1992 Hinc
997 1935 1154 2010 Apostolus
1170 1936 1227 1992 Ga·

131 2030 204 2088 latas
218 2033 380 2110 interrogat,
393 2043 489 2092 utrum
501 2031 588 2091 veluti
603 2033 750 2090 inimicum
764 2051 830 2091 cum
843 2032 973 2101 habeant,
988 2051 1022 2091 eo
1036 2032 1113 2107 quod
1127 2053 1226 2093 verum

135 2129 241 2187 undat:
265 2132 377 2210 “Ergo
400 2133 532 2191 inimicus
545 2130 626 2189 vobis
639 2131 728 2189 sactus
751 2149 825 2199 sum,
840 2151 939 2191 verunt
962 2131 1058 2190 dicens
1081 2134 1164 2190 vobis
1177 2126 1228 2188 t”⁵

135 2228 290 2287 Terentius
311 2230 399 2289 dicit:
422 2231 633 2304 “Obsequium
647 2232 763 2297 amicos,
777 2232 880 2289 veritas
902 2230 1000 2288 odium
1020 2230 1126 2307 parit.'‘
1169 2233 1229 2289 Au·

137 2329 268 2403 gustinus
280 2331 364 2389 etiam
377 2351 385 2388 r
407 2329 581 2389 “Homines
595 2339 690 2388 amant
702 2330 847 2387 veritatem
860 2329 1012 2396 lucentem,
1028 2328 1148 2388 oderunt
1162 2349 1224 2389 eam

137 2421 403 2504 redarguentem.”⁶
1188 2424 1191 2428 ’

177 2528 225 2582 61.
249 2525 493 2605 Concupiscentia
513 2537 557 2584 est
575 2527 717 2602 appetitus
739 2526 932 2585 delectationis
952 2545 988 2584 ex
1010 2528 1141 2585 sensibus
1155 2527 1229 2585 deri·

137 2621 244 2681 vandra.
287 2625 434 2684 Naturalis
447 2624 549 2681 dicitur
561 2625 615 2681 cibi
637 2635 722 2700 potus
742 2625 918 2698 aliorumque
938 2624 1077 2683 advitam
1098 2643 1229 2683 necessa-

137 2720 243 2779 riorum
266 2721 450 2789 desiderium,
465 2721 543 2795 quod
562 2722 634 2778 intra
656 2720 795 2792 quosdam
817 2723 922 2781 limites
947 2725 1084 2790 consistit,
1096 2723 1229 2794 quamvis

137 2831 300 2878 recurrente
314 2820 413 2880 eadem
426 2820 594 2878 necessitate
608 2819 779 2878 desiderium
794 2838 908 2893 quoque
922 2830 1050 2895 exurgat.
1093 2819 1229 2877 “Omnis

138 2918 270 2990 quibibit
283 2938 320 2976 ex
333 2920 386 2976 hac
408 2938 489 2992 aqua,
505 2918 581 2975 sitiet
602 2919 703 2975 iterum
715 2909 761 2986 ;”⁷
781 2918 850 2976 dicit
863 2917 1006 2986 Christus,
1023 2918 1229 2976 samaritanam

138 3016 287 3075 mulierem
301 3018 445 3090 alloquens
458 3016 494 3073 dc
516 3017 594 3093 putei
616 3035 698 3089 aqua.
741 3016 850 3089 Nequit
871 3015 985 3089 quidem
1007 3018 1089 3074 bonis
1112 3018 1230 3075 terrenis

139 3113 295 3173 humanum
320 3116 427 3192 expleri
461 3112 643 3184 desiderium,
675 3114 752 3188 quod
773 3117 914 3174 infinitum
940 3115 1150 3188 quodammodo
1176 3125 1229 3171 est.

140 3211 218 3270 Hinc
228 3214 279 3287 qui
291 3211 451 3273 divitiarum
464 3213 718 3274 coacervandarum
728 3214 822 3272 studio
832 3215 959 3289 flagrant,
969 3216 1091 3289 majores
1101 3213 1231 3269 cumulos

140 3312 194 3369 sibi
207 3313 238 3369 in
251 3311 313 3370 dies
327 3324 465 3387 quaerunt.

177 3415 229 3468 62.
250 3410 409 3470 Delectatio
423 3411 525 3472 dicitur
533 3421 627 3470 motus
637 3410 723 3467 animi
736 3427 773 3466 ex
783 3409 931 3485 presentia
940 3409 980 3466 rei
991 3406 1109 3466 dilecta.
1153 3407 1231 3467 Gau·

143 3507 218 3567 diurn
231 3520 277 3567 est
289 3509 436 3570 delectatio
449 3510 605 3569 secundum
618 3510 765 3577 rationem,
780 3528 818 3567 ex
831 3511 914 3566 rebus
928 3508 1035 3566 scilicet
1057 3527 1120 3582 quae
1140 3509 1230 3565 menti

144 3609 283 3686 praecipue
302 3610 503 3668 obversantur:
525 3608 696 3667 delectamur
717 3609 787 3666 cibis
811 3609 947 3685 gustatis,
968 3607 1123 3684 gaudemus
1146 3607 1230 3664 amici

145 3709 294 3766 consortio.
336 3709 541 3767 vehementior
554 3707 719 3784 plemmque
733 3705 882 3766 delectatio
895 3725 931 3764 ex
951 3707 1081 3763 sensibus
1094 3705 1232 3768 hauritur,

147 3803 192 3862 sed
206 3806 355 3883 perfectior
377 3809 538 3867 intellectu:
561 3815 581 3841 “
592 3807 680 3864 multo
702 3807 779 3865 enim
802 3807 890 3883 magis
913 3803 1065 3862 delectatur
1086 3803 1174 3859 homo
1197 3800 1233 3855 de

149 3902 206 3971 hoc,
220 3905 298 3978 quod
311 3908 457 3985 cognoscit
470 3905 576 3981 aliquid
598 3904 791 3984 intelligendo,
807 3924 891 3978 quam
904 3903 939 3961 de
952 3902 1008 3959 hoc
1022 3900 1098 3975 quod
1111 3915 1234 3975 cognos-

181 4071 219 4137 (l)
237 4072 312 4125 Joan.
323 4073 348 4123 ii.
361 4074 400 4124 17.
703 4075 746 4140 (2)
765 4072 812 4123 111.
824 4072 885 4132 Reg.
896 4068 949 4119 xix.
962 4071 1003 4120 10.

180 4157 218 4220 (3)
236 4157 303 4222 pr.
315 4175 338 4207 v.
350 4162 392 4208 29.
709 4159 749 4224 (l)
769 4157 830 4206 Luc.
843 4156 889 4207 xiv.
901 4156 942 4204 26.
976 4152 1040 4202 Vide
1049 4151 1111 4201 Met.
1123 4166 1146 4200 r.
1159 4153 1203 4201 37.

183 4242 221 4308 (5)
241 4243 298 4293 Gal.
309 4243 342 4292 iv.
356 4242 393 4292 16.
708 4242 751 4308 (6)
770 4240 800 4291 L.
812 4257 836 4290 x.
849 4239 962 4289 Consors.
971 4254 993 4288 c.
1003 4237 1074 4287 xxiii.

581 4330 624 4395 (7)
643 4326 757 4378 ioan-iv.
767 4328 805 4374 1³.
