2744 4980
411 395 468 457 DE
489 393 661 453 OCTAVO
683 392 934 454 PRAECEPTO.
1164 403 1218 457 147

127 551 441 637 111111111111111011.”ι
474 559 552 618 Hinc
566 562 633 618 satis
646 571 723 636 patet
734 563 973 632 aequivocationes
986 572 1015 618 ct
1027 558 1216 623 restrictiores

127 675 194 733 pure
207 657 346 714 mentales
359 676 416 716 non
429 676 494 716 csse
515 657 718 727 admittendam
740 660 975 733 quandocumque
989 662 1066 719 enim
1080 680 1162 719 mene
1176 662 1216 719 lo·

126 757 238 827 quentis
260 774 319 813 non
339 766 432 832 potest
451 758 589 816 ullatenus
610 777 647 816 ex
669 759 809 836 adjunctis
830 759 936 834 colligi,
958 760 1033 817 fraus
1052 759 1215 824 admittitur,

124 855 217 911 rcrbie
227 864 325 911 contra
338 874 437 914 eorum
450 857 565 914 obvium
578 857 665 915 1111111
678 858 820 915 adhibitis.
852 858 939 924 “Qui
952 858 1107 934 sophistice
1120 859 1212 932 loqui·

124 961 168 1010 tur
180 953 297 1012 odibilis
316 950 408 1010 111.”2
428 964 448 989 “
460 954 548 1013 Labie
562 965 608 1012 tua
620 975 657 1014 ne
669 957 821 1029 loquantur
836 947 982 1014 11ο1111.”3
1022 965 1042 992 “
1052 957 1125 1023 Quis
1138 956 1217 1014 habi·

121 1053 191 1109 tabit
203 1053 234 1109 in
248 1053 425 1119 tabernaculo
439 1065 487 1112 tuo
498 1054 509 1108 l
525 1097 532 1111 .
545 1096 552 1110 .
566 1095 572 1110 .
588 1054 645 1120 Qui
658 1074 717 1121 non
730 1057 788 1131 egit
799 1054 897 1113 dolum
908 1056 937 1112 in
950 1055 1046 1130 lingua
1059 1052 1158 1114 sua.’'⁴

168 1154 235 1208 186.
254 1148 292 1208 11
304 1169 389 1208 cause
402 1152 468 1210 fidei
487 1162 516 1209 et
534 1153 679 1229 religionis
699 1155 800 1212 obvius
814 1155 963 1212 verborum
984 1172 1087 1212 sensus
1100 1163 1144 1210 est
1157 1171 1215 1211 om·

124 1250 194 1307 nino
206 1250 387 1312 retinendusr
409 1269 461 1308 nec
482 1250 619 1323 quidquid
639 1253 840 1329 pmfcrendum
860 1252 937 1323 quod
956 1270 1079 1310 errorem
1100 1253 1217 1327 ingerat,
1289 1274 1297 1289 ·

124 1347 192 1404 licet
203 1366 302 1406 verum
316 1349 417 1406 habeat
436 1367 553 1407 sensum
573 1369 609 1408 111
629 1353 739 1409 occulta
757 1352 899 1423 loquentis
916 1350 1090 1408 definitione.
1133 1350 1218 1407 Ratio

126 1458 170 1503 est
182 1449 250 1519 quia
263 1448 354 1522 agitur
366 1447 402 1505 de
416 1467 445 1506 re
455 1467 577 1516 summa,
591 1462 620 1506 et
632 1449 719 1506 divini
734 1450 850 1508 honoris
865 1450 981 1506 interest
994 1459 1025 1505 ut
1038 1448 1123 1505 fidem
1138 1450 1215 1520 quis·

127 1563 180 1615 que
194 1546 352 1621 perspicuis
367 1549 460 1604 verbis
474 1548 655 1623 profiteatur;
676 1548 753 1620 quod
772 1550 857 1606 etiam
871 1547 906 1604 ad
925 1548 1051 1623 proximi
1070 1547 1217 1604 utilitatem

128 1643 269 1702 conducit.
312 1644 390 1702 Hinc
410 1664 467 1703 non
487 1646 553 1703 licet
572 1663 674 1722 negare
695 1665 726 1703 se
746 1665 809 1703 esse
831 1645 1012 1703 Catholicum
1032 1644 1216 1709 Romanum,

128 1741 194 1799 licet
206 1744 271 1814 quis
285 1744 421 1821 intelligat
436 1763 468 1802 se
488 1763 545 1803 non
565 1763 628 1802 esse
649 1746 749 1803 Romae
770 1755 876 1810 natum,
897 1743 965 1801 dum
985 1743 1095 1801 auditor
1117 1744 1219 1818 accipit

129 1859 214 1898 voces
227 1840 263 1898 de
276 1842 392 1900 homine
403 1862 467 1900 cum
482 1842 557 1900 Sede
569 1843 646 1901 Petri
659 1842 803 1900 consortio
813 1841 957 1917 religionis
968 1843 1130 1918 conjuncto.
1153 1842 1218 1898 Nec

128 1939 194 1996 licet
213 1959 246 1998 se
265 1939 355 1998 dicere
381 1939 644 2010 Universclirtcm,
669 1941 851 1998 catholicum
874 1958 907 1996 ea
929 1957 998 1997 voce
1022 1938 1216 2027 intelligendp,

130 2057 218 2109 quum
232 2039 307 2114 apud
320 2060 373 2098 nos
386 2040 517 2117 designet
525 2041 675 2099 sectarium
686 2038 847 2098 credentem
858 2039 1005 2096 universos
1015 2038 1148 2096 homines
1157 2046 1216 2094 tan·

135 2136 199 2194 dem
212 2138 364 2211 aliquando
378 2139 546 2198 adsalutem
560 2150 754 2216 perventums.

171 2241 238 2294 187.
261 2237 295 2296 ln
315 2239 496 2297 consessione
516 2239 714 2297 sacramentali
733 2237 827 2294 omnis
847 2255 950 2294 vocum
971 2218 1220 2403 smfftaspm·

132 2336 197 2393 nino
211 2350 257 2392 est
269 2338 411 2404 evitanda,
425 2340 526 2397 saltem
541 2338 635 2410 quoad
648 2357 681 2395 11
695 2355 758 2408 quac
779 2334 940 2392 necessarii)
953 2318 1017 2391 decl
1087 2334 1124 2391 da
1136 2343 1218 2391 sunt:

131 2452 194 2492 nam
207 2436 354 2495 consessio
367 2440 405 2495 ita
417 2448 461 2494 est
474 2436 634 2513 peragenda
646 2447 678 2494 ut
690 2435 882 2493 confessarius
896 2444 970 2491 recte
985 2418 1078 2521 valeat
1084 2432 1215 2529 judicare

132 2524 164 2589 dc
177 2537 311 2609 peccatis.
354 2536 404 2593 Sic
416 2537 441 2593 si
456 2538 520 2608 quis
535 2536 609 2593 dicat
627 2554 659 2592 ee
679 2535 823 2592 consortio
842 2550 930 2609 pravo
944 2532 1110 2599 indulsisle,
1125 2532 1220 2588 animo

133 2632 292 2708 intelligens
305 2645 384 2692 actus
397 2635 557 2709 impudicos
578 2645 714 2711 patrasse,
735 2653 792 2691 non
813 2633 949 2689 1111111011
962 2629 1115 2688 confitendi
1129 2630 1219 2695 oneri,

132 2733 242 2802 quoties
255 2736 348 2791 noscit
369 2733 571 2791 conscssarium
593 2743 697 2791 tantam
718 2734 775 2790 vim
796 2731 913 2788 vocibus
934 2729 1068 2785 illistron
1089 2729 1219 2784 tribuere.

133 2829 189 2886 Sed
202 2832 227 2888 si
241 2850 272 2888 se
286 2832 377 2890 celare
398 2831 525 2898 studens,
546 2832 582 2890 de
604 2850 720 2889 munere
740 2849 798 2902 quo
819 2828 944 2902 fungitur
964 2827 1149 2900 interrogatus
1170 2824 1219 2881 ali·

133 2927 197 2999 quid
221 2930 347 3006 ambigui
369 2950 472 2989 sensus
492 2941 621 3006 reponat,
644 2949 704 2987 non
725 2929 778 2986 erit
799 2925 978 2983 mendacium
1001 2925 1101 2981 saltem
1124 2941 1219 2999 grave,

133 3025 288 3086 dummodo
301 3031 409 3105 integra
422 3031 548 3102 alioquin
562 3030 610 3085 fiat
623 3038 803 3105 peccatorum
817 3024 971 3082 confessio.

173 3130 240 3185 188.
262 3127 296 3185 ld
309 3128 384 3203 apud
397 3147 496 3185 omnes
517 3128 672 3186 catholicos
693 3125 876 3185 1100111110
898 3133 943 3180 111
961 3124 994 3180 ab
1015 3124 1094 3178 omni
1115 3137 1218 3177 vocum

134 3226 311 3301 ambiguitate
324 3228 354 3284 in
368 3228 513 3284 communi
523 3228 587 3284 vitae
598 3226 770 3284 commercio
780 3242 844 3280 esse
855 3220 1030 3278 cavendum:
1046 3219 1098 3275 sed
1112 3218 1222 3291 discep-

135 3332 203 3379 tatur
221 3335 316 3382 utrum
336 3343 471 3397 umquam
491 3325 573 3383 liccat
593 3326 689 3381 cauti.
732 3322 865 3392 Plerique
887 3318 1012 3393 theologi
1033 3315 1183 3380 affirmant,
1198 3316 1223 3370 si

134 3425 226 3495 gravis
239 3435 339 3499 urgeat
351 3443 446 3491 causa,
470 3435 498 3481 11
517 3442 599 3482 mens
621 3421 764 3494 loquentis
784 3437 821 3476 cx
842 3416 981 3492 adjunctis
1001 3415 1094 3492 possit
1114 3413 1220 3488 colligi,

134 3518 309 3599 licet-reapse
323 3542 380 3580 non
393 3523 548 3600 colligatur.
583 3522 632 3579 Sic
646 3520 789 3579 Abraham
803 3515 945 3575 consuluit
959 3515 1036 3572 Sarac
1049 3525 1081 3571 ut
1093 3529 1221 3570 sororem

135 3620 194 3693 ejus
207 3622 270 3696 ipsa
282 3640 313 3678 se
327 3622 515 3699 profiteretur,
536 3622 700 3698 conjugium
720 3617 817 3682 silens;
831 3625 859 3671 et
872 3614 952 3673 Isaac
970 3614 1131 3672 Rebeccam
1145 3629 1222 3668 soro·

136 3734 193 3773 rem
206 3737 238 3775 se
251 3739 351 3777 vocare
365 3740 422 3795 pras
436 3721 558 3795 conjuge
571 3719 669 3777 voluit.
705 3717 838 3775 Christus
852 3713 996 3774 Dominus
1009 3733 1040 3771 se
1055 3732 1113 3770 nou
1127 3728 1223 3766 ascen·

137 3812 199 3873 dere
214 3817 249 3874 ad
262 3817 338 3877 diem
351 3819 455 3877 festum
469 3819 550 3883 1111111,
564 3836 599 3874 10
613 3816 690 3889 quod
707 3817 800 3892 palam
814 3824 843 3871 ct
861 3832 926 3872 cum
940 3812 1052 3871 indiciis
1066 3807 1223 3866 manifestis

137 3930 192 3972 suae
206 3915 309 3975 divinae
323 3928 428 3976 nature
448 3917 536 3978 nollet
548 3936 615 3975 cum
628 3915 776 3993 discipulis
790 3922 856 3971 tunc
878 3909 1040 3974 ascendere,
1055 3906 1140 3982 paulo
1159 3912 1225 3979 post

170 4118 209 4180 (1)
224 4117 296 4181 Pmp.
305 4117 370 4166 xxvi.
385 4116 462 4165 xxvii.
473 4117 537 4166 inter
548 4115 682 4165 damnatas.
705 4110 721 4158 2
734 4109 815 4160 Martii
830 4107 900 4159 1879.

169 4203 208 4268 (2)
222 4203 300 4253 Eccli.
311 4202 406 4252 xxxvii.
417 4204 457 4251 28.
572 4201 613 4264 (8)
628 4196 669 4246 l's.
682 4196 767 4245 xxxiii.
781 4195 818 4244 11.
934 4192 975 4257 (4)
990 4191 1030 4240 Pr.
1042 4190 1091 4240 xiv.
1104 4189 1124 4237 1.
1136 4191 1159 4237 3.
