2744 4980
467 428 525 488 on
545 384 735 488 sarrruo
756 428 1008 491 remouere
1175 446 1180 452 ·
1231 440 1287 495 rar

190 594 283 671 gravis
297 593 363 651 furti
376 593 417 651 rei
430 604 507 660 sunt,
521 593 682 668 debentque
695 612 749 670 pro
764 612 847 668 equa
865 594 961 655 damni
975 595 1161 655 estimatione
1174 600 1286 658 setisla·
1352 636 1358 661 t

189 711 249 750 cere
263 691 339 759 esed
351 710 428 768 sepe
441 692 608 769 perdifficile
623 702 666 750 est
678 695 800 770 pretium
814 694 850 752 ad
863 694 993 753 dominos
1007 704 1066 753 tuto
1074 697 1195 754 mittere.
1238 697 1286 756 De

188 791 262 868 ligna
274 791 484 868 colligentibus,
498 811 561 864 que
575 791 646 850 alius
659 793 690 850 in
709 794 754 850 sui
773 812 858 852 usum
882 793 998 862 excidit,
1017 795 1063 852 vel
1082 794 1118 852 de
1137 812 1172 853 ea
1184 814 1286 873 aspor-

190 891 320 957 tantibus,
335 908 398 963 que
412 890 483 949 alius
496 891 552 948 sibi
565 890 748 967 comparavit,
759 891 836 952 idem
849 892 1019 953 dicendum:
1041 895 1136 971 gravis
1150 895 1228 954 enim
1237 907 1287 955 est
1319 962 1323 971 ¹

191 989 271 1066 eulpa
284 1007 385 1049 eorum
398 991 511 1066 copiam
524 990 578 1047 sibi
591 1008 715 1058 sumere,
729 991 791 1048 sine
804 991 913 1051 domini
923 993 1015 1051 venia.

229 1092 300 1158 169,
320 1088 474 1155 Falsarius,
489 1090 538 1162 qui
552 1097 695 1147 monetam
709 1088 808 1149 salsam
829 1091 915 1158 cudit,
940 1091 985 1150 vel
1008 1093 1199 1170 chirographa
1218 1094 1287 1152 fiete

149 1223 152 1226 >
193 1189 218 1245 in
229 1188 326 1247 lucem
339 1187 468 1254 editius
480 1189 626 1265 pessimus
644 1188 806 1248 censendus
819 1200 873 1247 est.
895 1191 953 1257 Qui
966 1201 1109 1250 monetam
1118 1191 1286 1269 hujusmodi

194 1287 216 1344 iu
238 1287 358 1363 vulgum
381 1288 498 1365 spargit,
519 1287 663 1364 injustitie
683 1287 714 1344 fit
733 1306 808 1356 reus,
829 1297 857 1346 et
876 1287 912 1346 ad
931 1289 1121 1367 reparandum
1147 1291 1285 1349 damnum

192 1394 306 1444 tenetur.
348 1386 496 1459 Quotquot
508 1405 589 1444 suam
603 1396 735 1464 praestant
756 1405 872 1464 operam
890 1407 927 1446 ex
947 1390 1093 1448 communi
1112 1389 1234 1448 consilio
1254 1390 1285 1448 in

189 1485 309 1544 solidum
323 1495 463 1553 tenentur,
478 1485 548 1543 adeo
561 1497 593 1542 ut
605 1486 710 1562 singuli
729 1496 876 1545 teneantur
896 1487 930 1545 ad
951 1499 1051 1556 totum,
1076 1488 1100 1545 si
1120 1490 1213 1547 ceteri
1235 1506 1284 1546 ne·

185 1583 336 1659 glexerint
367 1584 425 1651 Qui
438 1583 541 1643 dubius
555 1582 591 1642 de
605 1584 746 1643 authentia
759 1585 951 1663 chirographi,
966 1607 1016 1646 seu
1031 1597 1162 1656 monete,
1177 1588 1283 1665 perito-

182 1702 248 1741 mm
261 1665 318 1740 stat
333 1684 455 1761 judicio,
470 1683 505 1741 ad
524 1683 595 1741 nihil
616 1694 735 1752 tenetur,
756 1687 781 1743 si
800 1686 943 1744 bonafide
957 1686 1005 1744 det
1021 1685 1109 1753 alteri,
1124 1688 1173 1759 qui
1188 1696 1283 1745 tamen

172 1784 228 1858 jus
243 1782 332 1840 habet
344 1782 379 1840 ad
391 1801 457 1841 eum
471 1782 643 1841 recurrendi.
685 1783 743 1849 Qui
756 1795 849 1841 autem
863 1795 967 1843 temere
981 1785 1038 1851 dat,
1052 1784 1136 1842 debet
1145 1784 1283 1843 damnum

175 1900 330 1959 reparare,
344 1900 430 1956 quum
444 1883 568 1957 primum
580 1901 626 1939 res
635 1882 689 1939 sibi
703 1882 787 1939 luerit
799 1882 956 1958 explorata.
999 1885 1096 1942 Nemo
1110 1894 1204 1960 potest
1216 1883 1281 1943 aliis

173 1981 297 2038 tradere
311 1980 528 2057 chirogmphum
542 1980 725 2048 fiotum,licet
738 1982 882 2039 bonafide
896 1991 924 2038 et
937 2001 1031 2041 meree
1046 1982 1110 2039 data
1120 1982 1190 2041 illud
1204 2001 1285 2042 acce·

175 2081 269 2156 perit,
285 2079 363 2151 quod
376 2078 530 2138 infortunio
543 2078 706 2138 habendum
719 2090 779 2137 est:
802 2099 890 2152 quum
910 2083 988 2140 enim
1011 2100 1063 2159 per
1086 2099 1117 2138 se
1139 2081 1179 2139 nil
1192 2082 1286 2140 valeat

172 2198 243 2237 mon
257 2188 352 2255 potest
364 2179 426 2236 sine
440 2180 544 2256 injuria
557 2179 619 2236 aliis
639 2172 724 2235 dari.¹
765 2179 1011 2253 Quandocumque
1025 2199 1084 2239 non
1097 2190 1208 2238 constat
1218 2160 1284 2253 quis

176 2277 322 2336 damnum
335 2297 438 2354 passus
451 2279 497 2345 sit,
511 2279 561 2350 qui
575 2278 669 2350 aliqua
682 2279 788 2335 ratione
801 2279 828 2336 ei
852 2278 1000 2337 inserendo
1013 2296 1130 2358 operam
1144 2266 1284 2355 praestitii,

178 2376 311 2435 debetin
324 2396 482 2453 pauperum
501 2376 632 2435 levamen
653 2377 773 2434 tribuere
793 2386 881 2435 totum
903 2397 959 2450 quo
982 2379 1055 2456 ipse,
1079 2376 1153 2434 mala
1176 2377 1232 2436 fide
1253 2378 1284 2437 in

183 2475 304 2552 vulgum
330 2477 444 2535 emissis
471 2476 678 2554 chirographis,
700 2475 838 2552 populum
865 2476 1012 2544 fraudavit,
1035 2478 1104 2535 licet
1124 2477 1227 2535 minori
1249 2495 1284 2535 ea

185 2574 345 2633 vendiderit
363 2577 473 2652 pretio:
495 2594 553 2633 non
576 2576 652 2633 euim
673 2594 726 2632 suo
745 2575 827 2633 lucro
845 2575 980 2634 damnum
1001 2575 1078 2649 quod
1093 2577 1284 2634 communitas

188 2692 272 2750 passa
284 2684 338 2741 est,
352 2674 549 2734 estimandum
570 2686 622 2732 est.
645 2672 857 2747 “Quicumque
878 2683 1019 2734 monetam
1039 2676 1139 2733 falsam
1160 2675 1285 2732 scienter

187 2772 293 2841 lecerit,
308 2783 356 2831 aut
368 2774 494 2832 studiose
515 2774 692 2850 expenderit,
716 2784 860 2846 tamquam
880 2773 1057 2840 maledictus,
1078 2780 1107 2831 et
1126 2791 1284 2848 pauperum

189 2873 311 2931 virorum
325 2891 487 2950 oppressor,
502 2883 530 2931 et
549 2875 670 2931 civitatis
691 2873 823 2940 turbator,
839 2893 855 2929 a
874 2872 1000 2931 fidelium
1013 2872 1157 2956 consortio
1170 2889 1283 2948 separe·

190 2966 280 3030 tur.''²
319 2971 361 3030 lta
383 2973 478 3030 statuit
497 2972 649 3031 concilium
670 2972 860 3030 Lateranense
874 2971 898 3030 Ι.
941 2971 1040 3030 Vetuit
1052 2973 1137 3030 etiam
1152 2969 1282 3047 synodus

189 3071 366 3130 Turonensis
385 3090 421 3130 ne
435 3073 498 3145 quis
512 3091 575 3130 eam
591 3072 669 3130 alteri
690 3070 827 3129 traderet:
851 3071 1038 3130 “Pecuniam
1059 3072 1084 3128 si
1098 3072 1162 3144 quis
1176 3069 1284 3129 adulte·

188 3172 277 3228 rinam
290 3172 444 3229 autminus
467 3172 612 3247 probatam
629 3171 776 3246 receperit,
791 3171 922 3242 quamvis
942 3171 1114 3246 ignoranter,
1129 3181 1284 3241 auctorque

188 3270 240 3327 sibi
254 3271 291 3328 sit
304 3271 475 3347 incognitus,
490 3269 568 3328 alteri
583 3269 689 3327 tradere
705 3288 761 3327 non
775 3262 977 3345 presumat.”³
1006 3267 1150 3340 Equidem
1165 3264 1282 3325 Tullius

189 3368 258 3444 ipse,
285 3370 392 3427 ratione
420 3370 564 3446 magistra,
591 3370 670 3426 novit
695 3367 725 3426 id
751 3386 808 3426 non
833 3367 930 3424 licere.
969 3367 1111 3434 “Quaerit
1136 3366 1231 3432 etiam,
1259 3365 1284 3423 si

189 3469 300 3543 sapiens
314 3467 486 3526 adulterinos
500 3484 633 3526 nummos
654 3467 795 3544 acceperit
808 3464 976 3542 imprudens
990 3486 1041 3544 pro
1054 3466 1155 3524 bonis:
1177 3482 1244 3524 cum
1254 3463 1285 3524 id

190 3567 330 3633 rescierit;
352 3567 533 3626 solutumsne
547 3569 584 3625 sit
605 3586 665 3634 eos,
680 3569 706 3626 si
725 3567 771 3624 cui
794 3566 904 3633 debeat,
927 3584 979 3642 pro
1000 3566 1093 3625 bonis.
1135 3565 1283 3644 Diogenes

225 3769 269 3834 ll)
288 3778 304 3802 ⁸·
312 3768 377 3820 This
387 3771 494 3836 practice
507 3787 545 3821 we
557 3771 697 3821 sometimes
707 3769 767 3820 hesr
777 3769 894 3820 defended
907 3771 939 3834 hy
952 3786 967 3819 s
978 3771 1065 3833 vulger
1075 3785 1172 3826 excuse,
1184 3767 1237 3817 thst
1248 3781 1286 3816 we

192 3852 253 3903 heve
265 3855 338 3905 tehen
350 3855 392 3906 the
412 3872 501 3922 money
513 3857 550 3907 lor
562 3856 633 3919 good,
652 3855 701 3906 and
713 3863 785 3913 must.
795 3854 923 3914 therefore,
935 3862 976 3916 get
992 3854 1028 3905 rid
1040 3855 1068 3905 ol
1078 3854 1104 3903 ie
1140 3849 1236 3900 Which
1246 3865 1287 3900 ss·

175 3951 245 3987 -euss
257 3937 278 3987 is
290 3937 365 3989 much
377 3938 419 3989 the
431 3956 506 4001 seme,
526 3957 553 3990 ss
571 3940 593 3990 il
607 3955 662 3996 one,
678 3939 736 3989 who
756 3938 804 3989 hed
822 3940 884 3988 been
908 3937 997 3988 robhed
1014 3951 1080 4002 upon
1104 3934 1146 3984 the
1163 3933 1288 3998 higuny,

188 4022 276 4074 should
288 4024 367 4087 sllsqe
378 4024 410 4075 hs
421 4025 469 4077 hsd
481 4043 496 4077 s
512 4026 578 4089 right
588 4033 614 4077 to
625 4025 758 4077 raimburse
769 4024 871 4076 himself
884 4030 927 4075 out
947 4024 976 4073 ol
987 4022 1030 4073 the
1040 4021 1128 4087 pochet
1140 4019 1168 4069 oi
1182 4017 1224 4070 the
1235 4018 1287 4084 llrsg

191 4109 300 4160 tnvsller
311 4109 343 4161 he
354 4110 429 4162 ΜΨ
463 4111 550 4177 Paley,
561 4110 646 4165 Morol
655 4109 820 4180 Philosophy,
828 4111 844 4162 1.
855 4110 881 4160 ii.
888 4125 910 4160 c.
920 4108 961 4158 sii.

221 4196 265 4261 (2)
285 4193 367 4248 (lone.
380 4195 435 4250 Lat
449 4197 465 4248 i.
478 4213 532 4248 can.
544 4214 586 4248 xr.

219 4283 260 4348 (³)
281 4282 356 4349 Apud
368 4284 524 4346 Boehellum,
536 4286 551 4336 Ι.
563 4285 614 4336 viii.
627 4284 679 4335 dee.
691 4283 761 4335 Eecl.
773 4281 861 4332 Gsllic.
871 4280 908 4332 tit.
922 4280 963 4330 lix.

755 4390 808 4446 13¹
