2744 4980
143 393 179 445 12
394 385 451 444 DE
472 384 655 443 aculeus
676 382 975 443 VOLUNTARIIS.

141 554 248 625 absque
260 551 380 628 periculi
393 552 571 628 suspicione,
582 551 627 608 vel
641 551 742 608 saltem
752 550 860 621 absque
875 550 990 606 abortus
998 546 1155 615 voluntate,
1164 546 1238 606 licet

142 651 286 725 quoddam
302 652 375 709 soret
396 650 566 728 periculum,
582 649 660 723 quod
675 651 705 707 in
725 650 762 706 iis
782 666 878 705 rerum
898 647 1040 725 adjunctis
1061 647 1153 704 vitare
1173 664 1234 705 non

142 753 291 809 tenebatur
304 751 445 818 medicus,
461 750 556 808 febres
570 768 690 826 corpore
706 747 847 806 deducere
863 757 971 805 tanturn
986 745 1114 804 studens.

186 855 233 908 16.
255 850 341 907 Juvat
362 851 394 906 S.
410 850 533 907 Thomae
554 848 607 905 hac
627 848 662 905 de
682 867 712 904 re
732 847 847 904 recitare
862 848 962 904 verba:
988 845 1235 903 “Nocumentum

143 949 288 1025 tripliciter
297 967 328 1005 se
339 948 441 1006 habere
453 957 545 1023 potest
555 946 590 1003 ad
600 957 756 1022 peccatum.
799 944 976 1018 Quandoque
991 944 1067 1001 enim
1078 962 1235 1002 nocumen-

143 1058 202 1105 tum
217 1046 293 1120 quod
308 1048 437 1122 provenit
449 1064 487 1102 ex
500 1057 626 1120 peccato,
638 1056 681 1104 est
694 1045 845 1121 previsum
855 1053 884 1100 et
897 1045 1053 1101 intentum:
1076 1044 1150 1100 sicut
1166 1060 1233 1099 cum

142 1147 245 1217 aliquis
260 1145 366 1218 aliquid
380 1154 511 1221 operatur
524 1146 619 1202 animo
629 1143 750 1201 nocendi
761 1142 848 1209 alteri,
862 1151 893 1198 ut
905 1141 1048 1199 homicida
1060 1142 1106 1198 vel
1119 1141 1182 1198 sur:
1205 1151 1235 1197 et

141 1255 208 1302 tunc
218 1244 322 1301 directe
336 1245 475 1316 quantitas
485 1243 646 1300 nocumenti
657 1242 776 1317 adauget
785 1242 947 1316 gravitatem
958 1241 1076 1316 peccati,
1088 1240 1157 1312 quia
1166 1251 1234 1296 tunc

140 1322 342 1399 nocumentum
355 1351 399 1398 est
415 1359 511 1418 perse
532 1342 673 1418 objectum
686 1340 803 1416 pcccati.
847 1339 1023 1411 Quandoque
1038 1348 1131 1395 autern
1145 1356 1234 1394 nocu-

139 1451 267 1498 mentum
281 1449 324 1497 est
337 1441 498 1516 praevisum,
514 1438 564 1496 sed
578 1459 635 1496 non
646 1440 801 1497 intentum:
817 1440 890 1495 sicut
903 1457 967 1495 cum
979 1439 1080 1509 aliquis
1092 1438 1233 1493 transiens

137 1558 190 1615 per
198 1558 306 1615 agrum,
316 1548 347 1596 ut
354 1537 582 1614 compendiosius
594 1537 675 1595 vadat
683 1537 717 1594 ad
726 1536 929 1602 somicandum,
939 1537 1021 1594 insert
1028 1545 1233 1593 nocumentum

139 1638 184 1695 his
199 1656 262 1710 quaa
273 1648 339 1694 sunt
352 1638 489 1694 seminata
499 1637 528 1692 in
543 1656 619 1712 agro,
634 1639 764 1703 scienter,
779 1636 845 1693 licet
858 1655 915 1692 non
929 1637 1023 1693 animo
1041 1633 1182 1692 nocendi:
1205 1645 1235 1691 et

138 1737 180 1793 sic
194 1737 279 1793 etiarn
298 1737 438 1808 quantitas
457 1737 619 1793 nocumenti
638 1744 769 1812 aggravat
789 1744 945 1811 peccatum,
961 1734 1011 1791 scd
1024 1733 1178 1791 indirecte:
1203 1734 1234 1790 in

138 1845 274 1906 quantum
290 1836 398 1893 scilicet
417 1853 454 1891 ex
475 1834 615 1891 voluntate
636 1834 755 1891 multum
776 1833 907 1889 inclinata
923 1832 957 1889 ad
972 1831 1146 1908 peccandum
1168 1850 1234 1909 pro·

138 1933 221 2000 cedit,
237 1933 314 2004 quod
328 1934 429 2005 aliquis
441 1951 498 1989 non
509 1934 699 2007 praetermittat
708 1931 799 1988 sacere
811 1930 944 1988 damnum
956 1932 1009 1988 sibi
1023 1930 1067 1987 vel
1082 1932 1139 1997 alii,
1155 1929 1234 2003 quod

138 2031 305 2106 simpliciter
317 2049 375 2087 non
389 2030 482 2086 vellet.
525 2030 702 2102 Quandoque
717 2040 811 2086 autem
821 2041 1022 2087 nocumentum
1036 2047 1089 2086 nec
1103 2041 1147 2086 est
1160 2049 1233 2105 prar-

136 2129 242 2194 visum,
255 2147 307 2185 nec
321 2129 476 2186 intentum:
500 2137 528 2185 et
541 2139 607 2186 tunc
621 2130 645 2185 si
659 2147 711 2203 per
724 2127 854 2184 accidens
868 2147 899 2184 se
910 2128 1010 2185 habeat
1023 2127 1057 2184 ad
1070 2138 1233 2202 peccatum,

137 2246 195 2283 non
207 2237 339 2303 aggravat
348 2235 495 2302 peccatum
507 2226 609 2284 directe
620 2248 628 2294 ;
641 2226 691 2284 sed
700 2237 814 2302 propter
823 2226 1022 2303 negligentiam
1034 2225 1233 2283 considerandi

137 2336 308 2382 nocumenta
321 2344 384 2397 quae
396 2326 531 2397 consequi
544 2336 669 2400 possent,
681 2326 852 2401 imputantur
862 2325 971 2382 homini
984 2324 1144 2401 adplenum
1156 2325 1233 2382 mala

137 2442 200 2494 quac
216 2425 350 2481 eveniunt
362 2433 462 2499 praeter
475 2424 537 2500 ejus
549 2425 742 2490 intentionem,
758 2425 782 2480 si
793 2423 874 2481 dabat
885 2443 998 2499 operam
1010 2424 1049 2481 rei
1061 2424 1174 2481 illicitae.
1198 2424 1233 2480 Si

136 2521 204 2579 veri
219 2535 421 2579 nocumentum
438 2541 488 2597 per
502 2540 533 2578 se
550 2537 683 2596 sequntur
693 2542 729 2580 ex
740 2533 803 2579 actu
815 2523 932 2598 pcccati,
944 2522 1009 2579 licet
1023 2541 1080 2580 non
1094 2524 1130 2579 sit
1140 2524 1233 2580 inten-

137 2632 207 2686 tum,
229 2639 281 2677 nec
306 2621 468 2696 praevisum,
490 2620 593 2678 directe
615 2632 760 2698 peccatum
780 2633 927 2697 aggravat3
959 2623 1025 2692 quia
1042 2640 1232 2693 quaecumque

137 2739 233 2795 perse
253 2731 464 2791 consequuntur
478 2718 512 2776 ad
526 2733 687 2795 peccatum,
698 2721 838 2794 pertinent
855 2719 1064 2791 quodammodo
1083 2719 1117 2776 ad
1136 2722 1231 2795 ipsam

137 2820 244 2894 peccati
259 2819 403 2895 speciem:
426 2830 494 2893 puta
508 2819 533 2875 si
547 2820 647 2892 aliquis
662 2818 772 2893 publice
794 2818 954 2886 somicetur,
975 2819 1100 2891 sequitur
1113 2819 1233 2876 scanda-

135 2917 195 2974 lum
215 2917 419 2992 plurimorum
443 2917 520 2988 quod
534 2919 663 2990 quamvis
684 2919 745 2993 ipse
766 2937 822 2975 non
844 2917 977 2984 intendat,
999 2936 1052 2974 uec
1073 2917 1143 2974 sorte
1158 2937 1231 2993 prae·

136 3015 239 3080 videat,
252 3014 356 3071 directe
368 3035 419 3090 per
430 3015 483 3071 hoc
495 3027 660 3092 aggravatur
675 3009 871 3092 peccatum.’'¹

180 3119 227 3173 17.
262 3112 352 3170 “Hic
377 3112 519 3171 advertere
540 3114 681 3190 oportet‚”
705 3115 796 3186 inquit
816 3115 847 3171 S.
869 3115 1044 3190 Alphonsus,
1074 3114 1181 3187 “quod
1200 3127 1234 3173 ut

135 3213 239 3286 aliquis
251 3210 369 3269 effectus
381 3230 504 3284 sequens
515 3231 595 3270 suam
607 3231 721 3270 causam
731 3214 792 3289 jam
808 3213 962 3271 voluntarie
976 3215 1108 3289 positam,
1123 3213 1233 3271 dicatur

134 3323 163 3369 et
178 3313 239 3389 ipse
252 3311 425 3368 voluntarius
440 3311 575 3371 indirecte
593 3313 622 3368 in
640 3331 734 3377 causa,
746 3323 773 3369 et
790 3313 874 3368 simul
885 3312 1037 3388 imputetur
1054 3313 1088 3370 ad
1099 3313 1233 3370 meritum

135 3411 180 3467 vel
208 3411 387 3475 demeritum,
415 3411 467 3466 tria
493 3430 658 3468 concurrere
680 3410 798 3468 debent:
844 3415 870 3468 l.
892 3411 969 3482 quod
990 3431 1077 3488 agens
1097 3410 1232 3486 ponendo

137 3527 251 3564 causam
270 3506 403 3574 advertat,
422 3507 522 3564 saltem
540 3508 714 3574 inconfuso,
731 3508 894 3585 hujusmodi
913 3510 1043 3567 effectum
1061 3511 1119 3568 sore
1138 3528 1175 3567 ex
1186 3510 1236 3567 illa

137 3625 223 3662 causa
240 3615 447 3675 sequuturum:
476 3610 505 3663 2.
529 3606 604 3678 quod
621 3607 711 3681 possit
726 3606 863 3683 impedire
880 3608 963 3666 talem
974 3609 1106 3666 effectum
1117 3628 1233 3666 causam

137 3703 279 3761 tollendo:
326 3708 354 3760 3.
377 3702 452 3775 quod
474 3713 599 3761 teneatur
623 3705 720 3761 tollere
743 3706 788 3762 vel
809 3706 884 3763 illam
904 3727 961 3765 non
981 3727 1096 3784 ponere.
1139 3707 1183 3765 lta
1199 3708 1232 3765 S.

138 3802 269 3860 Thomas
284 3806 310 3858 1.
323 3807 352 3859 2.
365 3821 413 3874 qu.
425 3807 475 3859 20.
492 3812 541 3859 art.
557 3808 585 3860 5.
599 3802 648 3859 ubi
668 3804 722 3860 ait:
746 3805 893 3863 ‘Eventus
912 3825 1033 3878 sequens
1056 3849 1063 3864 .
1087 3849 1094 3864 .
1117 3848 1124 3864 .
1147 3807 1172 3862 si
1190 3817 1235 3864 est

138 3902 346 3977 praecogitatus,
365 3900 546 3959 manifestum
560 3911 612 3969 est,
627 3901 703 3974 quod
723 3900 799 3960 addit
814 3903 848 3960 ad
866 3905 1016 3962 bonitatem
1033 3907 1079 3963 vel
1096 3905 1234 3963 malitiam

138 4010 227 4056 actus.
270 3999 348 4057 Cum
368 4000 445 4057 enim
466 4000 567 4073 aliquis
589 4001 701 4077 cogitat,
722 4001 799 4073 quod
819 4021 856 4058 ex
875 4021 960 4078 opere
981 4023 1034 4062 suo
1053 4005 1142 4063 multa
1158 4005 1235 4062 mala

61 4089 66 4099 '
134 4086 365 4187 possunt1sequi,
383 4117 436 4156 nec
454 4108 568 4176 propter
580 4098 635 4156 hoc
649 4098 769 4167 dimittit,
782 4119 818 4158 ex
834 4101 889 4159 hoc
907 4112 1022 4179 apparet
1031 4106 1159 4163 voluntas
1171 4102 1234 4180 ejus

454 4313 495 4378 (l)
516 4317 537 4362 1.
550 4313 574 4367 9.
584 4324 626 4379 qu.
636 4316 715 4366 lxxiii.
727 4325 769 4367 nrt
782 4317 832 4368 viii.
841 4318 916 4386 Κεφ.
