2744 4980
289 112 347 173 DE
368 111 520 173 LEGUM
541 111 738 177 olvatum
757 110 1061 181 ounlearlorte.
1161 123 1220 179 271

125 287 194 339 vcta
218 279 351 337 emittant
372 278 404 337 in
423 273 579 338 Ordinilete
598 275 754 353 Religiceie
772 275 885 353 injusto
904 277 989 356 plane
1007 288 1083 338 mint.
1125 281 1225 349 Quum

126 378 177 438 lex
200 377 311 439 “nullo
335 378 445 454 privato
470 375 634 444 commodo,
656 374 709 434 sed
729 393 783 452 pro
803 377 950 445 commui
974 377 1081 437 civium
1105 379 1222 439 uenae

127 470 325 554 conscriptam
345 473 464 543 dicatur,
484 477 509 533 si
529 483 641 535 constet
660 472 768 548 aliquid
786 472 904 535 deceml
924 475 1002 550 quod
1022 477 1053 535 in
1072 478 1156 537 unius
1176 480 1223 538 vel

126 593 288 654 paucorum
307 574 455 633 utilitatem
478 573 574 632 tendat
595 591 662 632 cum
684 573 872 650 plurimorum
897 574 1075 644 detrimento,
1088 576 1166 636 nulla
1179 589 1224 636 eet

127 674 265 752 obligatio
287 672 316 731 id
336 670 478 731 servandi.
520 671 579 730 Sed
599 669 758 730 cavendum
780 690 816 730 ne
839 673 959 752 collegia
977 675 1084 734 civium
1109 676 1223 752 publica

127 775 295 833 auctoritate
307 781 336 829 et
353 772 417 849 lege
437 771 564 830 instituta
582 782 752 830 censeantur
771 770 948 848 hujucemodi,
968 792 1035 834 cum
1055 774 1223 850 plerumque

127 874 236 932 civium
259 872 388 930 omnium
407 869 518 927 intersit
536 888 571 927 ea
591 871 655 948 lege
674 869 774 939 foveri,
797 880 829 928 ut
844 875 1050 932 commercium
1069 883 1098 931 et
1111 874 1224 951 publice

127 991 220 1051 opera
243 970 355 1030 felicius
380 979 522 1047 gerantur.
573 969 637 1028 Lex
663 970 769 1046 injusta
793 977 847 1037 est,
873 970 941 1028 dum
967 982 1117 1048 gravantur
1136 975 1223 1033 nimie

128 1070 220 1146 aliqui
232 1071 321 1137 cives,
334 1069 377 1128 uti
389 1068 529 1144 contingit
548 1068 662 1141 quando
682 1086 769 1127 onera
788 1069 974 1145 imponuntur
986 1070 1109 1138 calonis,
1123 1072 1224 1131 immu-

129 1171 218 1228 nitate
232 1168 291 1228 sere
304 1167 402 1227 relicte
413 1166 557 1226 dominis:
579 1165 732 1241 aliquando
752 1175 846 1226 tamen
866 1160 1006 1244 pauperes
1019 1179 1048 1226 et
1067 1170 1118 1242 qui
1131 1170 1224 1230 hunri-

128 1269 210 1328 liorie
223 1277 289 1327 sont
301 1267 475 1326 conditionis
488 1265 628 1326 immerito
643 1276 799 1339 queruntur
811 1285 844 1325 se
857 1267 977 1344 gravari.
1019 1267 1225 1334 Quandocum-

130 1386 186 1441 que
198 1366 398 1444 legumlatores
412 1367 559 1441 potestatis
578 1385 638 1425 sue
658 1366 763 1425 limites
777 1365 929 1425 manifesto
948 1365 1102 1435 excedunt,
1117 1368 1226 1429 uirilem

131 1466 333 1544 obligationem
353 1463 509 1524 inducunt:
530 1483 567 1522 vt
589 1485 624 1543 g:
653 1466 679 1524 ei
701 1464 883 1542 Gangrenam
902 1464 1009 1538 aliquid
1027 1465 1064 1523 de
1086 1465 1225 1543 religione

131 1574 267 1624 statueret
278 1575 377 1624 conus
396 1561 618 1624 constitutionis
636 1574 829 1641 preceptum:
851 1563 897 1621 vel
916 1564 942 1621 ei
960 1575 1049 1622 coetue
1070 1565 1224 1642 cujuslibet

131 1664 228 1723 Statua
240 1664 304 1742 lege
317 1663 481 1722 decerneret
493 1682 550 1736 qua
561 1664 658 1740 lingua
671 1661 881 1740 predicandum
895 1663 941 1720 sit.
983 1663 1033 1723 Sic
1047 1665 1132 1723 etiam
1146 1665 1228 1759 prg-

131 1764 206 1842 cipis
219 1764 271 1837 qui
281 1763 407 1822 habenae
421 1763 528 1839 arripit,
537 1762 667 1839 legitimo
677 1780 800 1821 excurro
807 1762 915 1838 auriga,
922 1761 1002 1838 leges
1015 1781 1074 1825 nou
1086 1761 1225 1841 obligant,

130 1863 186 1922 nisi
200 1872 340 1937 quatenus
360 1862 461 1939 populi
479 1880 621 1920 consensu
641 1860 687 1918 vel
707 1861 853 1920 tolerantia
874 1860 946 1919 tituli
967 1860 1066 1921 vitium
1088 1873 1223 1921 senatur:

129 1960 181 2019 sed
194 1962 220 2019 ei
237 1963 301 2038 jam
323 1960 469 2039 possideat
490 1979 619 2038 rognum,
633 1961 797 2038 reipublice
811 1959 888 2017 salus
907 1959 999 2036 exigit
1016 1970 1047 2017 ut
1064 1960 1144 2036 leges
1161 1962 1224 2038 ejus

127 2055 306 2120 cerventur.²

175 2162 224 2216 19.
247 2160 384 2227 Querunt
402 2158 527 2234 theologi
551 2169 645 2216 uuum
658 2157 736 2233 leges
749 2175 851 2216 omnes
864 2155 962 2214 civiles
975 2158 1178 2216 conscientium
1191 2158 1230 2215 ita

126 2259 222 2336 ligent
244 2269 275 2317 ut
294 2269 396 2336 peccet
417 2258 482 2331 quis
504 2275 551 2314 eae
572 2255 753 2333 negligendo,
777 2256 862 2314 etiam
887 2265 998 2313 servata
1017 2257 1226 2334 magistratibus

128 2359 300 2426 reverentia,
313 2367 342 2414 et
362 2356 463 2417 ordine
476 2355 590 2431 publico
603 2355 703 2415 illeso.
745 2354 846 2414 Siler
865 2373 928 2428 que
946 2354 1020 2412 mala
1038 2374 1090 2431 per
1108 2373 1140 2413 ee
1159 2366 1227 2415 eunt

128 2457 291 2536 prohibeat,
312 2455 358 2515 vel
379 2475 443 2530 que
463 2454 561 2514 divino
576 2456 641 2532 jure
662 2454 862 2530 precipiantur
880 2451 1020 2512 servande
1040 2454 1117 2521 velit,
1138 2454 1229 2527 liquet

129 2557 337 2617 conscientiam
364 2555 455 2632 ligari,
480 2573 568 2628 quum
597 2571 635 2611 ex
656 2555 722 2630 jure
754 2551 905 2627 superiori,
931 2568 983 2609 eeu
1015 2551 1143 2619 naturali,
1177 2570 1228 2611 eeu

129 2657 231 2716 divino
250 2655 384 2731 obligatio
413 2653 563 2720 derivetur,
593 2670 655 2725 que
682 2652 807 2709 munitur
826 2648 934 2726 adjectu
961 2649 1038 2708 civili
1057 2646 1229 2710 sanctione.³

131 2756 166 2814 Si
188 2755 255 2832 jura
273 2754 378 2813 civium
398 2755 471 2812 inter
490 2770 521 2809 ee
542 2752 606 2828 lege
635 2749 813 2818 definiantur,
840 2766 903 2821 que
925 2748 1051 2820 alioquin
1070 2748 1163 2808 forent
1187 2752 1229 2809 iu·

131 2863 220 2919 certa,
248 2862 323 2910 tenet
348 2852 560 2920 Blackstonius,
587 2850 706 2907 celebris
726 2848 801 2925 apud
821 2847 930 2924 Angloe
957 2846 1054 2923 legum
1080 2850 1229 2925 interpres,

131 2953 338 3013 conscientiam
360 2952 452 3028 ligari,
467 2949 537 3008 adeo
559 2958 590 3007 ut
612 2949 734 3021 quisque
757 2965 851 3005 rerum
865 2946 1067 3022 proprietatem
1081 2965 1119 3004 ex
1132 2947 1229 3023 legum

131 3052 290 3118 sanctione,
316 3051 401 3108 etiam
434 3049 548 3108 nemine
580 3047 743 3124 invigilante
773 3055 804 3103 ut
831 3044 994 3102 executioni
1024 3043 1231 3103 demandentur

134 3150 237 3209 debeat
262 3148 338 3226 apud
361 3167 392 3206 ee
418 3143 633 3206 determinare.⁴
671 3145 720 3203 Ex
746 3142 884 3219 theologis
910 3141 1037 3219 plurimi,
1058 3143 1091 3202 S.
1118 3142 1233 3201 Thema

169 3338 208 3397 o)
226 3333 392 3386 emaum
404 3335 429 3383 ι.
1214 3296 1283 3420 ,β’

171 3422 213 3487 (2)
234 3421 297 3471 Vide
309 3421 411 3471 Petrum
423 3419 500 3475 Dens,
510 3424 578 3466 tract.
589 3415 620 3464 de
629 3415 731 3477 legibue,
744 3429 787 3478 qu.
799 3429 822 3461 v.
833 3429 858 3465 n.
868 3414 910 3465 84.

171 3506 214 3570 (³)
233 3513 248 3536 ‘⁶
256 3506 285 3555 Iu
306 3505 390 3568 regard
407 3513 433 3554 to
444 3501 540 3553 natural
552 3500 639 3560 dutiae,
651 3499 700 3550 and
709 3499 771 3550 euch
783 3498 890 3550 offences
904 3515 932 3550 ae
943 3515 983 3549 ure
994 3497 1064 3550 molo
1075 3504 1104 3550 ln
1114 3513 1140 3548 ee
1149 3521 1159 3547 .·
1178 3497 1234 3548 herc

138 3595 178 3640 ere
189 3607 231 3641 ere
241 3592 326 3642 bound
337 3593 364 3641 in
383 3589 543 3647 conscience;
561 3589 663 3637 because
682 3602 721 3636 we
738 3601 779 3636 ere
796 3585 879 3636 bound
896 3586 928 3648 by
946 3585 1055 3649 superior
1070 3584 1138 3642 lewe,
1155 3583 1235 3633 before

136 3675 207 3725 those
214 3675 309 3726 human
321 3677 381 3726 lewe
392 3691 455 3725 were
463 3674 490 3723 iu
501 3673 575 3734 being
587 3680 611 3722 to
623 3672 727 3737 perform
739 3670 781 3720 the
792 3685 842 3719 one
851 3669 899 3718 and
912 3669 1006 3719 abstula
1016 3668 1076 3717 from
1089 3667 1131 3717 the
1142 3667 1234 3718 other.”

137 3758 293 3820 Blacketono,
305 3759 403 3812 Comm.
413 3758 504 3810 lutrod.
515 3763 574 3808 sect.
583 3755 608 3806 2.
616 3772 641 3806 u.
653 3756 694 3806 58.

172 3846 215 3911 (4)
234 3854 249 3876 ⁸⁴
258 3845 280 3896 lt
291 3844 370 3904 holds,
388 3844 400 3894 1
417 3842 563 3909 appreheud,
575 3858 602 3892 ee
613 3849 638 3891 ιο
649 3838 732 3906 rights
738 3863 749 3896 ,·
768 3838 817 3889 end
830 3838 891 3896 that,
902 3835 975 3886 when
992 3835 1035 3887 the
1046 3837 1094 3886 lew
1105 3835 1150 3887 hae
1159 3836 1236 3889 deter-

139 3929 222 3978 mined
234 3929 276 3978 the
294 3929 350 3979 field
362 3936 386 3978 to
400 3929 489 3990 belong
498 3935 523 3976 to
534 3925 625 3982 Titius,
636 3925 656 3974 it
666 3924 688 3972 ie
700 3933 786 3973 matter
797 3923 825 3971 oi
837 3921 980 3972 conscience
992 3936 1024 3969 uo
1034 3921 1119 3984 longer
1130 3931 1155 3971 ιο
1167 3923 1236 3974 with·

920 4058 1344 4448 ,l
