2744 4980
242 410 300 464 156
398 401 456 461 DE
477 402 730 463 POTEsTlTE
752 402 892 464 LEGES
912 403 1113 465 FERENDl.

239 572 317 630 nulla
337 579 499 643 temporum
512 569 645 626 varietate
666 567 818 635 mutanda;
839 578 868 626 et
886 587 998 627 morum
1021 570 1157 645 explicuit
1179 572 1332 649 principia,

238 671 334 728 relicta
353 677 490 742 potestate
513 669 667 725 rectoribus
691 666 829 724 Ecclesiae
853 685 887 724 ea
909 667 1078 727 decernendi
1099 688 1162 741 que
1176 671 1248 728 locis
1263 685 1334 728 tem·

240 770 416 846 potibusque
430 765 592 823 viderentur
604 782 772 841 congruere.

276 874 306 925 2.
329 867 423 943 Leges
436 865 635 921 ecclesiastice
649 875 715 921 suut
727 874 866 939 praecepta
879 866 1053 931 communia,
1071 867 1159 942 justa,
1174 886 1206 924 ac
1220 868 1332 926 stabilia

239 967 273 1025 de
287 967 371 1023 rebus
392 962 427 1020 sd
442 964 602 1021 animarum
616 963 743 1039 regimen
757 962 948 1030 attinentibus,
962 964 1138 1022 sufficienter
1151 967 1328 1042 promulgata

239 1066 274 1121 ab
293 1064 433 1122 Ecclesioe
460 1062 624 1120 rectoribus.
667 1060 812 1133 Equidem
838 1064 932 1120 omnis
957 1064 1029 1139 legis
1052 1064 1185 1121 humanae
1208 1067 1287 1122 notio
1314 1085 1330 1121 a

240 1163 374 1221 Suaresio
388 1163 418 1219 in
431 1177 467 1217 eo
480 1161 573 1235 posita
585 1172 629 1218 est
642 1159 719 1232 quod
729 1160 766 1216 sit
779 1168 798 1194 “
807 1178 960 1220 commune
973 1172 1157 1238 preceptum,
1164 1164 1285 1239 justum,
1298 1184 1329 1221 ac

239 1262 338 1320 stabile
349 1260 524 1319 sufficienter
532 1259 740 1337 promulgatum
752 1252 798 1314 :'’¹
818 1278 881 1331 quac
891 1263 920 1318 in
930 1261 992 1338 lege
1000 1261 1195 1319 ecclesiastica
1208 1264 1331 1321 emineat

239 1378 359 1419 necesse
368 1369 419 1416 est.
461 1358 588 1435 Singulis
597 1358 729 1416 fidelibus
740 1375 821 1429 equa
831 1377 867 1416 ex
877 1378 962 1417 causa
971 1359 1041 1417 tradi
1051 1372 1171 1436 possunt
1180 1372 1331 1437 praecepta,

238 1479 304 1518 nam
312 1470 423 1537 patrum
433 1457 687 1534 itrstarregunteos
695 1455 841 1532 presules,
850 1457 956 1515 sedlex
965 1461 1198 1517 communitatem
1208 1460 1329 1536 obligat;

238 1578 291 1618 nec
305 1570 400 1616 temen
413 1573 531 1614 necesse
545 1566 628 1613 estut
642 1574 742 1613 omnes
752 1556 857 1627 ubique
870 1557 939 1631 liget
952 1557 1061 1626 fideles,
1073 1576 1160 1628 quum
1174 1559 1328 1632 aliquando

238 1659 374 1733 respiciat
386 1667 476 1714 coetus
490 1654 639 1725 quosdam,
654 1655 698 1711 vel
712 1672 796 1712 casus
809 1655 966 1731 singulares
979 1659 1029 1729 qui
1040 1659 1214 1733 contingant.
1248 1658 1265 1715 J
1268 1669 1332 1714 usta

238 1758 275 1815 sit
297 1757 345 1814 lex
359 1755 553 1813 ecclesiastica
565 1755 684 1811 omnino
697 1762 818 1829 oportet,
832 1754 910 1813 nulla
922 1757 998 1812 eninr
1018 1767 1061 1814 est
1073 1757 1122 1814 lex
1135 1758 1190 1814 nisi
1200 1759 1288 1834 justa,
1303 1769 1332 1813 et

238 1865 362 1930 potestas
384 1874 399 1911 a
421 1851 537 1909 Christo
560 1851 687 1919 Domino
710 1869 847 1910 concessa
870 1863 913 1909 est
935 1855 1101 1927 presulibus
1120 1856 1150 1913 in
1170 1857 1327 1912 animarum

238 1954 401 2012 utilitatem:
425 1951 484 2008 “iu
511 1950 736 2018 edificationem,
758 1960 787 2008 et
811 1969 867 2009 non
894 1953 924 2009 in
949 1946 1222 2014 destructionem.”²
1264 1956 1331 2011 Nisi

237 2052 335 2108 stabile
349 2052 385 2108 sit
398 2058 569 2127 preceptum
583 2067 640 2106 non
654 2051 707 2106 erit
719 2049 839 2107 dicenda
850 2051 915 2117 lex;
936 2070 990 2110 nec
1004 2063 1098 2111 tamen
1112 2071 1228 2111 necesse
1242 2065 1331 2110 estut

237 2153 275 2207 sit
288 2159 474 2225 perpetuum
495 2157 589 2223 potest
598 2147 674 2204 enim
684 2160 761 2207 certo
769 2148 880 2207 deliniri
889 2153 1025 2227 temporis
1038 2151 1138 2219 limite,
1146 2153 1170 2208 si
1180 2152 1218 2209 ita
1231 2143 1326 2228 legem

238 2249 338 2307 serenti
352 2249 445 2304 visum
457 2245 550 2303 suerit.
593 2244 688 2304 Debet
700 2249 842 2324 respicere
855 2266 900 2304 res
914 2267 976 2321 quae
987 2250 1186 2309 adauimarum
1199 2253 1331 2327 regimen

237 2349 365 2415 attinent,
379 2364 445 2403 nam
458 2345 521 2402 haec
533 2354 578 2402 est
596 2347 711 2420 propria
730 2346 884 2422 presulum
905 2357 1008 2424 sparta,
1028 2351 1115 2426 positi
1135 2352 1242 2425 quippe
1264 2364 1331 2407 sunt

238 2457 257 2482 ‘¹
269 2445 304 2503 ad
318 2445 591 2503 consummationem
604 2453 774 2512 sanctorum,
784 2446 813 2502 iu
824 2463 896 2520 opus
905 2448 1065 2516 ministerii,
1075 2451 1104 2508 in
1115 2447 1330 2507 edificationem

236 2546 365 2622 corporis
389 2537 546 2601 Christi.”³
597 2541 646 2599 Sic
661 2554 898 2602 sacramentorum
919 2546 1169 2606 ministrandorum
1190 2549 1328 2605 rationem

238 2644 385 2710 deliniunt,
400 2656 428 2700 et
440 2641 601 2698 divinorum
615 2655 819 2717 preceptorum
834 2637 1033 2703 executionem
1045 2647 1156 2723 legibus
1175 2656 1287 2721 urgent,
1301 2661 1330 2704 et

238 2743 336 2801 fideles
350 2761 366 2799 a
379 2740 505 2817 periculo
515 2739 653 2815 peccandi
666 2751 809 2806 revocant,
820 2751 848 2798 et
857 2741 925 2800 alias
938 2743 1004 2801 fidei
1014 2754 1043 2801 et
1051 2764 1163 2804 morum
1176 2746 1328 2821 integritati

235 2837 411 2899 consulunt.⁴
452 2838 586 2896 canones
609 2839 666 2897 dici
679 2840 772 2897 solent
789 2840 866 2916 leges
887 2843 1085 2901 ecclesiastice>
1105 2865 1121 2901 a
1142 2843 1245 2900 Graeca
1258 2863 1327 2900 voce

232 2942 320 3005 advos,
334 2958 396 3010 quae
407 2937 533 3016 regulam
547 2939 698 3014 significat,
712 2948 778 2996 sunt
786 2941 864 2998 enim
874 2942 978 3017 regulae
987 2943 1110 3010 vivendi,
1122 2961 1185 3015 quae
1196 2945 1255 3000 vim
1266 2945 1327 3015 qui·

233 3037 299 3094 dem
312 3036 408 3112 legum
422 3037 534 3103 habeut,
548 3037 599 3094 sed
613 3057 629 3094 a
642 3037 734 3096 civilis
748 3040 894 3113 potestatis
908 3041 1103 3135 sanctionibus
1113 3043 1192 3099 irreo
1201 3041 1326 3099 discem-

232 3146 326 3204 untur,
348 3135 424 3207 quod
446 3137 650 3194 conscientiam
672 3137 797 3193 maxime
818 3149 961 3212 spectent,
980 3157 1067 3211 quum
1089 3140 1133 3196 hae
1154 3142 1182 3197 vi
1203 3140 1326 3198 adhibita

234 3236 397 3293 executioni
411 3234 623 3293 demandentur.

271 3340 300 3392 3.
321 3335 414 3410 Leges
426 3333 533 3392 serendi
546 3343 670 3411 potestas
684 3334 767 3410 plane
781 3336 939 3394 continetur
952 3336 987 3393 iis
1001 3337 1109 3395 Christi
1123 3339 1216 3395 verbis
1241 3339 1325 3396 Petro

231 3433 315 3490 dictis
328 3454 334 3489 :
358 3443 376 3468 “
389 3433 456 3490 Tibi
470 3431 543 3490 dabo
555 3433 650 3491 claves
663 3435 742 3509 regui
756 3435 890 3492 coelorum
903 3455 910 3502 ;
931 3446 960 3492 et
975 3436 1177 3509 quodcumque
1190 3437 1322 3513 ligaveris

231 3550 317 3606 super
331 3544 442 3597 terram,
457 3531 510 3587 erit
521 3531 637 3607 ligatum
651 3542 680 3588 et
697 3532 727 3589 in
746 3532 825 3589 coelis
835 3526 882 3589 :’'⁵
901 3552 966 3592 nam
980 3534 1101 3593 clavium
1119 3537 1213 3611 imago
1226 3550 1319 3611 potes·

265 3720 307 3782 (l)
329 3717 367 3765 De
379 3717 425 3777 teg.
438 3715 452 3764 l.
465 3715 481 3764 i.
492 3732 513 3765 c
526 3715 569 3765 xii.
688 3717 730 3782 (2)
749 3718 765 3766 2
778 3717 836 3768 Cor.
848 3719 900 3769 xiii.
916 3719 951 3768 12.
1066 3721 1104 3786 (3)
1125 3721 1190 3785 Eph.
1203 3722 1235 3771 iv.
1252 3725 1292 3769 12.

265 3804 307 3866 (t)
328 3801 444 3864 Aliquam
462 3801 528 3862 loges
544 3801 636 3850 ferendi
648 3809 793 3864 potestatem
805 3803 922 3854 Ecclesia
934 3805 1068 3855 vindicavit
1079 3805 1198 3856 Ricardus
1215 3806 1326 3864 Hoolrer,

228 3888 351 3951 presbyter
363 3887 523 3947 Anglicsuus,
534 3886 577 3949 qui
588 3885 682 3935 docimo
695 3887 798 3950 septimo
815 3889 917 3938 ineunte
930 3891 1021 3939 seculo
1032 3891 1135 3954 scripsit,
1151 3901 1242 3941 sectum
1254 3907 1324 3941 susm

228 3981 312 4021 contra
335 3970 465 4021 Puritsnos
482 3971 663 4020 vindicaturus:
681 3978 696 4002 ⁸⁴
705 3970 752 4019 We
769 3971 827 4021 hold
845 3973 897 4023 that
914 3973 955 4023 tlrs
973 3990 1056 4038 power
1072 3975 1155 4025 which
1172 3975 1214 4025 the
1231 3977 1325 4041 eburoh

228 4055 287 4105 bath
300 4056 407 4119 lawsolly
421 4064 445 4105 to
455 4057 527 4105 male
538 4055 598 4106 lsws
609 4056 658 4105 snd
669 4056 751 4105 orders
761 4057 798 4106 lor
809 4059 881 4115 itseli,
892 4059 951 4108 doth
962 4060 1052 4109 extend
1060 4069 1121 4110 unto
1132 4061 1225 4125 sundry
1238 4061 1323 4124 things

227 4139 255 4187 ol
273 4139 444 4196 ecclesiastico!
459 4140 613 4204 jurisdictiorr
634 4138 682 4189 eud
699 4140 761 4190 such
778 4141 847 4190 other
864 4140 987 4192 matters.”
1022 4142 1124 4193 llooker
1142 4143 1210 4194 Ecol.
1233 4143 1324 4209 Polity,

227 4223 243 4271 l.
256 4222 289 4271 iii.
300 4238 326 4271 u.
341 4223 378 4271 ll.

646 4310 675 4371 (5
694 4307 764 4358 Mott.
776 4310 825 4360 xvi.
838 4308 877 4358 to.
