2744 4980
210 427 270 483 224
409 417 527 479 Juttts
547 410 870 477 Eouuusrasrtcl
891 410 1078 475 FONTES.‘

210 604 308 663 regum
336 585 521 652 Francorum,
544 593 574 640 et
593 583 739 658 rescriptis
762 581 871 654 aliquot
888 582 1101 657 imperatorum,
1122 576 1256 650 denique
1277 595 1314 637 ex

211 686 327 744 historia
350 684 552 751 ecclesiastica,
573 684 718 757 gestisque
741 699 918 739 summorum
940 678 1107 756 pontificum
1134 679 1313 756 plerumque

211 784 370 862 desumptis
384 803 421 842 ex
435 782 521 840 Libro
535 781 658 849 Diumo,
674 789 757 853 atque
771 798 807 837 ex
819 779 929 838 Ordine
943 773 1124 837 Romano.”¹

252 889 281 941 5.
305 873 497 941 “Dividitur¹
522 890 617 938 autern
641 879 775 938 universa
796 877 958 947 collectio,”
985 878 1080 954 pergit
1104 875 1224 943 Devoti,
1254 877 1313 934 “in

211 992 305 1060 partes
319 991 386 1048 tres,
400 997 521 1055 quarum
535 980 626 1056 prima
645 978 680 1036 de
701 978 831 1055 personis
853 978 1009 1055 praesertim
1030 978 1098 1053 agit,
1122 977 1312 1048 continetque

212 1080 422 1140 distinctiones
440 1082 506 1145 101,
521 1088 550 1135 et
570 1077 624 1135 sub
645 1077 774 1154 qualibet
792 1075 971 1136 distinctione
991 1077 1086 1153 plures
1106 1093 1244 1143 canonss,
1260 1077 1311 1149 qui

214 1181 252 1238 ita
268 1180 423 1258 allegantur
435 1197 483 1236 ex.
498 1196 540 1254 gr.
558 1176 632 1236 Can.
647 1186 749 1235 omnes
770 1175 841 1234 dist.
863 1180 888 1244 l,
902 1176 958 1234 hoc
970 1187 1015 1233 est
1026 1192 1119 1233 canon
1139 1175 1190 1248 qui
1205 1175 1312 1252 incipit

213 1297 317 1338 omnes
330 1279 395 1336 dist
414 1282 439 1345 l,
454 1277 500 1334 vel
516 1295 567 1354 per
586 1294 737 1335 nnmerum
758 1273 897 1343 Canonis,
911 1294 958 1334 ex.
983 1293 1026 1351 gr.
1043 1272 1119 1332 Con.
1144 1279 1173 1341 3,
1189 1273 1266 1332 diet.
1285 1279 1311 1332 1.

214 1377 284 1436 Pars
300 1377 385 1436 altera
392 1375 502 1455 judicia
515 1377 705 1452 persequitur,
719 1393 809 1449 eaque
823 1374 915 1433 divisa
927 1374 1013 1432 estin
1030 1391 1149 1441 consae,
1163 1391 1232 1446 qutc
1245 1385 1314 1432 sunt

213 1495 331 1536 numero
345 1479 404 1542 363
424 1476 477 1533 sub
490 1493 661 1549 unaquaque
681 1493 767 1532 causa
785 1485 853 1532 sunt
874 1475 971 1551 plures
991 1473 1180 1551 questiones,
1204 1482 1236 1531 et
1257 1475 1312 1532 sub

212 1574 665 1651 questionibusplurescunones.
707 1572 1312 1650 inalterahacpartelaudanturnumerus,

213 1691 322 1739 conse,
335 1683 364 1730 et
375 1673 563 1751 questiones,
578 1683 679 1749 praeter
691 1691 841 1731 numerum
855 1672 900 1730 vel
913 1673 1008 1749 priora
1019 1674 1137 1731 canonis
1147 1674 1247 1740 verba,
1259 1692 1308 1731 ex.

214 1792 256 1850 gr.
275 1771 349 1831 Can.
364 1777 393 1830 2.
411 1772 502 1832 Cous.
517 1776 546 1829 8.
557 1780 663 1849 quaest.
677 1776 706 1829 2.
721 1772 766 1830 vel
783 1770 857 1831 Con.
868 1769 975 1829 Nemo.
990 1770 1081 1829 Onus.
1096 1775 1142 1829 ll.
1157 1779 1267 1850 quaest.
1279 1777 1310 1831 3.

215 1871 306 1930 Extat
316 1874 347 1929 in
361 1871 414 1930 hac
428 1871 534 1930 decreti
546 1881 635 1947 parte,
650 1871 705 1928 hoc
719 1880 763 1928 est
776 1872 805 1929 in
819 1869 915 1929 Causa
927 1875 976 1929 33.
991 1872 1147 1943 quaestione
1160 1876 1191 1930 3.
1209 1883 1311 1930 tracta·

216 1979 259 2028 tus
274 1969 496 2047 de'poenitentia
509 1972 538 2028 in
552 1981 662 2047 septem
676 1968 870 2028 distinctiones
884 1971 1012 2028 tributus.
1055 1968 1131 2028 Cum
1146 1971 1312 2030 iudicantur

215 2086 350 2136 canones,
364 2071 414 2140 qui
433 2072 463 2128 in
483 2067 539 2127 hoc
562 2078 678 2127 tractatu
701 2069 868 2136 reseruntur,
882 2087 919 2127 ne
941 2086 1006 2127 cum
1028 2071 1183 2129 canonibus
1208 2073 1312 2148 primae

215 2168 303 2244 partis
316 2167 523 2227 confundantur
536 2166 650 2248 (eodem
664 2168 742 2226 enirn
754 2166 841 2226 modo
860 2164 1029 2245 procedunt)
1043 2168 1156 2227 additur
1168 2168 1205 2228 de
1214 2170 1314 2248 preni-

216 2267 321 2335 tentia,
336 2277 365 2325 et
376 2286 463 2326 causa
475 2284 654 2340 nequaquam
665 2267 774 2333 citatur,
788 2285 836 2324 ex.
848 2286 890 2344 gr.
904 2265 979 2326 Can.
990 2269 1221 2347 quempaenitet,
1238 2269 1313 2328 dist.

220 2370 245 2423 l.
261 2366 296 2424 de
309 2366 416 2443 poenit.
458 2367 593 2440 Denique
607 2365 700 2424 adres
714 2367 837 2442 pertinet
854 2366 934 2424 tertia
947 2385 1023 2442 pars,
1037 2385 1127 2441 eaque
1141 2369 1312 2445 complecti·

215 2474 259 2522 tur
272 2471 436 2523 tractatum
450 2464 484 2523 de
497 2464 719 2524 consecratione
733 2464 866 2523 tributum
889 2466 919 2522 in
940 2466 1072 2543 quinque
1085 2465 1313 2535 distinctiones,

214 2581 334 2637 quarum
348 2579 471 2623 canones
492 2563 640 2621 laudantur
661 2562 716 2620 hoc
731 2563 816 2621 modo
842 2561 917 2623 Can.
939 2564 1166 2625 tenementum
1187 2567 1264 2626 dist.
1282 2572 1310 2624 l.

215 2661 250 2720 de
264 2679 392 2722 consecr.
408 2661 455 2721 uel
469 2661 544 2720 Oen.
563 2667 589 2718 1.
604 2661 639 2720 de
660 2680 788 2720 conseer.
804 2661 876 2720 dist.
895 2668 921 2720 l.
955 2663 1076 2725 Additur
1094 2665 1130 2723 de
1147 2666 1315 2726 Consecra-

216 2761 308 2828 tione,
321 2772 354 2819 ut
366 2773 498 2820 noscatur
513 2760 698 2819 canonemad
712 2771 822 2838 partem
836 2764 947 2821 tertiam
960 2763 1134 2841 pertinere.’'

255 2866 284 2920 6.
306 2861 404 2928 Quum
420 2861 574 2920 Gratianus
597 2858 700 2918 Isidori
713 2858 897 2919 decretalibus
917 2882 987 2922 usus
1006 2865 1053 2930 sit,
1067 2865 1190 2940 plurima
1203 2884 1315 2944 suppo-

216 2961 302 3017 sititia
314 2979 374 3017 suae
394 2960 554 3018 collectioni
575 2959 778 3031 inseruitque
799 2961 905 3019 nullam
926 2960 992 3021 inde
1013 2963 1139 3022 derivant
1160 2967 1312 3024 auctorita·

216 3067 272 3117 tem
286 3079 293 3125 ;
314 3060 411 3117 omnia
423 3061 499 3118 enim
513 3077 577 3132 qus
591 3077 625 3116 ea
637 3059 817 3118 continentur
830 3079 893 3118 eam
913 3061 1183 3122 tantantummodo
1203 3065 1313 3123 habent

217 3176 280 3231 quse
300 3160 342 3216 eis
364 3159 530 3218 tribueretur
546 3160 572 3216 si
591 3167 671 3216 extra
683 3156 833 3218 decretum
847 3171 1031 3238 vagarentur3
1052 3163 1108 3220 hoc
1121 3162 1241 3230 scilicet,
1256 3167 1314 3222 etsi

216 3259 351 3334 probante
366 3258 497 3337 Eugenio
506 3257 561 3318 ΙΙΙ.
570 3258 683 3334 publice
693 3258 875 3335 explicatum,
886 3267 915 3317 et
925 3259 1066 3338 Gregorio
1079 3260 1164 3321 Xlll.
1175 3264 1310 3340 jubente,

216 3358 394 3418 emendatius
408 3359 514 3418 editum
527 3359 573 3425 sit,
587 3357 710 3417 solemni
723 3367 816 3417 umen
836 3362 980 3421 sanctione
994 3361 1138 3437 pontificia
1151 3381 1312 3436 numquam

214 3469 261 3517 ut
274 3462 424 3517 munitum.

254 3562 284 3614 7.
306 3557 377 3613 Post
390 3557 557 3614 Gratianum
572 3555 737 3632 pmdierunt
751 3558 879 3630 quinque
898 3559 958 3616 alite
978 3560 1160 3618 collectiones
1181 3559 1311 3620 decreto·

214 3671 277 3711 rum
290 3654 509 3729 pontificiorum,
524 3672 589 3725 qun
603 3653 736 3730 Gregorii
755 3655 809 3714 IX.
828 3658 922 3733 jussu,
943 3677 1030 3736 opera
1042 3659 1075 3716 S.
1094 3659 1264 3738 Raymundi
1277 3660 1314 3720 tle

215 3752 378 3819 Pennaiort,
400 3770 473 3809 anno
497 3754 584 3819 12³4,
605 3753 635 3809 in
654 3754 786 3831 quinque
800 3753 1005 3817 Decretalium
1018 3757 1111 3817 libros
1131 3769 1199 3818 sunt
1219 3760 1314 3819 distri-

214 3853 288 3910 buta.
331 3850 539 3928 Complectitur
552 3861 645 3909 autem
660 3853 789 3911 collectio
803 3853 863 3912 haec
880 3858 1015 3932 epistolas
1029 3857 1183 3917 decretales
1197 3861 1313 3937 pontiti·

213 3970 277 4010 cum
292 3970 308 4007 a
321 3951 353 4008 S.
369 3950 509 4028 Gregorio
523 3951 546 4011 l.
558 3969 650 4024 usque
661 3951 696 4010 sd
707 3953 880 4032 Gregorium
893 3955 947 4015 lX.
959 3969 988 4015 et
1000 3958 1082 4035 plura
1095 3958 1149 4017 alia
1161 3978 1199 4018 ex
1214 3960 1313 4037 Scrip-

515 4160 555 4224 (l)
575 4160 590 4209 J
593 4159 642 4209 uris
654 4157 775 4211 Canonici
787 4160 866 4211 lustit.
879 4162 894 4213 l.
907 4161 922 4211 i.
935 4178 956 4215 c.
968 4164 998 4212 vi.

517 4247 554 4304 (θ)
572 4244 672 4296 Ibidem.
