2744 4980
467 401 524 462 DE
544 402 659 462 LEGE
680 402 883 464 NATURAE.
1180 416 1218 469 50

126 583 203 631 certo
216 588 249 628 se
262 569 352 647 ligant
363 567 479 635 federe,
499 587 558 642 quo
570 569 682 649 possint
699 588 863 646 permanere
884 571 1037 649 conjuncti.
1079 573 1176 631 Nemo
1188 576 1219 632 in

127 673 246 730 altemm
264 670 330 746 jure
343 678 446 726 naturae
469 667 538 739 quid
551 667 634 734 valet,
648 668 700 726 sed
719 687 817 727 ornnes
838 671 940 746 pariter
951 671 1032 728 liberi
1044 682 1130 729 sunt:
1152 681 1219 730 atta·

126 789 195 828 men
208 768 331 827 servitus
339 770 404 845 jure
418 767 544 842 gentium
556 764 670 824 inducta
682 780 734 826 est.
775 767 899 844 Imperia
910 769 996 827 etiam
1009 770 1093 827 variis
1105 771 1220 829 rationi·

127 871 181 927 bus
201 867 363 934 constituta,
383 865 547 923 hominibus
560 865 595 922 ad
616 884 706 923 uuum
724 865 770 923 vel
788 867 882 942 plures
904 886 999 926 rerum
1012 869 1219 928 solicitudinem

127 978 159 1025 et
183 966 376 1025 anctoritatem
402 964 643 1030 transferentibus,
668 974 701 1021 ut
724 966 877 1024 communi
895 968 1102 1042 prospiceretur
1127 968 1219 1026 saluti.

129 1066 213 1124 Deus
238 1065 383 1142 potestatis
407 1064 566 1139 regiminis.
593 1081 772 1136 quacumque
792 1067 898 1123 ratione
920 1065 1045 1142 legitima
1064 1062 1101 1124 ex
1123 1067 1222 1144 populi

128 1166 273 1223 voluntate
292 1160 580 1229 exerceatur„meritd
602 1161 761 1220 censendus
783 1172 827 1221 est
846 1176 952 1231 auctor,
966 1182 1054 1236 quum
1074 1166 1223 1224 instinctus

130 1283 190 1336 quo
202 1263 256 1319 sibi
269 1261 311 1319 sic
325 1261 477 1318 consulunt
488 1262 523 1318 ab
536 1278 571 1318 eo
584 1260 734 1318 derivetur.
776 1262 905 1321 Polestas
925 1280 1059 1339 suprema
1071 1265 1100 1321 in
1112 1265 1222 1340 legibus

130 1360 255 1420 ferendis
278 1369 437 1427 exercetur,
452 1360 482 1416 in
504 1359 608 1417 tuendo
630 1358 738 1428 ordine,
752 1371 781 1419 et
801 1362 832 1418 in
853 1360 1023 1420 ulciscendis
1036 1363 1145 1439 injuriis
1159 1380 1222 1435 quae

131 1462 211 1538 genti
230 1460 301 1517 fiunt
313 1459 347 1515 ab
360 1458 454 1516 aliena
473 1459 591 1526 ratione,
605 1459 651 1515 vel
670 1459 700 1516 in
719 1460 869 1535 puniendis
883 1461 988 1519 civium
1008 1461 1171 1528 sceleribus,
1184 1478 1221 1519 ne

131 1560 209 1617 salus
222 1559 350 1616 omniurn
363 1557 543 1633 periclitetur.
1120 1540 1127 1551 ⁸

172 1664 202 1715 8.
224 1657 338 1715 Divisio
351 1675 445 1714 rerum
465 1674 527 1728 quac
543 1658 608 1734 jure
622 1657 749 1732 gentium
762 1657 875 1715 inducta
886 1667 940 1724 est,
955 1659 1014 1735 juri
1033 1668 1138 1715 naturae
1159 1676 1224 1715 con·

134 1759 253 1815 ueniens
273 1765 342 1823 erat,
357 1773 445 1827 quum
467 1753 558 1812 ordini
578 1766 607 1812 et
627 1756 691 1830 paci
713 1757 825 1831 generis
847 1756 966 1813 humani
983 1757 1025 1812 sic
1045 1757 1224 1813 consulatur:

135 1867 310 1932 quapropter
321 1855 390 1912 ratio
402 1853 487 1911 dictat
499 1871 562 1910 earn
576 1853 753 1921 servandam,
766 1873 820 1911 nec
833 1855 938 1925 absque
951 1854 1087 1930 injustitia
1098 1853 1206 1911 violari.

174 1959 207 2011 9.
230 1955 360 2025 Quisque
372 1963 485 2010 caeteros
508 1951 640 2009 homines
660 1952 744 2010 debet
762 1952 863 2010 affectu
877 1953 1022 2027 prosequi,
1036 1970 1144 2024 eosque
1158 1965 1227 2011 trac·

136 2065 192 2110 tare
205 2054 341 2129 benigne,
355 2071 411 2125 qua
421 2050 508 2109 vellet
520 2052 626 2108 ratione
647 2051 681 2107 ab
700 2052 735 2108 iis
748 2050 855 2109 haberi.
898 2051 988 2128 lgitur
1000 2051 1226 2109 subveniendum

138 2152 340 2229 indigentibus,
366 2161 396 2210 et
416 2150 480 2208 data
501 2150 660 2216 occasione,
684 2150 841 2224 prestanda
860 2161 926 2208 sunt
950 2151 1047 2207 omnia
1068 2149 1226 2207 dilectionis

137 2251 240 2309 officia.
282 2250 371 2309 Fides
384 2251 414 2308 in
433 2249 591 2324 promissis,
612 2258 641 2306 et
653 2249 754 2305 veritas
768 2249 798 2305 in
816 2248 898 2305 dictis
916 2247 1054 2306 servanda
1072 2259 1124 2304 est.
1167 2249 1228 2305 Sibi

139 2368 197 2426 prae
210 2351 298 2407 altero
312 2351 432 2421 quisque
445 2347 568 2406 consulit
583 2348 613 2404 in
626 2348 661 2404 iis
675 2366 738 2420 quae
751 2347 862 2418 utrique
873 2357 939 2404 sunt
951 2348 1047 2422 paria:
1069 2338 1233 2417 scdanimae

139 2450 265 2524 corporis
278 2448 411 2506 utilitates
435 2445 592 2520 quaerendae
612 2455 687 2513 sunt,
710 2455 739 2503 et
751 2446 907 2504 maximum
921 2446 1034 2503 alterius
1047 2445 1230 2504 commodum

139 2548 195 2604 levi
221 2557 316 2606 nostro
343 2545 534 2604 emolumento
569 2544 735 2620 plerumque
761 2544 982 2603 anteferendum.
1032 2543 1105 2602 Haec
1143 2547 1230 2603 veluti

141 2665 253 2704 summa
265 2657 333 2703 sunt
346 2646 438 2719 capita
449 2644 520 2719 legis
534 2654 647 2701 naturae.

181 2749 228 2802 10.
249 2745 339 2821 Legis
353 2742 485 2801 naturalis
499 2743 542 2798 vis
556 2743 590 2798 ab
603 2752 706 2800 aelema
715 2742 771 2800 Dei
785 2742 848 2818 lege
862 2743 1011 2808 derivatur,
1025 2760 1110 2813 quam
1124 2743 1228 2799 violare

141 2844 301 2902 censendus
315 2852 360 2898 est
379 2842 561 2914 quicumque,
582 2840 689 2898 lumino
712 2842 829 2898 rationis
849 2840 1011 2916 affulgente,
1033 2839 1232 2917 cupiditatibus

142 2944 234 3017 pravis
248 2942 422 3012 obsequitur.
464 2941 619 2997 Peccatum
633 2939 738 2997 idcirco
751 2938 870 2997 admittit
883 2958 940 2996 non
953 2957 1030 2996 mere
1047 2938 1233 3018 pbilosophi-

142 3059 220 3109 cttm,
235 3040 313 3113 quod
326 3040 442 3097 rationis
456 3038 654 3095 dictaminibus
674 3038 839 3114 refragetur,
853 3037 905 3095 sed
924 3036 1136 3116 theologicum,
1151 3041 1233 3112 quale

141 3141 251 3197 scilicet
262 3139 390 3214 theologi
403 3147 570 3213 agnoscunt,
584 3146 613 3193 et
625 3138 655 3195 in
674 3139 731 3196 Dei
744 3137 933 3196 offensionem
953 3139 1079 3205 incurrit,
1093 3157 1158 3195 nam
1173 3139 1234 3213 ejus

143 3239 314 3296 voluntatem
328 3235 568 3312 transgrediendo,
583 3234 650 3291 dum
670 3236 771 3294 rationi
788 3247 936 3310 repugnat,
957 3237 1111 3293 Auctorem
1131 3244 1236 3292 naturae

143 3348 275 3394 censetur
286 3336 389 3394 laedere
404 3355 436 3394 ac
450 3352 594 3411 spernere,
604 3333 671 3392 licet
683 3334 718 3392 de
733 3335 796 3407 ipso
809 3333 904 3389 forsan
922 3351 981 3389 non
993 3334 1106 3409 cogitet.
1148 3332 1236 3391 Darn-

143 3446 209 3493 nata
227 3447 272 3494 est
294 3435 400 3493 idcirco
421 3433 578 3513 propositio
598 3450 660 3503 quae
681 3432 851 3490 contrarium
871 3432 1027 3488 asserebat:
1053 3440 1071 3467 ‘⁴
1083 3432 1237 3491 Peccatum
1273 3427 1283 3438 ⁸

144 3535 389 3610 philosophicum,
403 3552 454 3591 seu
468 3532 584 3598 morale,
600 3541 643 3588 est
656 3541 732 3588 actus
746 3531 888 3589 humanus
901 3529 1118 3590 disconveniens
1132 3541 1237 3592 naturae

144 3634 272 3693 rationali
280 3643 400 3691 etrectae
413 3632 533 3690 rationi:
555 3629 745 3707 theologicum
755 3628 822 3689 verb
832 3640 861 3687 et
870 3631 986 3688 mortale
996 3642 1040 3689 est
1053 3634 1238 3709 transgressio

145 3733 232 3789 libera
245 3732 349 3790 divinae
369 3732 451 3809 legis.
493 3729 731 3806 Philosophicum
752 3730 933 3802 quantumvis
953 3749 1047 3807 grave,
1068 3734 1097 3789 in
1117 3732 1175 3796 illo,
1190 3731 1239 3801 qui

147 3831 242 3889 Deum
256 3833 303 3890 vel
317 3833 428 3907 ignorat
449 3830 496 3887 vel
509 3829 544 3886 de
558 3827 622 3886 Deo
636 3838 697 3886 actu
711 3848 770 3888 non
782 3829 895 3905 cogitat,
915 3838 960 3885 est
977 3848 1061 3905 grave
1082 3837 1239 3903 peccatum,

147 3929 198 3988 sed
212 3949 272 3989 non
285 3942 330 3989 est
342 3930 453 3988 offensa
472 3929 538 3996 Dei,
552 3946 645 4000 neque
664 3938 813 4004 peccatum
832 3927 948 3984 mortale
968 3912 1126 3984 demimus
1146 3925 1240 3983 amici-

147 4032 216 4089 tiam
232 4030 301 4098 Dei,
315 4048 408 4101 neque
422 4047 507 4104 poena
526 4037 628 4084 aterna
641 4019 808 4103 dignum.”l
848 4025 993 4096 Equidem
1006 4023 1160 4100 Apostolus
1172 4022 1241 4089 dicit

147 4131 295 4188 interitum
319 4147 433 4188 manere
454 4136 617 4204 peccatores
640 4128 742 4198 quibus
764 4124 860 4182 divina
880 4121 928 4179 lex
949 4140 1007 4180 non
1025 4131 1069 4203 ῳ
1086 4125 1240 4203 proposita,

351 4334 392 4400 (l)
406 4332 430 4382 2.
442 4332 523 4383 damn.
533 4333 570 4381 ab.
583 4327 714 4381 dienviii.
724 4327 765 4378 die
780 4323 813 4374 24
823 4325 891 4390 Aug.
904 4327 975 4377 loto·
