2744 4980
559 1197 736 1274 PARS
779 1197 850 1272 ΙΙ,

395 1441 456 1503 DE
480 1441 749 1505 PRAECEPTIS
773 1435 1022 1504 ECCLESIAE.

617 1905 759 1966 CAPUT
780 1907 803 1966 1.

484 2120 528 2160 DE
562 2122 676 2163 ntlsstt
712 2122 935 2163 attulerint.

211 2291 237 2345 l.
259 2285 357 2346 Inruit
369 2284 447 2360 leges
461 2286 665 2344 ecclesiasticas
685 2305 749 2359 qum
771 2304 871 2346 omnes
893 2285 1070 2362 adstringunt
1081 2284 1192 2352 fideles,
1206 2300 1256 2341 sex

170 2386 326 2462 presertim
339 2394 596 2457 recensenturque
610 2396 750 2462 precepta
757 2385 897 2446 Ecclesiae
910 2384 967 2444 dici
979 2394 1198 2444 consueverunt.

167 2579 194 2638 1.
215 2579 336 2636 Sacrum
352 2577 453 2636 Missae
467 2579 593 2638 officium
607 2579 757 2640 dominicis
772 2583 909 2656 festisque
923 2591 1083 2641 reverenter
1092 2579 1197 2639 audito.

168 2677 209 2737 ll.
231 2677 353 2736 Peccata
367 2689 415 2735 tua
427 2678 547 2755 singuiis
560 2678 660 2738 saltem
674 2682 756 2739 annis
770 2683 913 2740 confitere.

169 2776 225 2836 111.
247 2776 364 2835 Sacram
385 2776 595 2837 Eucharistiam
618 2779 718 2838 saltem
732 2781 822 2839 semel
836 2783 864 2839 in
878 2798 963 2847 anno,
977 2781 1052 2837 circa
1071 2778 1177 2837 testum
1191 2776 1259 2834 Pas-

287 2876 359 2943 che,
373 2877 488 2936 sumito.

167 2972 222 3032 1v.
244 2971 317 3032 Dies
326 2975 431 3051 jejunii
444 2985 472 3034 et
484 2976 658 3034 abstinentie
671 2987 791 3036 servato.

168 3071 207 3128 V.
228 3070 366 3131 Decimae
380 3075 540 3149 pastoribus
554 3075 629 3142 dato,
643 3076 688 3134 vel
703 3076 779 3135 aliud
792 3076 827 3134 ad
840 3075 1076 3135 sustentationem
1090 3072 1259 3133 subsidium.

170 3171 226 3230 Vl.
247 3172 467 3233 Matrimonium
481 3183 578 3232 contra
591 3174 732 3234 Ecclesiae
747 3177 864 3234 vetitum
877 3176 938 3235 noli
951 3175 1101 3235 celebrare.

209 3374 238 3428 2.
261 3367 302 3428 Ut
326 3371 471 3447 praecipua
491 3372 558 3430 fidei
572 3374 708 3448 mysteria
721 3372 857 3441 colantur,
872 3383 899 3430 et
912 3375 941 3432 in
954 3371 1082 3429 fidelium
1095 3371 1263 3429 memoriam

170 3479 350 3536 revocentur,
364 3469 426 3527 dies
441 3469 555 3542 quidam
570 3472 604 3528 ab
621 3473 693 3547 ipsis
714 3474 754 3530 rei
772 3473 932 3530 christiana
951 3469 1077 3529 exordiis
1091 3470 1165 3527 sacri
1178 3469 1264 3527 habiti

171 3577 247 3634 sunt,
262 3568 355 3638 iisque
369 3568 544 3627 celebrandis
565 3571 658 3628 dicati.
701 3571 751 3628 Sic
774 3571 834 3629 dies
854 3571 955 3629 natalis
970 3568 1080 3627 Christi
1093 3567 1224 3634 Domini,
1239 3578 1265 3623 et

171 3665 232 3725 dies
259 3668 473 3724 resurrectionis
497 3669 531 3725 ab
551 3670 749 3740 antiquissimo
771 3680 896 3745 tempore
916 3668 1050 3727 celebrari
1076 3683 1261 3726 consuevere.

172 3763 318 3838 Equidem
333 3766 573 3842 sapientissimam
587 3777 615 3823 et
630 3769 838 3826 sanctissimam
852 3766 1088 3827 consuetudinem
1108 3766 1182 3824 hanc
1193 3767 1265 3823 aesti-

175 3865 271 3933 mabit,
286 3867 459 3938 quicumque
473 3883 571 3923 secum
585 3868 756 3941 reputaverit
765 3885 849 3938 quam
856 3877 1015 3943 opportuna
1024 3868 1062 3924 it
1070 3863 1105 3922 ad
1115 3865 1264 3923 hominum

174 3966 205 4024 in
218 3962 314 4024 Deurn
328 3963 521 4042 provocandos
537 3964 663 4031 affectus,
678 3975 706 4022 et
718 3965 753 4022 ad
776 3967 839 4041 ipsa
856 3965 1006 4024 recolenda
1019 3966 1166 4040 mysteria.
1210 3963 1266 4022 Alii

174 4064 261 4122 etiarn
275 4064 367 4120 statuti
381 4071 448 4120 sunt
460 4062 522 4120 dies
538 4064 641 4135 quibus
655 4074 816 4122 sanctorum
836 4067 952 4123 virtutes
965 4074 1263 4130 commemorarentur,

175 4171 207 4220 ut
220 4161 275 4220 Dei
286 4161 374 4238 gratia
386 4161 416 4220 in
431 4180 529 4222 eorum
544 4162 695 4241 triumphis
705 4163 873 4234 landaretur,
888 4173 917 4240 et
928 4162 1027 4221 fideles
1041 4162 1076 4221 ad
1089 4180 1140 4221 eos
1155 4163 1265 4222 inritan-

175 4260 228 4320 dos
243 4262 438 4322 excitarentur.
