2766 4996
600 1313 742 1374 caPu'r
763 1312 801 1371 V.

514 1529 553 1569 DE
575 1530 679 1570 Pnavis
699 1529 879 1570 aestuantis.

195 1715 261 1768 110.
283 1709 476 1768 Desinemuu
498 1707 545 1767 hic
564 1707 694 1767 dieitura
713 1707 853 1785 theologis
875 1707 1006 1766 voluntas
1028 1719 1177 1785 peccatum
1194 1727 1232 1786 pa·

155 1810 254 1869 aradi.
276 1809 398 1868 Constat
410 1827 472 1865 eam
486 1826 550 1865 esse
562 1806 691 1884 ejusdem
705 1807 812 1883 speciei
823 1816 1004 1883 peccatorum
1018 1827 1052 1864 ac
1063 1827 1137 1884 opus
1151 1810 1233 1885 ipsum

153 1904 281 1976 vetitum,
308 1927 373 1965 nam
401 1906 534 1963 Christus
560 1904 643 1964 docet
667 1905 795 1964 mulieris
826 1904 999 1964 desiderium
1025 1908 1157 1965 moeehize
1182 1922 1234 1963 esse

152 2001 287 2062 crimen.¹
328 2003 473 2077 Equidem
488 2024 576 2076 quum
599 2023 648 2062 cor
667 2014 760 2080 pateat
779 2002 855 2072 Deo,
878 2005 1060 2080 propositum
1076 2006 1121 2063 vel
1143 2003 1234 2081 cupido

150 2104 308 2161 voluntaria
321 2105 409 2160 instar
421 2121 540 2179 operum
554 2104 592 2160 sit
604 2121 721 2160 necesse
734 2112 786 2160 est.
829 2101 914 2169 Quod
934 2104 959 2161 si
979 2101 1109 2162 conditio
1123 2121 1235 2180 appona-

151 2211 205 2268 tur.
222 2204 260 2260 ita
272 2211 303 2261 ut
316 2200 420 2279 cupido
433 2221 491 2262 non
504 2203 541 2258 sit
553 2201 690 2269 absoluta,
712 2201 846 2273 quaeritur
865 2209 958 2258 utrum
972 2201 1119 2261 censenda
1132 2205 1169 2261 sit
1179 2219 1235 2279 pec

151 2312 245 2359 catum
260 2301 330 2359 adeo
343 2320 439 2378 grave.
481 2301 515 2359 In
536 2302 571 2358 iis
594 2319 657 2373 quae
681 2299 802 2377 exlege
825 2298 949 2376 pendent
962 2301 1097 2376 positiva,
1121 2300 1236 2360 condito

150 2417 208 2456 non
223 2407 371 2473 repugnat,
386 2398 508 2471 ideoque
527 2397 637 2456 nullum
650 2409 694 2456 est
713 2408 861 2474 peccatum
880 2400 919 2455 ita
932 2401 1027 2458 auimo
1042 2412 1156 2475 paratas
1169 2416 1233 2457 esse:

149 2513 247 2552 carnes
269 2494 448 2552 comederem
463 2495 508 2552 die
524 2496 655 2563 Veneris,
678 2497 734 2555 nisi
748 2497 888 2556 Ecclesia
902 2497 1024 2555 obstaret
1038 2492 1184 2557 vetitum-²
1207 2496 1234 2555 Ia

149 2594 233 2651 rebus
248 2604 340 2651 autem
355 2611 417 2665 quae
432 2592 525 2670 adjus
545 2602 650 2650 naturae
669 2604 806 2669 spectant,
828 2594 952 2654 conditio
972 2615 1031 2655 non
1054 2598 1126 2654 tollit
1139 2595 1235 2655 fodita·

148 2701 204 2751 tem
227 2694 301 2752 actui
325 2693 447 2760 insitam,
471 2691 593 2765 ideoque
616 2691 787 2750 desiderium
811 2705 891 2771 turpe
914 2694 1052 2753 babetur:
1076 2715 1124 2754 ex.
1148 2715 1195 2772 gr:
1215 2695 1235 2750 si

149 2795 213 2866 quis
228 2793 311 2860 dicat,
326 2792 371 2849 vel
384 2811 482 2851 secum
496 2793 617 2869 cogitet:
639 2791 749 2850 libidini
763 2811 809 2849 me
820 2792 962 2860 dederem‚
977 2795 1033 2851 nisi
1047 2793 1130 2852 Deus
1144 2812 1235 2871 ponas

148 2894 271 2949 minatus
294 2892 395 2949 suisset
416 2901 533 2948 aetemas
556 2891 761 2968 peccatoribus.
804 2890 947 2949 Caeterum
968 2894 1037 2951 satis
1061 2877 1236 2969 probabiliter

148 2991 275 3047 sentiunt
287 2990 384 3065 plures
399 2990 534 3065 theologi,
556 3000 575 3026 “
587 2989 673 3062 quod,
688 3009 753 3047 cum
768 2988 896 3048 voluntas
911 2989 1052 3049 desiderat
1066 2991 1182 3064 aliquod
1194 2992 1235 3049 ob

143 3090 252 3166 jectum
267 3087 373 3145 malum
387 3088 575 3163 impossibile,
590 3089 643 3146 sub
656 3088 817 3146 conditione
832 3089 856 3145 si
878 3088 985 3157 liceret,
1008 3108 1167 3164 numquam
1181 3089 1235 3147 effi·

147 3189 249 3245 caciter
263 3186 292 3242 in
305 3186 374 3245 illud
387 3182 581 3245 consensit.”³
621 3186 771 3245 Desideria
791 3197 883 3245 tamen
897 3188 1064 3265 hujusmodi
1079 3192 1163 3266 plena
1175 3198 1235 3248 sunt

144 3285 273 3362 periculi,
288 3297 316 3343 et
329 3306 346 3343 a
358 3286 463 3343 veniali
476 3287 561 3362 culpa
574 3286 734 3344 nullatenus
749 3285 920 3344 excusanda.

186 3389 253 3440 111.
275 3384 432 3442 Delectatio
446 3395 582 3461 concepta
599 3384 634 3443 de
648 3385 723 3442 malo
737 3403 832 3460 opere,
854 3383 1017 3443 conditione
1030 3386 1099 3445 licet
1119 3386 1231 3462 adjecta,

145 3482 170 3537 si
183 3482 291 3546 liceret,
306 3502 393 3557 prava
403 3492 457 3549 est,
468 3496 497 3539 et
507 3485 579 3541 inter
591 3481 706 3542 lethalia
716 3494 830 3559 peccata
839 3483 1023 3552 recensenda,
1036 3486 1104 3558 quia
1119 3496 1233 3558 “quaut-

178 3683 220 3746 (1)
241 3680 311 3730 Matt.
324 3697 346 3730 v.
358 3685 399 3730 28.

172 3772 213 3834 (2)
233 3768 299 3817 {dem
312 3767 341 3816 de
352 3767 512 3816 delectatione
529 3768 559 3817 de
572 3785 596 3818 re
614 3782 710 3833 peracta
728 3773 874 3823 dicendum:
893 3782 907 3803 ¹¹
916 3771 956 3822 Ha
974 3774 1027 3823 that
1039 3777 1120 3825 cateth
1133 3776 1191 3825 llesb
1209 3777 1231 3823 in

141 3853 207 3905 Lent
218 3855 243 3903 in
257 3854 325 3903 those
350 3855 429 3917 places
447 3854 494 3902 end
513 3854 701 3904 circumstances
714 3858 795 3907 where
812 3861 831 3908 it
842 3860 863 3908 is
881 3859 1013 3916 forbidden,
1032 3861 1080 3910 aad
1094 3862 1136 3911 did
1148 3872 1191 3911 not
1202 3877 1232 3909 ro

141 3941 249 3989 member
261 3939 278 3988 it
289 3955 340 3988 was
351 3938 424 3999 Lent,
438 3956 464 3987 or
476 3939 517 3988 did
529 3950 572 3990 not
584 3941 656 3989 know
669 3942 695 3999 it,
709 3943 755 3991 and
768 3945 835 4007 byso
847 3943 922 4005 doing
935 3945 1053 3993 resresbes
1065 3946 1168 3995 himself
1175 3946 1233 4000 well,

141 4024 188 4072 and
201 4023 259 4072 does
273 4023 409 4085 advantage
421 4034 445 4073 to
457 4024 495 4073 bis
508 4025 598 4084 healtb,
616 4041 673 4089 may
692 4036 735 4075 not
746 4029 776 4075 bc
787 4027 889 4076 aeeused
908 4029 993 4092 easily,
1010 4029 1032 4076 is
1046 4031 1076 4078 hc
1088 4030 1193 4092 dcligbts
1208 4031 1231 4078 in

138 4106 179 4156 tho
190 4107 271 4156 whole
283 4108 371 4167 action,
383 4126 410 4157 as
417 4109 434 4157 it
443 4111 511 4174 joina
523 4110 565 4158 the
577 4126 641 4160 error
654 4111 702 4159 aad
714 4110 756 4159 the
768 4110 928 4173 advammcf’
945 4112 960 4160 .1
963 4128 1044 4177 eremy
1058 4113 1232 4179 ‘raynoanue-

141 4198 178 4238 tor
190 4189 368 4252 Dubitandum,
376 4195 391 4243 l.
400 4193 414 4242 i.
426 4211 447 4242 c.
460 4197 484 4243 3.
503 4195 596 4245 Rulev.
606 4211 629 4259 p.
645 4197 698 4243 113.

176 4272 219 4337 (3)
232 4273 258 4320 S.
271 4273 346 4337 Alph.
357 4276 372 4324 Ι.
384 4292 406 4323 v.
418 4293 439 4326 c.
456 4279 542 4328 l.dub.
554 4278 578 4328 ii.
590 4287 633 4329 art.
645 4279 660 4326 i.
672 4294 696 4327 a.
711 4280 749 4329 18.
