2744 4980
566 1318 708 1379 CAPUT
729 1321 782 1379 IV.

474 1533 513 1572 DE
535 1535 625 1574 limus
645 1535 685 1574 ΕΤ
705 1534 871 1575 meneleus,

167 1712 216 1767 9³.
237 1707 330 1775 Qnurr
353 1709 497 1786 plerisque
518 1713 548 1768 in
570 1712 695 1770 Statibus
715 1710 945 1770 meridionalibus
970 1713 1090 1770 servitus
1113 1715 1216 1789 vigeat,

126 1805 220 1863 officia
233 1809 337 1880 quibus
356 1808 465 1866 domini
478 1829 545 1887 erga
563 1829 672 1879 servos,
694 1810 824 1882 servique
846 1827 913 1886 erga
931 1807 1063 1868 dominos
1077 1820 1216 1876 tenentur,

125 1904 293 1980 explicanda
305 1909 466 1966 necessario
479 1919 554 1974 sunt,
575 1926 611 1966 ne
632 1907 790 1965 sacerdotes
811 1908 941 1965 alterutra
960 1926 997 1965 ex
1018 1919 1096 1984 parte
1109 1918 1213 1966 errent.

127 2002 272 2074 Equidem
285 2004 393 2062 domini
408 2015 538 2064 tenentur
550 2007 585 2064 ad
604 2006 877 2064 subministrandum
897 2008 939 2064 eis
954 2006 1146 2088 necessarium
1160 2007 1217 2063 vic·

127 2110 186 2159 tum
201 2112 229 2158 et
243 2105 386 2171 vestitum,
408 2111 436 2158 et
455 2103 581 2161 subsidia
600 2105 696 2163 omnia
718 2105 819 2176 quibus
840 2105 904 2161 vite
925 2103 1105 2170 consulatur;
1128 2122 1217 2178 quum

126 2200 204 2257 enim
219 2201 269 2257 toti
282 2200 424 2277 pendeant
437 2203 511 2259 servi
526 2221 563 2260 ex
576 2202 757 2261 dominorum
776 2202 900 2270 arbitrio,
917 2203 943 2259 si
955 2202 1018 2260 haec
1032 2201 1215 2278 denegentur,

127 2298 277 2356 manifesto
291 2301 353 2357 vite
374 2299 530 2359 discrimini
552 2301 739 2376 objiciuntur:
761 2299 1064 2358 attamen-delicatiora
1083 2300 1125 2356 eis
1145 2317 1217 2375 pre·

126 2395 192 2452 bere
203 2414 259 2453 non
272 2407 393 2473 oportet,
407 2417 482 2465 nam,
497 2397 616 2457 docente
630 2398 738 2474 Spiritu
751 2399 866 2464 Sancto,
888 2399 968 2470 “qui
981 2396 1102 2454 delicate
1116 2417 1133 2454 a
1146 2414 1214 2474 pue·

125 2493 188 2549 ritia
207 2496 293 2551 nutrit
311 2515 425 2554 servum
447 2515 542 2563 suum,
566 2505 666 2573 postea
688 2496 792 2553 sentiet
810 2513 876 2552 eum
897 2485 1142 2553 contumacem.”¹
1183 2493 1218 2551 ln

125 2593 243 2649 statibus
269 2594 412 2651 nonnullis
438 2593 530 2651 solent
554 2594 615 2651 heri
642 2594 793 2670 mancipiis
815 2592 933 2650 tribuere
961 2593 1088 2665 quolibet
1117 2609 1217 2650 mense

125 2701 231 2746 certam
261 2690 402 2761 quandam
429 2709 590 2749 mensuram
621 2693 699 2766 grani
726 2690 802 2763 quod
831 2700 934 2746 vocant
955 2689 1096 2755 Indicum,
1126 2698 1157 2746 ut
1186 2706 1217 2744 se

125 2797 301 2847 sustentent:
323 2789 400 2862 quod
420 2790 480 2871 ipsi.
496 2789 617 2865 pistrilla
630 2789 675 2846 vel
694 2789 800 2864 pistillo
814 2785 982 2862 plerumque
1003 2785 1105 2842 debent
1121 2795 1218 2842 conte·

126 2903 206 2942 rere:
229 2905 293 2943 caro
307 2888 390 2944 suilla
412 2868 514 2945 ¹alicubi
536 2887 684 2964 adjicitur:
705 2884 756 2943 sed
779 2885 844 2942 alibi
859 2885 1001 2968 mancipia
1021 2901 1135 2941 carnem
1157 2881 1219 2939 nul·

125 2982 183 3039 lam
196 2985 337 3060 recipiunt
350 2986 383 3041 ab
404 2985 499 3041 heris:
522 2984 597 3042 unde
618 2985 684 3042 furti
704 2984 816 3042 occasio
836 2982 893 3039 illis
917 2982 998 3039 facile
1018 2982 1116 3039 oritur.
1159 2980 1218 3046 Qui

124 3098 175 3137 eos
190 3081 248 3138 sere
261 3081 352 3140 nudos
366 3084 515 3140 circumire
529 3084 635 3150 sinunt,
650 3091 678 3138 et
697 3090 794 3138 contra
814 3080 903 3156 frigus
923 3098 982 3138 non
995 3088 1159 3156 protegunt,
1174 3076 1220 3135 vel

125 3179 222 3236 cibum
236 3198 293 3251 quo
308 3182 384 3238 vesci
398 3189 541 3252 nequeant
553 3179 628 3247 dant,
643 3201 659 3236 a
672 3181 750 3255 gravi
771 3179 855 3253 culpa
875 3196 932 3235 non
947 3188 1014 3236 sunt
1026 3179 1179 3241 immunes,
1194 3177 1220 3231 si

126 3278 184 3333 vita
195 3278 396 3352 periclitentur.
418 3279 476 3344 Qui
486 3287 652 3355 egrotantes
667 3297 724 3336 non
738 3285 845 3343 curant,
860 3294 979 3332 scnesve
991 3276 1036 3331 vel
1050 3275 1117 3331 alias
1131 3273 1221 3331 labori

126 3375 248 3448 amplius
263 3396 319 3434 non
334 3377 452 3435 idoneos
467 3396 524 3436 non
537 3385 668 3454 satagunt
681 3372 814 3434 remediis
835 3373 992 3439 sublevare,
1007 3372 1139 3443 victuque
1153 3389 1221 3428 con·

128 3473 251 3530 venienti
273 3476 359 3532 vitam
380 3475 436 3532 illis
458 3493 580 3541 servare,
602 3475 769 3552 gravissime
790 3481 916 3548 peccant,
935 3488 1024 3543 quum
1045 3479 1165 3526 mortem
1179 3469 1221 3526 sic

128 3590 271 3629 accersere
286 3572 357 3629 velle
371 3572 527 3631 videantur.
570 3573 620 3631 Sic
633 3574 701 3630 olim
723 3571 841 3646 contigit
860 3587 942 3626 servo
956 3569 1038 3644 cujus
1052 3566 1196 3624 verberes
1211 3600 1222 3610 -

127 3682 244 3727 runtur:
271 3679 290 3705 ‘⁶
303 3671 379 3729 Puer
393 3672 553 3749 AEgyptius
567 3690 621 3749 ego
635 3690 709 3738 sum,
724 3687 823 3727 servus
843 3668 897 3724 viri
917 3666 1099 3725 Amalecitte:
1123 3664 1223 3722 dereli-

128 3769 189 3840 quit
202 3780 295 3826 autem
309 3788 355 3826 mc
369 3769 500 3828 dominus
515 3788 605 3838 inens,
621 3770 689 3842 quia
702 3777 836 3845 aegrotare
851 3767 923 3842 coepi
937 3754 1189 3823 nudiustertius.'’²

168 3869 217 3924 94.
239 3869 353 3925 Debent
374 3867 482 3927 domini
505 3886 578 3944 opus
602 3869 676 3925 vires
699 3883 844 3923 servorum
867 3862 943 3920 haud
965 3860 1108 3919 excedens
1133 3859 1223 3917 abiis

128 3967 255 4041 exigere,
270 3968 340 4038 quin
361 3976 454 4025 tamen
475 3968 524 4025 otii
545 3964 710 4039 indulgendi
731 3962 1013 4027 dentoccasionem;
1036 3977 1125 4032 quum
1145 3960 1222 4016 enirn

127 4064 282 4123 litterarum
292 4066 367 4123 servi
378 4075 490 4123 careant
502 4062 717 4130 delectamento,
729 4062 759 4119 in
768 4059 888 4118 crimina
898 4058 980 4117 facile
991 4056 1118 4116 incidunt
1127 4057 1222 4115 otiosi:

230 4253 269 4317 (1)
284 4250 356 4300 Pron.
370 4251 436 4301 xxix.
450 4252 489 4299 21.
858 4245 900 4311 (2)
917 4247 926 4292 l
943 4244 1125 4306 Reg.xxx.13.
1192 4210 1219 4263 ἰ
