2766 4996
148 428 208 484 212
368 424 426 484 DE
445 422 625 485 imbuto
644 422 705 483 ET
723 424 1030 486 ABSTINENTIA.

137 602 277 649 octavam
299 601 410 666 partem
431 592 524 648 unciae
538 589 639 667 (quam
658 610 776 667 parram
798 592 947 648 materiam
968 591 1079 649 babent
1098 591 1243 669 theologi)

149 700 257 748 tantum
266 689 430 747 comederit
455 691 512 757 Qui
521 687 592 747 duas
600 691 1244 769 integnsresectioncssumpseritgravispsc·

148 789 203 847 cati
217 807 281 846 reus
295 808 410 862 quoque
421 791 556 847 noscitur.
599 789 756 847 venialiter
765 802 859 848 autem
867 802 978 865 peccat,
988 792 1040 863 qui
1051 792 1244 866 parrnmqnid

148 900 228 946 extra
241 888 396 964 prandendi
410 901 523 964 tempus
537 908 594 946 una
603 902 652 946 aut
663 890 749 947 altera
759 892 821 947 rice
830 890 1004 956 comederit;
1024 891 1073 947 vel
1084 893 1136 962 qui
1145 891 1245 964 atiqua-

148 998 230 1045 tenus
243 988 363 1047 excedat
376 989 405 1046 in
418 989 578 1065 vespertina
590 989 799 1046 collatiuncula.
841 988 923 1045 Duas
935 991 1038 1046 uncias
1047 989 1123 1046 ultra
1135 1009 1244 1048 conces·

148 1105 195 1144 sas
209 1107 266 1146 non
280 1107 344 1146 esse
358 1107 473 1165 gravem
482 1107 635 1146 excessum
648 1089 745 1163 plures
759 1088 858 1145 dicunt
871 1088 1009 1164 theologi.

187 1191 238 1246 48.
261 1187 457 1267 Dispmaatio
480 1189 644 1263 Superioris
664 1206 747 1260 aqua
768 1206 806 1245 ex
825 1206 911 1245 causa
930 1206 1073 1245 corucem
1091 1202 1245 1247 excusata

144 1287 267 1364 jejunio.
308 1287 468 1365 legislator
481 1300 575 1363 potest
582 1286 698 1358 quidem
712 1288 819 1359 absque
829 1307 916 1344 causa
924 1286 1107 1362 dispensare,
1118 1290 1244 1362 quamvis

148 1398 266 1461 peccet:
288 1387 339 1443 sed
353 1387 401 1459 qui
415 1387 450 1442 ab
463 1388 527 1461 ipso
539 1386 667 1443 derivant
680 1385 864 1462 dispensandi
887 1386 1061 1453 facultatem,
1082 1406 1120 1444 ea
1138 1390 1180 1446 uti
1202 1406 1244 1445 ne·

149 1493 257 1556 queunt
270 1485 323 1542 uisi
339 1486 417 1561 justa
436 1484 625 1542 intercedente
645 1504 740 1553 causa,
761 1505 850 1558 quum
870 1504 905 1542 ea
923 1485 1092 1544 conditione
1111 1505 1244 1545 concessa

149 1584 328 1660 intelligatur.
371 1585 512 1660 Episcopi
526 1586 555 1642 in
569 1584 629 1641 suis
642 1583 814 1642 dioecesibus
834 1605 887 1662 pro
899 1587 1013 1643 casibus
1033 1587 1244 1660 particudaribus

148 1681 314 1760 dispensare
327 1695 457 1760 possunt,
472 1703 529 1741 uon
542 1683 609 1740 verb
631 1703 683 1759 pro
696 1693 753 1741 tota
771 1684 899 1751 diocesi,
913 1704 1002 1757 quum
1027 1686 1085 1760 ipsi
1107 1696 1245 1758 nequeant

150 1783 312 1860 Superioris
326 1785 419 1861 legem
431 1784 568 1849 relaxare,
582 1785 681 1841 nisieo
691 1786 906 1850 consentiente3
926 1786 976 1855 qui
985 1785 1053 1859 jure
1067 1785 1244 1860 presumitur

149 1884 234 1951 velle,
256 1894 288 1943 ut
306 1884 517 1942 occurrentibus
535 1881 722 1955 quorumdam
743 1884 958 1940 necessitatibus
977 1884 1163 1951 subveniant,
1190 1903 1242 1941 non

149 1983 216 2040 verb
230 1995 261 2040 ut
272 1984 404 2040 omnibus
417 1984 511 2058 legem
525 1983 661 2040 relaxent
703 1982 745 2039 lta
758 1983 812 2040 lert
830 1985 1012 2041 communior
1030 1995 1060 2039 et
1072 1984 1242 2059 probabilior

149 2083 299 2148 sententia,
314 2091 384 2138 teste
396 2080 554 2138 Benedicta
568 2074 666 2138 x1v.¹
708 2082 898 2140 Parochisuis
907 2082 1027 2139 subditis
1037 2083 1127 2140 simili
1138 2085 1242 2140 *atione

150 2179 377 2258 dispensationes
390 2179 559 2246 concedunt,
574 2199 611 2237 ex
619 2180 835 2239 consuetudine.
878 2181 966 2239 Inhis
975 2183 1134 2258 provinciis
1144 2182 1244 2239 babent

150 2284 280 2359 episcopi
288 2300 325 2339 ex
334 2282 447 2340 Summi
456 2280 603 2339 Pontificis
611 2279 730 2347 indulto,
739 2292 906 2356 potestatem
922 2279 1148 2356 “dispensandi,
1158 2301 1242 2354 quau·

151 2381 189 2438 do
201 2382 337 2457 expedire
352 2381 498 2446 ridebitur,
519 2399 606 2456 super
618 2399 669 2436 esu
692 2383 830 2446 carnium,
845 2392 975 2446 ovorum,
996 2391 1024 2436 et
1037 2381 1242 2438 lacticiniorum

151 2489 278 2555 tempore
288 2480 464 2555 jejuniorum
477 2487 505 2534 et
518 2476 772 2553 qnadmgesimae.’'
813 2479 890 2537 Eam
903 2479 997 2537 solent
1008 2481 1095 2537 etiam
1106 2481 1241 2556 impertiri

151 2577 348 2643 missionariis,
363 2579 412 2649 qui
425 2576 543 2652 singulis
557 2595 609 2651 pro
619 2595 704 2633 causa
717 2597 808 2650 aqua,
818 2598 875 2637 non
889 2580 1099 2636 veroomnibus
1113 2578 1241 2636 fidelibus

151 2698 210 2738 sun
224 2696 298 2736 curae
311 2677 483 2744 commissis,
498 2675 738 2752 dispensationem
754 2681 865 2754 possint
874 2677 1043 2735 concedere.
1086 2679 1133 2736 De
1148 2696 1242 2737 neces

152 2781 234 2839 nitate
258 2776 372 2857 petendi
394 2776 634 2853 dispensationem
658 2795 716 2852 pne
740 2778 830 2835 oculis
850 2777 979 2835 habenda
1001 2787 1046 2834 est
1066 2778 1099 2835 S.
1121 2778 1242 2835 Thomas

153 2880 296 2939 doctrina:
319 2878 383 2936 “Si
410 2897 496 2935 causa
517 2888 563 2934 est
581 2875 709 2942 evidens,
724 2897 775 2954 per
794 2879 922 2953 seipsum
944 2877 1020 2934 licite
1041 2887 1136 2952 potest
1157 2877 1243 2933 homo

151 2983 245 3038 statuti
259 2978 465 3035 observantiam
479 2980 632 3053 praeterire,
643 2978 798 3053 praesertim
811 2975 1016 3034 consuetudine
1027 2976 1241 3041 interveniente,

150 3077 195 3135 vel
209 3082 234 3137 si
248 3096 306 3136 nou
320 3087 418 3152 posset
436 3076 471 3134 de
485 3076 559 3133 sacili
573 3094 703 3133 recursus
725 3075 760 3132 ad
774 3076 959 3152 Superiorem
978 3075 1087 3134 haberi.
1130 3077 1164 3133 Si
1177 3093 1242 3132 tero

150 3196 237 3236 causa
257 3178 293 3235 sit
311 3174 405 3242 dubia,
428 3175 511 3233 debet
530 3175 633 3247 aliquis
653 3173 688 3232 ad
709 3175 894 3251 Superiorem
916 3193 1072 3241 recurrere,
1093 3177 1143 3247 qui
1159 3175 1242 3232 habet

152 3291 319 3361 potestatem
334 3278 364 3335 in
378 3276 477 3335 talibus
490 3267 724 3353 dispensandi.”'

190 3386 240 3441 4⁹.
257 3377 448 3458 Impotentia,
467 3379 526 3435 sive
535 3375 676 3457 physica,
686 3376 747 3431 sive
757 3373 883 3432 moralis
897 3395 913 3431 a
922 3374 1034 3451 jejunio
1043 3384 1172 3449 excusat.
1194 3374 1242 3433 Sic

151 3490 322 3537 excusantur
334 3477 449 3545 infirmi,
471 3478 574 3549 quibus
589 3476 734 3554 jejunium
754 3493 839 3551 grave
851 3472 985 3531 damnum
1000 3472 1148 3530 allaturum
1163 3492 1242 3531 vero·

152 3576 245 3633 simile
259 3587 311 3631 est.
353 3574 426 3632 Item
447 3577 495 3645 qui
516 3576 691 3650 experientia
711 3584 856 3632 noruutse
876 3590 960 3650 grave
984 3582 1186 3629 nocumentum
1206 3590 1243 3629 ex

148 3672 261 3752 jejunio
274 3672 410 3729 derivare.
454 3681 473 3706 “
485 3673 554 3730 ldeo
574 3675 658 3730 etiam
678 3684 857 3740 excusantur,
878 3673 927 3745 qui
947 3672 1076 3729 laborant
1096 3672 1168 3728 febri
1189 3682 1241 3728 ter·

153 3776 237 3841 tiana,
252 3773 296 3831 vel
310 3780 453 3845 quartana,
467 3771 511 3827 vel
526 3772 574 3842 qui
588 3771 622 3827 ab
630 3789 664 3828 ea
677 3770 839 3829 immediate
852 3755 1066 3829 convaluerunt.
1109 3770 1182 3828 Item
1195 3770 1242 3827 de·

152 3876 223 3934 biles
246 3874 294 3947 qui
316 3891 373 3930 una
392 3872 454 3929 vice
478 3871 641 3928 alimentum
664 3871 810 3929 sufficiens
833 3890 891 3929 non
913 3879 1034 3947 possunt
1055 3888 1199 3927 sumere..
1213 3912 1240 3926 ..

153 3977 225 4035 ltem
252 3981 427 4052 pregnantes
450 3983 478 4029 et
498 3971 644 4038 lactantes,
669 3972 770 4044 quibus
797 3970 947 4043 aliquando
970 3970 1135 4047 permittunt
1157 3969 1242 4028 etiarn

150 4093 259 4143 carnes,
273 4077 298 4132 si
312 4091 384 4150 puer
395 4074 432 4132 sit
452 4071 591 4140 infirmus,
612 4081 660 4129 aut
677 4071 703 4128 ei
723 4071 870 4128 immineat
883 4070 1040 4145 periculum
1062 4066 1242 4133 infirmitatis,

152 4174 197 4231 vel
210 4174 236 4230 si
249 4187 338 4231 mater
351 4175 388 4231 sit
400 4173 511 4231 debilis.
524 4215 531 4230 .
544 4215 551 4230 .
565 4214 572 4229 .
597 4171 660 4230 lmo
673 4180 851 4248 pregnantes
865 4180 1023 4245 peccarent,
1038 4169 1063 4225 si
1081 4167 1189 4243 pluries
1198 4169 1242 4244 je·

189 4340 232 4404 (t)
252 4338 281 4388 ln
291 4337 371 4389 Bulla.
386 4339 486 4391 Pedite
495 4340 674 4407 jamdudum.
823 4338 865 4404 (2)
884 4337 907 4386 2.
919 4339 964 4387 Qu.
977 4352 1019 4400 qu.
1028 4335 1109 4386 cxlvii
1121 4343 1166 4384 art
1178 4334 1210 4385 iv.
