2744 4980
207 430 263 484 104
480 420 536 479 DE
558 416 722 486 QUINTO
743 414 995 474 PRAECEPTO.

245 588 294 646 119.
315 586 512 644 Homicidium
527 582 601 655 quod
615 601 682 639 casu
696 580 834 653 contingit
847 580 929 654 culpa
948 589 1033 644 caret,
1055 578 1297 652 quandocumque

206 689 269 760 quis
282 687 322 744 rei
335 686 418 742 licitae
432 692 521 749 vacat,
535 681 681 757 diligentia
693 679 853 735 necessaria
867 677 901 733 ad
920 677 1043 734 alienum
1058 678 1192 735 damnum
1208 681 1298 736 vitan·

205 785 274 844 dum
289 778 433 839 adhibita.¹
475 782 524 837 Sic
538 783 588 851 qui
602 782 674 837 seras
688 796 740 853 per
762 775 857 850 sylvas
872 777 1060 851 persequitur,
1075 777 1124 833 ubi
1137 777 1300 835 nullatcnus

205 884 364 958 suspicatur
376 881 524 938 hominem
548 878 671 950 aliquem
690 876 786 941 latere,
810 875 944 931 immunis
967 875 1051 949 culpa
1070 885 1122 941 est,
1143 876 1210 932 licet
1230 896 1298 932 casu

207 999 273 1039 eum
296 970 494 1037 1111ε11εεετίῑ.2
535 978 567 1033 Si
588 978 628 1033 rei
652 975 755 1030 illicitae
779 972 826 1028 det
845 990 970 1047 operam,
993 992 1056 1044 quae
1076 985 1170 1031 tamen
1190 974 1300 1031 nullum

208 1097 306 1136 secum
326 1077 407 1134 affert
426 1077 525 1132 mortis
546 1073 713 1150 periculum,
735 1070 882 1132 homicidii
903 1090 966 1128 reus
987 1092 1045 1129 non
1068 1082 1121 1138 est,
1136 1073 1202 1128 lieet
1224 1091 1301 1128 mors

161 1187 185 1244 ᾗ
210 1177 328 1252 alicujus
354 1194 420 1231 casu
441 1175 595 1248 contigerit
646 1173 695 1227 Sic
722 1170 766 1228 sur
794 1188 1008 1240 nonnumquam
1029 1171 1096 1227 dum
1123 1189 1167 1226 res
1195 1171 1301 1226 alienas

209 1275 312 1350 abripit
323 1274 394 1330 socii
407 1292 492 1330 manu
501 1273 602 1338 interit,
616 1289 684 1329 casu
698 1269 793 1340 aliquo
803 1269 958 1342 inopinato.
1000 1271 1131 1326 Attamen
1143 1269 1302 1326 secundum

204 1376 279 1451 jura,
294 1374 318 1428 si
332 1372 433 1442 aliquis
455 1346 861 1445 ι40131ορετει’111””’“τεί11110111),
885 1368 929 1423 vel
948 1367 1031 1425 etiam
1045 1353 1100 1423 ⁴det
1120 1387 1237 1442 operam
1262 1368 1303 1423 rei

208 1472 302 1536 licitas,
313 1489 370 1527 non
385 1468 520 1526 adhibens
530 1467 703 1543 diligentiam
711 1464 843 1532 dehitam,
855 1485 913 1522 non
921 1466 1013 1522 evadit
1022 1466 1169 1523 homicidii
1181 1478 1302 1532 reatum,

208 1572 234 1627 ai
247 1587 283 1625 ex
297 1569 358 1644 ejus
372 1586 457 1643 opere
471 1585 547 1624 mors
567 1567 693 1623 hominis
713 1557 893 1635 sequatur.”³
934 1565 990 1630 Qui
1011 1585 1070 1622 rem
1085 1577 1170 1640 agunt
1190 1565 1303 1640 pericu·

209 1668 299 1724 losam
323 1666 455 1723 simulet
475 1665 609 1731 illicitam,
633 1664 792 1721 nullatenus
813 1674 992 1731 excusantur,
1017 1665 1083 1720 licet
1103 1683 1180 1720 mors
1203 1673 1304 1720 contra

210 1784 309 1822 eorum
323 1764 494 1820 voluntatem
508 1764 628 1819 eveniat.
671 1763 719 1818 Sic
733 1763 922 1837 percutientes
943 1762 1124 1819 vehementer
1143 1761 1304 1828 hominem,

212 1882 296 1935 quem
311 1861 410 1919 nolunt
421 1860 560 1927 occidere,
572 1861 596 1917 si
610 1880 687 1917 mors
701 1861 762 1935 ejus
776 1869 919 1932 sequatur,
934 1860 1055 1918 habendi
1070 1872 1137 1918 sunt
1148 1861 1199 1925 rei,
1215 1879 1305 1931 quum

211 1981 277 2019 eum
290 1959 440 2017 manifesto
453 1960 551 2018 mortis
564 1958 720 2016 discrimini
734 1960 900 2035 objecerint.
941 1959 959 2017 J
962 1978 1011 2019 ure
1025 1959 1171 2017 communi
1185 1959 1306 2015 homici-

211 2059 289 2117 dium
303 2057 420 2115 secundi
433 2057 535 2134 gradus
548 2053 674 2114 (11ε11111.4
715 2058 799 2123 Quod
813 2059 837 2114 si
847 2076 884 2113 ex
897 2059 1012 2116 vulnere
1026 2058 1102 2140 hapd
1114 2058 1211 2115 lethali
1226 2076 1304 2115 mors

211 2167 345 2230 sequatur
357 2156 461 2214 medici
474 2157 624 2232 imperitia,
636 2175 693 2213 non
708 2156 760 2212 erit
773 2154 970 2214 homicidium.

253 2260 319 2314 100.
342 2256 439 2320 Quum
458 2255 551 2312 caedes
574 2264 693 2322 vetetur,
715 2274 779 2326 quae
806 2265 926 2327 mortem
953 2256 1055 2313 inferre
1083 2257 1196 2332 possint
1215 2256 1305 2312 simul

212 2355 296 2412 vetita
317 2353 417 2413 meritd
440 2363 609 2420 censentur3
631 2354 752 2426 ideoque
773 2355 910 2412 mutilatio
924 2357 1051 2430 corporis
1065 2355 1160 2420 alieni,
1176 2355 1306 2411 verbera·

212 2454 260 2519 tio,
284 2471 335 2510 scu
357 2470 546 2525 quaecumque
569 2454 716 2529 percussio
737 2453 861 2512 violenta
883 2454 1024 2528 prohibita
1049 2462 1108 2511 est:
1131 2452 1181 2509 sed
1208 2452 1306 2510 delicti

210 2552 331 2626 gravitas
345 2569 381 2607 ex
395 2550 520 2626 periculo
534 2552 597 2608 vitae
611 2552 656 2608 vel
669 2552 781 2627 injuria,
794 2554 838 2609 vel
848 2553 1019 2610 contumelia
1032 2553 1107 2609 illata
1120 2551 1305 2628 dijudicanda

211 2657 264 2715 est,
278 2650 388 2722 quoties
402 2651 479 2707 enim
494 2650 550 2706 vita
564 2650 748 2725 periclitatur,
762 2669 826 2709 reus
840 2661 884 2707 est
896 2652 981 2708 caedis
998 2653 1048 2723 qui
1068 2670 1130 2708 eam
1144 2651 1306 2708 discrimini

212 2748 325 2824 objecit.
368 2748 426 2806 Ubi
439 2767 523 2806 omne
538 2750 616 2805 abest
624 2748 788 2825 hujusmodi
801 2750 969 2826 periculum,
979 2770 1031 2827 pro
1045 2749 1154 2826 injuriae
1166 2760 1194 2805 et
1206 2759 1306 2807 contu·

211 2847 305 2904 melios
318 2847 424 2905 ratione
438 2848 530 2924 gravis
542 2849 651 2906 levisve
666 2858 709 2904 est
721 2849 812 2923 culpa.
835 2848 979 2907 Homines
992 2850 1116 2906 rixantes
1132 2848 1304 2924 plerumque

211 2953 329 3019 peccant
341 2947 482 3020 graviter3
503 2948 583 3023 pueri
597 2967 613 3003 a
625 2949 703 3022 gravi
714 2947 797 3021 culpa
811 2948 961 3018 aliquando
974 2959 1041 3005 aunt
1060 2948 1227 3013 immunes3
1249 2946 1301 3003 sed

210 3038 278 3099 dum
292 3041 465 3111 adolescunt,
479 3052 507 3100 et
525 3045 640 3119 injurias
661 3043 798 3100 inferendi
818 3044 916 3101 ardent
935 3046 1077 3121 cupidine,
1098 3048 1192 3120 gravis
1207 3046 1304 3103 delicti

211 3138 292 3196 lacile
305 3139 441 3198 fiuntrei.

158 3272 183 3324 ι
253 3242 320 3296 101.
341 3238 398 3305 Qui
411 3246 582 3314 preceptum
594 3237 650 3296 hoc
664 3238 802 3296 violarunt
815 3249 944 3298 tenentur
963 3259 1014 3316 pro
1035 3241 1140 3298 viribus
1163 3242 1199 3299 ad
1223 3262 1304 3319 repa·

246 3424 289 3488 (l)
303 3423 329 3471 S.
340 3423 429 3474 'thom
442 3427 465 3471 2.
474 3423 498 3472 2.
509 3438 552 3486 qu.
564 3423 623 3471 lxiv.
635 3432 678 3473 ert.
690 3425 740 3473 viii.

245 3508 286 3571 (2)
304 3515 318 3538 “
328 3507 458 3557 Homicida
467 3523 513 3574 per
525 3505 706 3575 infortunium,
723 3526 750 3559 or
767 3510 956 3570 misadventure,
967 3513 989 3561 ia
1002 3512 1082 3561 where
1100 3529 1114 3562 a
1127 3529 1193 3571 man,
1205 3513 1282 3575 doing
1293 3529 1308 3561 a

209 3590 293 3640 lawlul
305 3600 351 3650 act,
363 3592 468 3641 without
485 3592 606 3641 intention
624 3594 652 3641 ol
665 3593 730 3652 hurt,
742 3595 925 3659 unfortunately
943 3597 999 3646 hille
1016 3597 1132 3656 another3
1150 3614 1177 3647 aa
1194 3598 1276 3648 where
1294 3616 1308 3648 a

208 3688 267 3724 man
279 3674 300 3723 is
311 3682 336 3724 at
347 3676 416 3724 work
427 3676 486 3725 with
501 3693 515 3724 a
528 3675 625 3724 hatchet
638 3677 684 3726 end
694 3677 734 3726 the
749 3677 810 3727 head
829 3680 925 3729 thereos
941 3681 994 3730 flios
1005 3680 1046 3740 off,
1054 3682 1102 3730 and
1120 3682 1175 3731 kills
1184 3698 1199 3730 a
1208 3684 1307 3732 atander

208 3757 266 3823 by.”
301 3759 456 3817 Blackatone,
468 3760 485 3809 1.
497 3760 527 3809 iv.
540 3775 566 3808 n.
581 3761 637 3810 183.

245 3844 285 3908 (³)
303 3843 487 3893 S.Thom.ubi
499 3861 578 3909 supra„
614 3844 726 3895 “When
740 3862 772 3896 aa
791 3847 946 3912 involuntary
959 3850 1046 3911 killing
1062 3849 1173 3915 happens
1185 3851 1211 3900 in
1223 3866 1308 3900 conac-

208 3942 303 3991 quenoe
314 3928 343 3976 oi
355 3944 387 3976 an
401 3928 519 3978 unlewt'ul
531 3939 577 3988 act,
589 3931 608 3979 it
622 3930 672 3979 will
685 3932 714 3979 be
731 3931 809 3980 either
825 3933 921 3982 murder
932 3950 960 3982 or
971 3935 1161 3996 manalaughter,
1176 3936 1308 3998 according

208 4021 235 4064 to
244 4013 286 4062 the
298 4020 384 4061 natura
396 4013 424 4061 os
429 4013 470 4062 tha
479 4022 518 4063 act
525 4014 606 4063 which
618 4015 760 4064 occasioned
774 4014 817 4065 it'’
853 4017 1009 4077 Blackatone,
1021 4020 1036 4069 l.
1049 4020 1081 4069 iv.
1094 4036 1119 4069 n.
1133 4021 1189 4071 193.

245 4098 286 4162 (l)
306 4104 321 4127 ‘⁴
330 4096 386 4146 The
398 4097 485 4160 lrilling
500 4099 528 4148 ol
534 4099 648 4150 ahuman
656 4101 729 4162 being
737 4101 841 4152 without
852 4119 866 4151 a
877 4104 997 4166 designto
1009 4104 1081 4155 effect
1092 4106 1174 4166 death,
1185 4107 1212 4157 iu
1224 4122 1239 4157 a
1250 4105 1308 4158 heat

208 4181 237 4230 oi
244 4181 350 4246 passion,
361 4183 405 4231 but
416 4181 443 4231 in
454 4198 469 4232 a
480 4184 546 4232 eruel
557 4184 606 4233 and
619 4187 726 4236 unusual
738 4186 865 4236 manner.’'
901 4188 995 4254 Chitty,
1007 4199 1073 4249 note,
1084 4206 1109 4241 u,
1125 4193 1181 4239 191.

607 4384 629 4413 ⁴
