2744 4980
293 387 351 449 1>ss
372 387 732 457 OBLlGATIONIBUS
753 389 1044 454 CLERICORUM.
1157 403 1215 461 347

126 550 256 613 mortalis
270 569 335 612 rens
348 562 402 620 est,
419 551 517 630 judice
531 548 703 612 Bouneina¹
743 554 901 632 Episcopis
914 558 1001 615 etiam
1018 557 1142 638 injungit
1154 582 1221 622 oon.

126 651 225 713 cilium
239 649 453 719 Tridentinum,
466 661 498 711 ut
509 664 610 711 curent
622 669 726 729 pueros
736 653 888 714 christiana
900 655 1028 714 docuina
1037 658 1220 730 imbuendos,

127 749 319 826 parochorum
331 751 431 823 utique
444 768 550 827 opem:
573 751 593 788 ‘⁴
603 751 694 810 [idern
717 753 803 812 etiam
825 753 925 813 saltem
941 754 1105 815 Dominicis
1117 769 1147 816 et
1159 761 1221 818 aliis

126 847 352 923 festivisdiebus
365 868 473 926 pueros
486 850 516 908 in
531 850 652 926 singulis
665 851 810 926 parochiis
824 853 890 910 tidei
905 854 1072 923 mdimenta,
1087 867 1115 914 et
1127 857 1222 917 obedi·

126 948 236 1009 ennam
249 965 318 1024 erga
331 947 437 1017 Deum,
452 957 481 1006 et
493 957 624 1026 parentes
637 947 787 1026 diligenter
807 952 842 1009 ab
862 952 910 1019 iis,
925 951 960 1009 ad
980 971 1053 1025 quos
1073 957 1221 1032 spectabit,

123 1046 222 1105 doceri
234 1048 380 1114 curabunt,
394 1047 421 1106 si
433 1065 507 1123 opus
519 1047 565 1114 sit,
579 1048 664 1108 etiam
679 1067 730 1125 per
736 1068 870 1108 censuras
878 1050 1086 1111 ecclesiasticas
1094 1056 1221 1131 compel-

126 1138 238 1202 lent.”²
278 1144 351 1203 Haec
364 1163 485 1205 munera
497 1146 631 1204 omnibus
650 1165 748 1206 curam
767 1149 926 1207 animarum
946 1148 1116 1210 habentibus
1135 1153 1221 1229 plane
1281 1224 1284 1229 ¹

124 1243 312 1312 wuvsuiunt,
326 1254 357 1301 et
376 1243 527 1322 diligenter
549 1255 616 1303 suut
637 1246 777 1316 obeunda,
793 1265 881 1320 quum
895 1265 933 1305 ex
951 1256 1028 1306 recta
1047 1250 1221 1310 institutione

124 1359 281 1418 puerorum
294 1344 463 1419 prsssenim,
477 1341 527 1401 sed
541 1351 570 1401 et
588 1343 758 1412 aduitomm,
779 1346 857 1403 salus
869 1345 1035 1422 reipublice
1048 1346 1219 1416 christianae,

126 1439 203 1499 sicin
213 1450 246 1499 et
256 1442 445 1518 singulorum,
458 1440 590 1518 pendeat.

168 1542 221 1598 44.
244 1539 429 1599 Sacramenta
449 1559 467 1598 a
486 1541 648 1617 pastoribus
669 1551 737 1599 sunt
758 1541 918 1616 praestanda
931 1541 1033 1599 ovibus
1046 1545 1107 1601 suis
1120 1562 1226 1621 pascua

128 1637 191 1695 brec
203 1639 270 1696 vitre
284 1640 493 1710 quarentibus3
514 1639 574 1696 imo
593 1648 695 1713 sponte
714 1639 885 1715 porrigenda
903 1649 979 1708 sunt,
1000 1649 1029 1697 et
1047 1659 1131 1699 omne
1144 1642 1224 1702 adhi-

128 1736 255 1795 bendum
281 1747 325 1793 est
349 1737 477 1796 studium
496 1745 528 1795 nt
547 1736 709 1808 frequenter
734 1747 763 1794 et
786 1736 872 1814 digne
898 1739 1097 1815 suscipiantur.
1138 1740 1224 1799 anst

130 1833 245 1894 Rituale
272 1834 449 1896 Romanum.
491 1833 708 1907 “Quacumque
734 1835 791 1894 diei
811 1855 844 1894 ac
865 1837 957 1895 noctis
979 1835 1049 1896 hora
1074 1837 1110 1895 ad
1134 1857 1225 1896 sacra·

130 1945 228 1992 menta
247 1933 435 1994 ministranda
456 1933 612 2000 vocabitur,
637 1930 818 2013 (parochus)
841 1935 948 1993 nullam
969 1935 1065 1993 officio
1079 1954 1131 1994 suo
1153 1955 1225 2013 pra·

129 2031 245 2100 stando,
272 2030 441 2112 (presertim
467 2033 493 2090 si
513 2033 669 2093 nenessitas
695 2029 817 2111 urgeat)
839 2050 950 2091 moram
971 2035 1141 2111 interponat
1181 2038 1226 2094 Ac

129 2141 285 2207 propterea
296 2131 436 2209 populum
447 2149 537 2225 sape,
558 2142 642 2207 prout
660 2149 725 2189 sese
745 2132 846 2190 offeret
857 2133 979 2199 occasio,
998 2134 1186 2209 premonebit
1197 2145 1228 2193 ut

131 2247 198 2289 cnm
209 2248 294 2290 mero
313 2230 472 2290 ministerio
493 2249 568 2307 opus
590 2230 729 2298 fueritne
749 2232 979 2306 quamprimum
994 2230 1122 2298 advocet,
1146 2232 1226 2290 nulla

131 2329 271 2405 temporie
296 2338 344 2387 aut
362 2331 572 2408 cujuscumque
592 2329 767 2388 incommodi
787 2329 882 2387 habita
906 2328 1045 2388 ratione.”
1026 2323 1063 2359 ”³
1102 2329 1229 2390 Peccant
1288 2374 1299 2410 4

131 2426 220 2502 igimr
233 2429 358 2505 graviter
370 2437 499 2504 pastores
511 2437 541 2486 et
553 2427 732 2487 Missiouarii
745 2446 795 2500 qur
787 2427 879 2485 adeo
899 2445 931 2485 se
941 2426 1075 2486 difficiles
1095 2427 1141 2486 vel
1159 2440 1298 2508 neg·

132 2524 257 2602 ligantes
271 2527 425 2604 praebent'
417 2545 447 2585 nr
466 2536 705 2586 sacramentorum
730 2526 979 2594 administratione,
997 2537 1029 2585 nt
1049 2527 1156 2604 populo
1168 2547 1228 2588 uon

134 2624 171 2681 sit
183 2625 269 2701 copia
281 2624 478 2684 satisfaciendi·
486 2635 629 2702 praecepto
643 2625 779 2702 paschali,
793 2635 822 2682 et
840 2624 973 2682 subsidiis
987 2643 1018 2683 se
1031 2635 1128 2683 contm
1141 2637 1228 2687 teuta·

135 2722 228 2779 dones
250 2724 410 2782 muniendi.
461 2724 519 2781 Sed
550 2725 653 2781 certius
679 2725 849 2800 graviusque
870 2731 970 2797 peccat
989 2723 1120 2779 sacerdos
1145 2743 1229 2783 suum

132 2819 282 2897 denegans
296 2823 486 2881 ministerium
501 2823 622 2879 versanti
646 2822 675 2878 in
696 2821 795 2878 mortis
809 2819 984 2884 discrimine,
998 2819 1043 2875 vel
1056 2837 1151 2877 moras
1165 2841 1229 2881 nec·

136 2928 200 2977 tens
221 2938 287 2978 curn
307 2919 468 2979 moribundi
491 2921 591 2978 salutis
615 2919 751 2995 periculo.
792 2917 879 2976 lubet
901 2914 1023 2982 Rituale,
1043 2927 1075 2974 ut
1087 2922 1230 2995 parochus

133 3017 233 3075 visitet
246 3028 377 3094 aegrotos,
391 3019 548 3095 prasertim
562 3019 773 3094 ingravescente
787 3016 898 3082 morbo,
912 3023 941 3072 ct
953 3028 1127 3075 sacramenta
1141 3021 1168 3076 ei
1182 3020 1228 3077 ad·

135 3115 290 3185 ministret,
309 3117 423 3193 ipsique
443 3118 472 3174 in
492 3118 570 3174 exitu
593 3117 657 3173 vite
676 3116 769 3192 posito
782 3125 885 3190 praesto
898 3115 945 3179 sit,
960 3115 1038 3171 omni
1051 3132 1105 3190 ope
1119 3118 1146 3174 ei
1167 3121 1231 3178 sub-

139 3224 309 3292 venturus.⁸
331 3215 410 3274 Hinc
424 3233 488 3274 mos
508 3225 551 3272 est
571 3215 600 3272 in
620 3214 703 3272 ltalia
722 3213 841 3285 aliisque
860 3211 1026 3287 regionibus
1040 3213 1187 3273 catholicis
1200 3228 1232 3275 ut

135 3311 292 3387 parochus,
307 3313 352 3371 vel
365 3314 499 3372 sacerdos
514 3314 548 3370 ab
567 3330 602 3369 eo
616 3313 645 3370 in
666 3311 694 3369 id
707 3311 834 3368 muneris
854 3309 1014 3386 deputatus,
1028 3309 1077 3366 diu
1090 3322 1232 3386 noctuque

137 3409 214 3469 adsit
226 3412 415 3471 moribundo:
438 3410 515 3485 qnod
529 3411 661 3488 pietatem
675 3409 856 3480 studiumque
876 3407 973 3464 salutis
987 3407 1124 3466 eximium
1139 3423 1233 3472 osteu-

136 3506 189 3565 dit.
232 3509 267 3567 ld
279 3511 346 3567 licet
357 3529 415 3569 non
429 3511 467 3568 sit
478 3510 603 3567 moribus
617 3508 720 3566 nostris
728 3516 886 3582 receptum,
901 3522 989 3577 quum
998 3508 1083 3581 pauci
1095 3507 1232 3571 hactenus

137 3605 245 3666 suerint
257 3610 429 3677 sacerdotes,
449 3617 477 3666 et
489 3608 658 3667 necessariis
671 3606 777 3663 muniis
791 3603 941 3680 explendis
954 3600 1062 3663 idcirco
1075 3608 1124 3666 vix
1137 3628 1230 3687 pares,

138 3705 298 3765 imitatione
311 3706 428 3783 dignum
443 3717 496 3774 est,
511 3715 649 3779 quatenus
658 3723 753 3763 rerum
766 3703 899 3780 adjuncta
907 3703 1015 3761 sinunt.

179 3805 555 3877 cumulandumque
578 3803 768 3880 grassantibus
792 3803 905 3860 obviam
928 3810 972 3858 est
994 3802 1137 3860 eundum:
1165 3824 1234 3877 qna·

140 3912 259 3980 propter
277 3903 428 3981 parochus,
443 3922 493 3960 seu
514 3903 585 3960 alius
606 3903 708 3974 quovis
729 3901 845 3958 nomine
865 3898 998 3956 sacerdos
1012 3901 1057 3957 cui
1078 3901 1236 3963 animarum

139 4003 296 4061 commissa
308 4011 352 4060 est
364 4020 440 4069 cura,
454 4001 537 4059 debet
549 4009 711 4076 peccatores
730 4006 888 4074 opportune
905 3996 1059 4072 corripere,
1073 4016 1191 4072 cosque,
1204 4004 1231 4061 si

176 4192 220 4255 (l)
239 4191 313 4255 Apud
323 4191 433 4241 Anteius
441 4190 523 4240 Trsct.
534 4189 565 4239 de
577 4188 774 4252 obligationibus,
785 4203 807 4237 c.
818 4187 835 4236 i.
847 4203 888 4251 qu.
900 4183 941 4236 vii.
952 4199 978 4234 n.
990 4187 1014 4234 4.

176 4272 219 4337 (2)
240 4271 309 4322 sess.
320 4271 386 4323 xriv.
397 4288 451 4338 cap.
461 4270 493 4322 ir.
504 4270 535 4321 de
546 4269 600 4320 Rei.
749 4269 792 4334 (3)
811 4265 850 4318 Ds
859 4266 889 4317 iis
899 4281 953 4331 qua
965 4263 992 4316 iu
1003 4265 1058 4317 Ssc.
1070 4267 1203 4323 sinim
