2766 4996
318 420 376 477 DE
397 419 663 505 rusticissimis
683 419 1055 480 OBLIGATIONIBUS.
1179 425 1237 479 ³93

136 581 317 648 criminibus,
331 598 395 652 quae
410 580 697 643 “halicacabon''
713 580 838 649 audiunt,
850 583 1003 640 advocatus
1018 605 1034 640 a
1045 583 1237 660 jndicedaba-

136 689 194 744 tur,
209 680 239 737 in
253 677 426 735 facinoribus
439 679 676 754 praecipuisque
690 678 921 753 scilicetpoenam
934 682 1033 737 mortis
1043 689 1195 746 merentur,
1209 690 1238 737 et

139 776 228 835 etiam
248 777 279 834 in
298 777 372 834 furto
391 796 490 852 parvo,
507 779 572 853 jure
592 777 714 852 Anglico
734 776 812 833 nulla
831 788 891 834 erat
909 777 1040 836 advocati
1059 779 1161 853 copin3
1183 777 1234 835 sed

137 874 250 949 legibus
264 875 369 933 nostris
382 876 415 932 fit
426 875 543 933 facultas
556 874 652 933 utendi
666 872 794 932 advocati
808 871 919 951 opera.¹
960 875 1054 934 Decet
1067 876 1235 934 advocatum

136 990 203 1030 carn
217 991 276 1031 non
289 972 439 1048 denegare,
449 975 605 1049 presertim
614 974 641 1029 ei
652 972 701 1046 qui
710 972 933 1049 videturinjuria
943 985 1108 1033 accusatus:
1125 981 1145 1010 ‘⁶
1155 975 1235 1034 Erue

137 1090 190 1130 eos
205 1072 255 1144 qui
269 1072 410 1129 ducuntur
423 1071 458 1129 ad
471 1083 609 1137 mortem;
630 1083 657 1128 et
676 1073 725 1144 qui
746 1072 894 1130 trahuntur
907 1072 941 1130 ad
956 1073 1100 1130 interitum
1114 1072 1238 1129 liberare

136 1188 196 1228 non
216 1163 361 1227 cesses.”²
401 1170 460 1228 Sed
479 1183 508 1227 et
526 1171 695 1228 atrocissimi
714 1170 845 1228 facinoris
865 1171 1014 1229 manifeste
1039 1189 1089 1230 reo
1114 1189 1172 1229 non
1196 1180 1239 1226 est

138 1267 315 1344 deneganda,
336 1286 425 1339 quum
450 1287 533 1344 poena
552 1271 669 1327 nonnisi
688 1278 755 1344 post
767 1268 909 1345 judicium
929 1270 1089 1345 legitimum
1103 1264 1141 1325 sit
1152 1270 1235 1325 sube-

138 1360 243 1429 unda.³

183 1468 250 1522 139.
273 1464 449 1540 Pauperibus
463 1465 594 1522 omnibus
605 1464 640 1521 ad
649 1466 699 1540 jus
713 1482 796 1521 suum
807 1466 988 1523 manifestum
1003 1463 1238 1542 prosequendum

140 1561 270 1620 advocati
282 1580 369 1638 opera
381 1562 481 1619 deesse
495 1581 553 1620 non
573 1560 665 1628 debet,
679 1563 835 1637 presertim
849 1582 937 1635 quum
963 1564 1086 1638 plurium
1106 1563 1239 1622 utilitates

139 1659 223 1717 facile
238 1670 343 1732 queant
354 1662 534 1735 promoveri:
557 1668 688 1716 caeterum
701 1679 759 1717 non
775 1670 884 1717 tenetur
898 1660 1050 1718 advocatus
1065 1659 1100 1717 ad
1117 1677 1235 1734 magnas

140 1758 303 1816 subeundas
327 1761 475 1835 impensas
499 1769 529 1816 ut
548 1758 603 1814 illis
624 1758 761 1816 consulat.
803 1759 915 1816 Eorum
930 1759 995 1833 jura
1015 1767 1091 1815 certa
1110 1758 1160 1829 qui
1180 1758 1238 1814 sibi

139 1867 287 1933 comparat
308 1877 394 1934 parva
413 1859 544 1934 pecunia,
561 1857 701 1934 justitiam
722 1857 807 1933 plane
826 1856 924 1922 violat,
938 1855 1014 1913 etad
1028 1855 1234 1913 restituendum

141 1964 261 2013 tenetur.

183 2057 250 2111 ltu.
272 2055 396 2112 Peccant
418 2053 545 2111 advocati
567 2055 616 2125 qui
637 2054 707 2112 tituli
726 2053 827 2111 vitium
841 2052 983 2111 discentes
998 2069 1036 2109 cx
1049 2052 1175 2109 muneris
1189 2052 1236 2108 sui

138 2153 287 2218 exercitio,
301 2171 335 2209 ea
356 2162 471 2210 utuntur
492 2152 600 2218 notitia,
620 2161 660 2217 ut,
675 2152 766 2208 aliena
788 2170 884 2226 opera,
900 2169 960 2208 rem
981 2151 1038 2209 sibi
1058 2159 1233 2226 comparent,

138 2250 307 2307 clientbarte
321 2248 441 2321 quadam
462 2261 491 2305 et
511 2248 577 2306 dolo
599 2259 733 2324 ereptam.
776 2250 901 2307 Peccant
919 2250 1005 2306 etiam
1020 2248 1069 2321 qui
1082 2248 1236 2305 clientibus

138 2346 211 2405 falsd
225 2345 344 2404 suadent
356 2348 468 2404 titulum
481 2365 545 2403 esse
559 2347 708 2416 vitiosum,
722 2348 838 2420 litisque
858 2348 969 2405 exitum
988 2348 1138 2411 incertum,
1158 2355 1190 2402 ut
1208 2345 1240 2401 in

138 2463 173 2502 se
182 2446 233 2521 jus
248 2444 430 2502 transferatur
441 2444 556 2503 modico
570 2445 671 2522 pretio.

258 2658 273 2730 §
288 2657 342 2714 Vl.
383 2657 431 2716 Dn
453 2677 707 2717 onirosmournns
720 2677 920 2718 orrrcmnrnu
933 2675 1117 2717 ronansrusr.

185 2842 253 2896 141.
276 2837 387 2895 Omnes
410 2838 546 2895 officiales
567 2838 696 2895 forenses
717 2846 846 2895 tenentur
865 2837 900 2895 ad
920 2837 1109 2895 sufficientem
1123 2854 1237 2911 compa·

138 2935 257 2994 randum
272 2935 399 2993 notitiam
412 2953 529 2993 suorum
546 2954 705 3001 munerum,
727 2946 759 2993 ut
771 2937 806 2993 iis
824 2937 874 2993 rite
888 2936 1050 3011 iungantur,
1065 2953 1102 2992 ne
1116 2952 1168 2991 sua
1181 2935 1234 2991 im·

140 3035 242 3110 peritia
255 3033 318 3092 aliis
332 3035 390 3091 sint
402 3032 582 3100 detrimento,
596 3053 663 3092 nam
683 3034 853 3110 “imperitia
873 3033 964 3110 culpas
987 3025 1237 3092 adnumeratur.'’⁴

183 3256 225 3321 (1)
246 3264 260 3286 ··
270 3255 326 3304 'I'hc
337 3255 384 3305 law
396 3255 528 3317 restricting
538 3256 580 3305 the
596 3256 633 3305 aid
658 3257 686 3305 of
700 3256 800 3305 counsel
820 3271 853 3305 on
871 3255 1026 3305 indictments
1043 3254 1092 3304 still
1103 3253 1204 3316 prcrasss
1215 3251 1242 3302 in

140 3336 264 3399 England.
299 3338 320 3387 lt
332 3337 376 3386 has
388 3340 508 3402 generally
521 3341 581 3388 baon
591 3339 698 3401 repcalcd
709 3340 736 3388 in
748 3339 789 3388 the
802 3339 834 3391 U.
846 3337 873 3390 S.
895 3339 942 3388 and
961 3355 988 3387 as
1009 3338 1029 3387 is
1040 3337 1145 3387 believed
1165 3337 1239 3386 much

143 3429 169 3469 to
181 3420 223 3470 the
235 3422 323 3472 bcncfit
332 3423 360 3471 ol
374 3423 416 3471 the
424 3422 583 3487 community,
592 3425 639 3473 and
651 3424 754 3474 without
766 3424 874 3473 theoriis
886 3424 1050 3487 apprehendcd
1062 3423 1088 3472 in
1101 3423 1244 3485 ungtde’

144 3504 238 3571 chiny,
250 3507 371 3556 adnotatio
384 3508 415 3555 ³3
428 3509 453 3557 in
472 3509 623 3567 Blackstonc,
635 3510 650 3558 1.
663 3509 693 3557 ir.
712 3525 737 3558 n.
749 3512 789 3557 34.
823 3517 838 3539 “
847 3510 875 3558 ln
895 3510 926 3558 all
946 3507 1053 3557 criminal
1071 3508 1242 3572 prosecutione,

141 3590 184 3641 tha
195 3592 295 3640 accuscd
306 3592 368 3640 shall
379 3594 452 3657 cnjoy
465 3592 506 3640 tho
517 3592 581 3654 right
592 3603 617 3642 to
629 3608 643 3639 a
661 3594 749 3656 spsedy
762 3593 809 3643 and
828 3593 910 3656 public
929 3593 989 3652 trial,
1009 3595 1056 3642 and
1077 3603 1103 3644 to
1123 3593 1184 3643 have
1201 3593 1243 3642 the

142 3674 273 3724 assistance
283 3675 312 3723 of
325 3676 424 3724 connscl
436 3675 521 3724 sorbis
532 3675 654 3729 desence.''
689 3679 742 3726 Art.
758 3677 789 3726 vi.
801 3679 980 3728 Amendmcnts
992 3685 1017 3728 to
1029 3679 1114 3728 Const.
1127 3678 1158 3728 U.
1172 3678 1199 3725 S.

179 3758 220 3824 (2)
240 3759 391 3823 Propxrir.
412 3764 449 3808 ll.

179 3842 221 3905 (at
241 3849 256 3872 ‘⁴
265 3840 312 3892 Lct
323 3843 364 3893 tha
381 3844 566 3894 circumstances
577 3846 674 3907 against
688 3863 702 3896 a
714 3847 823 3911 prisoner
835 3850 864 3897 bc
876 3863 933 3896 ever
944 3862 971 3894 so
984 3844 1112 3899 sobolom,
1124 3842 1143 3889 it
1161 3839 1182 3887 is
1193 3840 1242 3889 still

144 3925 185 3976 tha
196 3927 257 3989 duty
270 3927 299 3975 os
313 3927 354 3976 the
366 3928 481 3978 advocate
493 3938 518 3977 to
530 3946 570 3978 sss
582 3930 635 3979 that
646 3931 685 3979 bis
704 3932 779 3979 oliam
799 3930 820 3978 is
837 3928 963 3978 consisted
984 3926 1113 3984 soeording
1130 3932 1155 3972 to
1172 3921 1241 3970 those

142 4011 207 4060 sulas
219 4009 267 4059 and
279 4012 361 4070 forms,
373 4011 453 4061 which
464 4012 506 4061 tha
518 4014 619 4063 wisdom
632 4013 660 4063 os
674 4013 715 4062 tha
736 4013 873 4074 legislatore
886 4013 931 4060 has
939 4009 1084 4059 established
1096 4025 1124 4057 as
1135 4007 1176 4057 the
1188 4008 1241 4054 best

142 4093 318 4158 protectiones
330 4093 371 4143 tha
383 4094 467 4158 liberty
481 4094 528 4143 and
548 4094 589 4144 the
606 4095 710 4158 security
722 4095 751 4143 ol
764 4095 805 4144 tha
817 4092 933 4158 subjaot’'
959 4091 1047 4142 Chittii
1058 4090 1182 4140 adnotatio
1196 4091 1237 4135 23·

143 4177 170 4227 in
182 4176 377 4236 Bluehstonium,
389 4179 405 4227 l.
414 4178 446 4227 iv.
458 4195 483 4227 n.
496 4182 555 4228 367.

186 4265 230 4328 (4)
245 4264 303 4326 mg.
314 4265 330 4315 t.
342 4265 356 4312 ι.
369 4265 404 4315 nt
418 4265 477 4316 xvii.
488 4265 519 4315 ue
531 4265 632 4328 Regula
640 4265 711 4331 jura
723 4280 749 4318 n.
763 4267 819 4313 raa.
