2744 4980
196 412 253 466 146
497 403 553 464 DE
575 401 748 462 OCTAVO
769 399 1022 462 PRAECEPTO.

197 574 457 653 propugnantibus,
472 568 729 628 contradicentibus
750 568 821 625 aliis.
865 566 910 624 De
923 582 977 627 ur
991 569 1205 627 restrictiouum
1217 588 1298 628 men·

197 675 295 732 talium
310 691 345 730 ea
358 673 509 729 occasione
523 671 608 726 etiam
623 667 806 742 disputatum.

243 777 311 828 183.
335 770 432 827 Voces
446 788 497 826 seu
512 767 659 825 sententiae
680 766 832 837 aequivocte
854 782 894 821 ere
914 775 981 823 sunt
1001 782 1063 836 qure
1086 762 1183 842 plures
1197 765 1299 824 admit-

200 881 265 927 tunt
283 869 471 944 significams.
514 868 564 922 Sic
583 883 641 922 vox
655 863 766 929 Latina,
787 863 963 940 heneficium
986 864 1127 940 significat
1140 863 1298 944 savorem,

192 968 339 1048 seudum,
354 976 382 1022 et
396 963 610 1022 ecclesiasticos
624 969 811 1038 proveatur:
832 981 889 1020 vox
904 962 1079 1039 provisions
1099 963 1174 1039 apud
1188 965 1299 1041 Anglos

205 1074 395 1130 commeatus,
409 1081 460 1120 seu
475 1064 564 1128 cibos,
579 1062 747 1136 plemmque
760 1061 920 1137 significan
941 1061 1033 1118 sedin
1048 1063 1111 1138 lege
1132 1063 1203 1121 olim
1217 1082 1299 1120 usur·

205 1175 271 1239 pata
280 1174 324 1220 est
334 1163 369 1220 de
377 1163 522 1218 beneficiis
533 1162 561 1218 in
573 1161 650 1217 curia
659 1160 788 1218 Romana
798 1161 963 1235 impetratis.
992 1161 1170 1236 Exemplum
1181 1180 1299 1237 respon·

207 1264 298 1320 sionis
313 1262 451 1336 ambigua
465 1262 496 1317 iu
508 1262 565 1317 vita
579 1260 610 1316 S.
620 1259 768 1316 Athanasii
779 1259 910 1325 occurrit,
925 1277 1014 1331 quum
1024 1261 1101 1318 euim
1115 1261 1299 1333 insequentes

206 1361 332 1436 effugere
354 1359 516 1435 desperaret
534 1360 599 1416 navi
618 1376 764 1426 conversa,
779 1376 879 1415 versus
899 1358 1099 1415 Alexandriam
1122 1359 1249 1426 tetendit,
1270 1371 1298 1417 et

99 1452 109 1473 ⁴
207 1461 393 1534 interrogatus
407 1476 493 1530 quam
513 1458 613 1533 procul
626 1458 800 1515 Athanasius
820 1458 941 1523 abesset,
963 1456 1108 1532 respondit
1127 1477 1194 1515 eum
1209 1478 1300 1534 prope

207 1553 296 1615 esse.¹
337 1556 522 1634 Prophetom
544 1576 577 1614 se
595 1574 659 1613 esse
681 1557 795 1630 negavit
814 1555 953 1621 loannes,
976 1575 1075 1613 vocem
1098 1555 1133 1613 de
1154 1570 1217 1614 vate
1238 1560 1298 1629 qui,

208 1668 334 1713 vetemm
358 1675 448 1723 more,
468 1656 526 1713 sata
547 1656 730 1730 imperiomm
751 1665 873 1720 caneret,
887 1664 916 1711 et
938 1672 1037 1711 arcana
1055 1655 1151 1723 spculi
1175 1658 1297 1722 venturi,

209 1757 372 1828 accipiens:
395 1774 461 1812 eum
484 1765 578 1812 tamen
596 1753 773 1831 prophetam
796 1771 859 1810 esse
885 1751 1034 1810 affirmavit
1060 1751 1204 1819 Christus,
1232 1757 1300 1826 quia

156 1920 173 1945 ἢ
210 1871 308 1910 revera
321 1855 385 1930 ejus
399 1854 595 1928 praenuntiavit
607 1853 768 1910 adveutum.

232 1957 318 2009 ²184.
338 1951 503 2010 Rertrictio
511 1970 590 2029 pure
608 1950 749 2010 medalio
763 1953 918 2008 estmentis
931 1951 1041 2008 occulta
1054 1952 1182 2010 definitio
1196 1971 1299 2010 vocum

210 2069 273 2120 quae
287 2049 391 2107 salsum
412 2053 569 2118 enuntiant,
583 2070 638 2123 qua
661 2050 695 2106 ad
718 2067 816 2107 verum
837 2068 953 2109 sensum
974 2049 1201 2118 determinantur,
1226 2053 1299 2121 quin

209 2146 350 2206 ullatenus
364 2150 484 2225 intelligi
498 2151 588 2225 possit
600 2150 634 2205 ab
648 2147 835 2205 audientibus.
877 2149 926 2206 Sic
946 2149 995 2220 qui
1010 2162 1040 2206 ut
1052 2168 1083 2206 se
1096 2149 1162 2207 surti
1176 2152 1299 2208 crimine

210 2257 322 2324 purget,
333 2249 451 2324 juratae
464 2247 539 2304 haud
550 2247 670 2305 iuratum
679 2265 743 2304 esse
754 2247 839 2304 ullam
850 2248 1011 2325 pecuniam,
1026 2248 1184 2325 intelligens
1198 2269 1299 2307 aurum

209 2346 255 2402 vel
282 2355 440 2422 argentum,
461 2365 549 2417 quum
576 2346 611 2402 de
637 2345 833 2422 chirographis
859 2356 964 2422 agatur,
986 2364 1101 2404 sensum
1122 2349 1240 2406 vocibus
1261 2350 1301 2406 as·

208 2445 299 2518 fingit,
320 2463 406 2516 quem
427 2463 512 2502 nemo
532 2453 625 2520 potest
643 2445 792 2520 suspicari.
836 2444 913 2503 Late
931 2444 1072 2502 meritolio
1098 2445 1248 2505 restrictio
1268 2466 1301 2504 ea

208 2552 252 2598 est
265 2560 321 2613 qua
335 2545 400 2614 quis
415 2544 531 2601 vocibus
551 2561 667 2600 sensum
689 2543 814 2601 adnectit
832 2563 917 2614 quem
937 2543 1012 2601 haud
1033 2545 1227 2618 praesescrunt,
1248 2547 1297 2618 qui

209 2651 303 2697 tamen
318 2660 353 2697 ex
368 2642 507 2718 adjunctis
521 2643 613 2717 possit
624 2642 729 2718 colligi.
772 2641 897 2716 Legatos
917 2642 952 2699 de
971 2643 1055 2699 rebus
1069 2643 1200 2718 plurimis
1216 2647 1300 2702 inter·

208 2750 335 2816 rogatus,
350 2760 380 2797 se
395 2742 434 2798 nil
454 2741 526 2798 scire
540 2740 703 2815 respondet,
725 2741 791 2811 quia
803 2741 844 2797 nil
857 2741 1124 2798 communicandum
1138 2762 1155 2799 a
1168 2745 1299 2819 principe

209 2858 261 2896 suo
277 2835 411 2914 accepit²
452 2839 612 2896 Advocatus
627 2823 758 2896 derebus
772 2840 826 2896 sihi
841 2860 857 2896 a
869 2839 970 2896 cliente
983 2842 1200 2898 communicatis
1214 2842 1254 2899 nil
1268 2860 1299 2898 se

207 2939 279 2994 scire
294 2939 399 3008 absque
420 2937 569 2995 mandacio
588 2938 743 3014 profitetur,
764 2940 829 3010 quia
849 2957 981 2996 arcanum
1001 2941 1100 3011 nequit
1116 2940 1232 3006 violare,
1247 2959 1298 2997 nec

209 3046 341 3092 censetur
355 3038 462 3093 ratione
476 3038 601 3093 muneris
615 3038 659 3093 sui
672 3037 761 3109 loqui.

251 3138 318 3190 185.
348 3134 502 3195 Damnavit
523 3135 708 3193 innocentius
730 3135 785 3193 xl.
810 3137 1018 3212 propositiones
1041 3147 1210 3207 sequentes:
1233 3138 1298 3195 “Si

206 3235 270 3306 quis
284 3234 329 3291 vel
343 3234 431 3302 solue,
445 3235 490 3291 vel
504 3253 597 3293 coram
614 3234 686 3301 aliis,
701 3237 761 3292 sive
775 3237 971 3311 interrogatus,
986 3237 1046 3292 sive
1060 3238 1174 3310 propria
1186 3247 1299 3311 sponte,

209 3332 270 3389 si've
283 3335 466 3392 recreationis
480 3353 574 3400 causa,
588 3335 648 3391 sive
663 3352 842 3406 quocumque
857 3334 912 3391 alio
926 3334 982 3390 fine
992 3334 1068 3409 juret
1080 3352 1111 3390 se
1125 3353 1183 3393 non
1197 3335 1299 3392 secisse

209 3432 326 3502 aliquid,
342 3433 418 3504 quod
432 3451 529 3491 revera
542 3434 619 3498 lecit,
631 3431 814 3509 intelligendo
824 3435 896 3491 intra
909 3419 1055 3503 se'aliquid
1068 3432 1144 3490 aliud
1157 3432 1302 3505 quodnon

207 3527 283 3595 fecit,
299 3530 344 3586 vel
359 3530 441 3587 aliam
463 3533 536 3588 viam
557 3533 591 3586 ab
610 3549 644 3587 ea
664 3533 694 3588 iu
715 3550 771 3604 qua
790 3532 866 3598 lecit,
881 3531 926 3588 vel
946 3529 1065 3603 quodvis
1085 3531 1161 3588 aliud
1174 3530 1299 3589 addimm

208 3642 317 3693 vemm,
345 3644 443 3684 revera
469 3648 526 3686 non
552 3629 696 3696 mentitur,
722 3648 776 3686 nec
798 3640 842 3687 est
865 3629 1029 3705 perjums.”
1073 3629 1202 3689 “Causa
1223 3633 1301 3706 justa

206 3724 305 3781 utendi
319 3725 363 3781 his
378 3725 596 3802 amphibologiis
609 3736 662 3793 est,
683 3729 794 3798 quoties
814 3727 842 3784 id
862 3730 1053 3786 necessarium
1068 3741 1115 3785 aut
1127 3731 1195 3788 utile
1209 3741 1254 3786 est
1265 3729 1301 3787 ad

209 3822 329 3880 salutem
343 3825 481 3900 corporis,
495 3825 643 3891 honorem,
657 3843 703 3882 res
723 3825 873 3883 familiares
894 3825 1021 3894 tuendas,
1036 3827 1079 3884 vel
1097 3827 1131 3884 ad
1146 3829 1302 3901 quemlibet

209 3921 297 3980 alium
311 3924 420 3980 virtutis
435 3933 537 3990 actum,
552 3925 589 3981 ita
608 3920 639 3981 rit
653 3925 776 3981 veritatis
794 3926 944 3983 occultatio
964 3937 1112 3983 censeatur
1133 3937 1199 3985 tunc
1212 3946 1300 4004 expe·

240 4113 283 4175 (1)
304 4112 448 4162 Theodoret
462 4114 526 4164 llist.
536 4114 602 4165 Eccl.
610 4115 625 4164 1.
635 4115 667 4164 iii.
679 4131 701 4165 c.
712 4132 735 4165 v.

239 4196 281 4260 (2)
303 4197 451 4248 “Ministers
468 4201 560 4263 always
575 4209 616 4253 aas
632 4201 709 4251 under
726 4201 884 4252 instructions
901 4201 982 4252 which
1004 4217 1045 4252 arc
1062 4202 1228 4260 confidential,
1250 4204 1300 4254 aad

204 4279 287 4330 which
304 4281 322 4330 it
335 4282 356 4330 is
368 4282 485 4332 admitted
500 4283 558 4347 they
570 4299 610 4334 ars
622 4292 666 4336 unt
676 4286 759 4336 bound
770 4294 795 4336 to
804 4285 928 4336 disclusa.'’
951 4286 1026 4345 Kent,
1037 4288 1084 4337 vol.
1096 4288 1111 4337 i.
1123 4303 1147 4340 u.
1159 4289 1199 4338 41.
