2744 4980
577 1083 719 1145 CAPUT
740 1085 780 1144 11.

502 1316 548 1358 DE
576 1318 676 1358 tuot:
705 1317 861 1358 vu'rttut.

172 1499 219 1552 19.
240 1496 379 1561 Quantus
392 1494 457 1552 Lex
470 1494 586 1554 Naturae
608 1496 729 1555 dicenda
748 1497 842 1573 potius
863 1496 900 1553 sit
918 1495 975 1554 Dei
994 1496 1052 1563 lex,
1076 1513 1165 1568 quum
1188 1496 1224 1552 sit

124 1595 188 1670 ipse
214 1606 318 1652 naturae
341 1604 446 1661 auctor,
469 1613 606 1668 suamque
627 1596 798 1654 voluntatem
817 1596 933 1652 rationis
959 1596 1036 1654 dono
1061 1593 1221 1672 patefaciat.

125 1695 246 1750 obtinuit
259 1703 353 1751 tamen
365 1711 439 1759 mos,
453 1704 484 1751 ut
503 1693 609 1752 diuina
622 1693 671 1753 lea
683 1695 840 1772 proesertim
860 1693 967 1751 dicatur
986 1713 1048 1766 quae
1069 1693 1166 1750 aDeo
1181 1709 1223 1748 re-

125 1790 217 1848 velata
230 1803 275 1848 est
286 1793 456 1861 homiuibus,
471 1811 591 1866 quaeque
613 1794 693 1868 plura
711 1793 771 1870 juri
791 1792 908 1848 naturali
929 1792 1056 1869 adjungit
1068 1799 1223 1867 praecepta,

125 1891 171 1946 vel
186 1891 399 1965 prohibitiones.
439 1891 509 1950 Adra
523 1893 659 1968 praecepit
677 1892 758 1949 Dens
770 1910 807 1949 ne
828 1908 865 1947 ex
886 1890 1008 1962 quodam
1022 1890 1114 1947 fructu
1128 1906 1224 1946 come-

125 1987 222 2044 deret:
245 1989 312 2045 Noe
325 1990 408 2047 etiam
421 1991 501 2066 plura
520 2000 660 2067 precepta
680 1989 806 2048 tradidit:
828 1989 947 2046 Abrahae
961 1990 1057 2064 legem
1076 1987 1225 2045 circumci-

126 2088 215 2143 sionis
229 2088 383 2163 imposuit:
404 2090 456 2147 sed
469 2088 536 2147 Lex
556 2086 644 2146 Vetas
653 2089 787 2165 accipitur
799 2106 851 2165 pro
863 2088 973 2164 integro
982 2087 1031 2145 illo
1045 2087 1225 2144 sanctionum

126 2185 233 2251 codice,
247 2186 350 2257 quibus
364 2186 455 2255 Deus,
478 2207 529 2265 per
543 2187 681 2263 Moysen,
695 2186 833 2261 populum
853 2185 1039 2242 israeliticum
1058 2184 1224 2240 obstrinxit.

127 2282 201 2340 Eam
215 2285 373 2359 rejecerunt
385 2286 487 2344 Simon
502 2288 606 2361 Magus
627 2296 656 2343 et
676 2284 863 2349 Marcionita,
879 2283 1033 2340 Manichaei
1056 2292 1084 2339 et
1106 2280 1225 2338 Priscil-

127 2380 253 2445 liauistae,
274 2394 434 2440 asserentes
454 2384 510 2440 duo
531 2401 594 2440 esse
608 2384 756 2458 principia,
779 2381 896 2437 alterum
917 2381 1033 2447 malum,
1056 2400 1072 2436 a
1094 2398 1151 2452 quo
1174 2379 1222 2436 lex

125 2489 207 2534 vetus
221 2491 263 2535 est
273 2479 409 2555 prosecta,
418 2481 535 2540 alterum
549 2482 664 2549 bonum,
673 2481 720 2539 cui
734 2478 891 2554 Evangelia
904 2479 1069 2536 tribuebant.
1113 2479 1225 2535 Eorum

127 2595 249 2635 errorem
262 2579 382 2636 confixit
394 2580 544 2638 concilium
558 2579 730 2637 Toletanum
743 2578 773 2635 I:
797 2578 861 2634 “Si
875 2579 938 2650 quis
952 2576 1056 2634 dixerit
1067 2577 1114 2634 vel
1135 2574 1227 2633 credi·

126 2674 199 2732 derit
212 2677 331 2735 alterum
346 2678 441 2736 Deum
454 2696 517 2736 esse
532 2687 674 2736 auctorem
688 2678 787 2754 priscae
809 2676 892 2750 legis,
907 2676 1025 2733 alterum
1049 2673 1224 2748 Evangelio·

128 2793 205 2853 rum;
236 2775 387 2834 anathema
412 2770 495 2835 sit.''¹
537 2776 669 2835 Christus
689 2785 783 2834 autem
806 2784 901 2849 aperte
922 2772 1074 2831 declaravit
1095 2770 1224 2847 decalogi

127 2885 268 2950 pracepta
281 2874 378 2933 Deum
390 2876 493 2934 habere
507 2887 659 2943 auctorem,
674 2893 762 2948 quum
782 2873 896 2930 Scribas
909 2880 937 2927 et
950 2871 1113 2928 Pharisaeos
1127 2888 1226 2946 argue·

127 2983 185 3028 ret:
229 2975 355 3040 “Quare
381 2975 606 3052 transgredimini
632 2973 793 3032 mandatum
819 2971 876 3030 Dei
903 2981 1017 3047 propter
1043 2969 1223 3028 traditionem

132 3074 275 3130 vestram?
296 3093 363 3132 nam
388 3072 468 3134 Deus
489 3075 577 3132 dixit:
600 3074 708 3133 honora
729 3083 837 3148 patrem
859 3083 887 3128 et
906 3065 1075 3128 matrem.”²
1116 3068 1225 3124 Totam

129 3171 212 3227 etiam
224 3170 319 3248 legem
333 3173 475 3248 probavit:
499 3173 628 3230 “Nolite
642 3181 750 3248 putare,
765 3171 899 3243 quoniam
913 3169 978 3226 veni
991 3168 1102 3225 solvere
1118 3167 1224 3239 legem,

131 3278 176 3324 aut
189 3270 359 3346 prophetas:
381 3292 440 3340 non
452 3273 517 3329 veni
530 3272 651 3337 solvere,
660 3269 712 3326 sed
725 3268 888 3342 adimplere.
930 3266 1024 3323 Amen
1034 3265 1142 3338 quippe
1158 3262 1223 3318 dico

130 3368 219 3434 vobis,
233 3369 325 3427 donec
339 3381 460 3430 transeat
472 3371 587 3436 coelum,
601 3377 630 3426 et
643 3378 725 3434 terra,
739 3367 795 3423 iota
807 3384 907 3430 unum,
922 3373 969 3421 aut
981 3381 1055 3421 unus
1075 3381 1150 3438 apex
1164 3377 1229 3421 non

134 3469 284 3540 praeteribit
296 3489 313 3525 a
325 3470 398 3546 lege,
412 3471 502 3530 donec
512 3471 609 3529 omnia
620 3459 736 3525 fiant.'’³
777 3461 1104 3540 ConsonatApostolus:
1127 3470 1146 3497 ‘⁶
1159 3459 1225 3518 Lex

132 3564 248 3636 quidem
261 3579 368 3637 sancta,
382 3581 411 3627 et
422 3568 732 3632 mandatumsanctum,
741 3574 769 3622 et
777 3564 898 3640 justum,
909 3557 1098 3620 etbonum.”⁴
1133 3559 1224 3617 “Lex

131 3676 223 3721 autem
236 3668 410 3734 subintravit,
424 3678 455 3725 ut
477 3665 631 3725 abundaret
643 3665 777 3724 delictum
789 3656 836 3731 ;”⁵
855 3682 891 3721 eo
912 3662 1020 3720 scilicet
1040 3678 1126 3717 sensu
1147 3656 1226 3730 quod

130 3781 166 3818 ex
179 3763 251 3839 legis
261 3767 411 3824 occasione
420 3766 522 3826 delicta
531 3766 666 3833 ortasint,
678 3782 767 3836 quum
777 3761 919 3829 homines,
927 3763 986 3820 suis
993 3760 1229 3833 obtemperantes

132 3861 340 3936 cupiditatibus,
355 3868 536 3924 excusatione
545 3867 607 3943 jam
620 3873 755 3929 carerent,
768 3861 832 3938 lege
841 3860 1017 3938 promulgata
1027 3869 1055 3913 et
1064 3855 1226 3930 explicata:

134 3967 230 4019 “nam
244 3965 426 4039 peccatum,”
448 3965 540 4039 inquit
560 3963 726 4042 Apostolus,
748 3962 930 4020 “occasione
944 3965 1060 4032 accepta
1081 3972 1134 4033 per
1147 3971 1228 4011 man·

170 4149 212 4213 (l)
233 4149 262 4199 ln
275 4153 388 4201 Consors.
400 4152 463 4201 tidei.
500 4151 563 4201 Vide
575 4158 599 4201 ct
614 4149 693 4199 Cone.
704 4147 773 4196 Trid.
782 4146 841 4195 Seno
852 4146 884 4195 iv.

172 4237 212 4297 (2)
234 4234 392 4288 Matt.xv.3.
827 4234 868 4298 (8)
885 4230 955 4280 Mate
970 4247 992 4278 v.
1007 4234 1045 4280 17.

174 4320 216 4383 (ll
238 4319 309 4370 Rom.
322 4321 363 4370 vii.
375 4325 413 4371 12.
827 4320 869 4384 (5)
890 4317 961 4367 Rom.
975 4331 998 4366 v.
1010 4315 1050 4364 20.
