2744 4980
580 1204 721 1265 CAPUT
742 1205 810 1265 VII.

511 1420 558 1459 DE
589 1419 874 1461 rntvtnltuus.

184 1604 233 1660 62.
255 1601 462 1661 Pnrvmorurr
476 1597 510 1654 ab
524 1598 692 1657 Innocentio
705 1598 760 1658 111.
775 1597 909 1656 definitor
922 1595 1000 1654 “lex
1013 1597 1121 1672 privata
1134 1596 1240 1669 aliquid

144 1701 304 1778 specialiter
323 1695 507 1774 indulgens.'’
549 1695 597 1755 Eo
617 1705 710 1754 autem
729 1697 846 1755 nomine
866 1696 1022 1771 presertim
1042 1694 1238 1772 intelliguntur

143 1799 292 1866 beneficia,
307 1808 335 1855 et
348 1795 540 1855 immunitates
553 1793 684 1871 singulis,
697 1795 743 1852 vel
756 1795 873 1852 coetibus
887 1793 1067 1866 quibusdam,
1081 1812 1236 1852 concesse.

144 1896 194 1957 Sic
214 1895 396 1974 privilegium
409 1903 453 1951 est
472 1892 645 1951 clericorum
657 1902 689 1950 ut
710 1892 864 1950 habeantur
885 1891 1022 1960 inviolati,
1045 1889 1117 1949 adeo
1139 1902 1171 1949 ut
1189 1911 1238 1951 coe

142 1993 496 2072 percutiensanathemate
508 1992 666 2050 irretiatur:
689 2001 718 2048 et
729 2002 761 2049 ut
773 1991 831 2048 sint
849 1992 992 2049 immunes
1012 1989 1074 2048 loro
1088 1990 1176 2057 civili,
1190 1991 1237 2048 ubi

141 2095 238 2170 vigent
250 2111 384 2158 canones,
399 2093 449 2164 qui
463 2098 557 2149 tamen
567 2089 616 2148 vix
631 2089 734 2148 alicubi
747 2090 805 2147 vim
819 2088 934 2166 plenam
943 2091 1004 2166 jam
1018 2089 1156 2147 obtinent.

182 2194 232 2250 63.
253 2190 440 2267 Privilegium
454 2186 531 2247 reule
544 2186 656 2256 dicitur,
669 2187 783 2261 quando
796 2189 838 2246 rei
850 2189 895 2246 vel
913 2187 1008 2246 officio
1022 2185 1188 2253 adnectitur,
1209 2198 1238 2245 et

141 2289 260 2364 proinde
273 2287 309 2347 ad
321 2308 371 2347 cos
385 2288 508 2360 quirem
521 2287 567 2344 vel
586 2285 713 2344 officium
732 2296 921 2360 assequuntur
933 2286 1040 2344 transit.
1084 2286 1135 2344 Sic
1149 2287 1235 2362 privi-

141 2387 248 2464 legium
261 2397 305 2445 est
317 2387 391 2444 reale
401 2388 582 2464 episcopatus
593 2384 809 2454 Neo-Aurelioe,
817 2384 894 2457 quod
907 2384 969 2441 sedi
977 2385 1166 2462 Apostolicae,
1178 2403 1237 2444 non

141 2496 235 2542 autem
254 2485 471 2561 archiepiscopo
493 2482 704 2551 Bultimorensi,
725 2483 896 2560 subjiciatur.
937 2480 1234 2550 perennabuntur,

140 2584 166 2640 si
184 2601 314 2660 persone
327 2581 440 2641 cuidam
454 2582 490 2639 ob
504 2597 556 2636 suo
575 2583 684 2648 merita,
699 2581 744 2639 vel
764 2580 856 2649 dotes,
877 2580 1034 2640 similemve
1054 2581 1138 2639 aliam
1151 2583 1236 2640 ratio·

140 2699 205 2741 nem
221 2699 390 2741 concessum
404 2681 497 2747 suerit,
518 2681 557 2737 ita
576 2689 608 2737 ut
629 2679 664 2737 ad
683 2679 833 2738 aliusnon
854 2690 993 2739 transeatz
1016 2676 1235 2757 “Privilegium

139 2782 288 2856 personale
308 2797 459 2857 personam
478 2778 616 2852 sequitur,
640 2792 669 2837 et
690 2780 863 2854 extinguitur
882 2798 948 2838 cum
971 2773 1141 2856 persona.”¹
1184 2779 1234 2836 Sic

139 2898 354 2952 nonnumquam
368 2876 504 2936 sacerdoti
518 2875 642 2952 simplici
655 2877 819 2936 conceditur
833 2877 867 2935 ab
877 2878 1042 2954 Apostolica
1055 2877 1131 2934 Sede
1146 2877 1234 2936 sacul-

138 2985 179 3034 tss
202 2976 378 3036 ministrandi
401 2975 656 3034 confirmationem.
703 2975 881 3034 Gratiarum
903 2976 1021 3035 habetur
1039 2975 1232 3054 privilegium,

137 3075 214 3147 quod
231 3094 268 3133 ex
287 3092 365 3131 mera
383 3074 556 3151 benignitate
575 3073 759 3132 concedentis
781 3075 861 3133 datur
881 3073 1010 3152 gratuitb,
1031 3074 1109 3132 nullo
1129 3076 1233 3134 merito

138 3175 280 3251 exigente,
294 3173 429 3246 nulloque
443 3173 578 3250 imposito
597 3191 693 3231 onere.
736 3182 756 3209 ‘⁴
768 3174 801 3231 Si
813 3174 994 3251 privilegium
1015 3183 1059 3231 est
1078 3191 1154 3231 mere
1169 3193 1232 3250 gra·

137 3272 248 3339 tultum,
261 3273 387 3330 revocari
400 3281 493 3348 potest
505 3270 598 3329 valide
617 3274 703 3331 suam
723 3273 784 3330 sine
801 3274 879 3350 justa
898 3290 1001 3331 causa:
1024 3274 1155 3344 quamvis
1175 3271 1231 3330 hoc

136 3387 195 3429 non
208 3382 359 3429 excusatur
379 3370 479 3430 saltem
499 3390 516 3428 a
538 3369 624 3446 culpa
643 3372 755 3439 veniali,
770 3373 795 3430 si
817 3371 981 3431 scandalum
1002 3364 1123 3430 absit.”²
1165 3380 1184 3406 “
1196 3370 1230 3429 Si

135 3487 203 3527 vero
216 3487 282 3527 cunr
296 3469 446 3547 privilegio
460 3469 625 3529 translatum
642 3471 742 3528 fuisset
753 3469 912 3529 dominium
934 3470 1052 3547 alicujus
1073 3471 1114 3526 rei
1129 3470 1158 3527 in
1173 3471 1230 3546 pri·

136 3568 308 3644 vilegiaturu,
323 3567 393 3626 illud
406 3569 534 3626 revocari
545 3570 647 3641 nequit
660 3587 713 3627 nec
721 3568 797 3627 licite
811 3569 977 3636 neuroide,
992 3569 1047 3628 nisi
1061 3569 1098 3627 ob
1111 3587 1228 3627 causam

135 3666 363 3744 urgentissimam
377 3666 445 3724 boni
458 3668 628 3734 communis,
643 3667 687 3724 vel
699 3669 793 3744 gravis
810 3667 915 3735 delicti,
930 3668 976 3729 vol
988 3668 1025 3726 ob
1037 3667 1099 3726 illas
1113 3686 1226 3734 causas,

134 3767 171 3825 ob
184 3784 255 3840 quas
268 3765 394 3824 revocari
406 3774 499 3842 potest
511 3765 644 3838 quelibet
655 3764 803 3825 donatio.’'
846 3766 936 3824 “Sed
949 3768 973 3824 si
988 3766 1171 3843 privilegium
1184 3777 1230 3824 est

133 3865 417 3932 remuneratorium,
431 3863 477 3923 vel
489 3865 527 3922 ob
536 3864 687 3941 justitium,
702 3865 747 3923 vel
767 3866 804 3922 ob
823 3866 1034 3943 gratitudinem,
1056 3883 1227 3941 comperte·

133 3966 253 4037 quiritur
261 3966 339 4042 justa
351 3982 444 4032 causa,
458 3972 490 4021 ut
501 3961 592 4020 valide
605 3973 761 4022 revocetur.
783 3963 857 4023 Etsi
870 3966 988 4042 insuper
1000 3975 1044 4022 est
1053 3981 1226 4031 onerosum,

132 4073 163 4121 ut
181 4066 307 4141 exempli
321 4047 406 4124 causa
425 4080 593 4122 concessum
613 4063 649 4122 ob
668 4065 790 4141 pretium
811 4074 968 4141 acceptum,
983 4064 1029 4123 vel
1051 4064 1088 4121 ob
1109 4062 1225 4137 aliquod

165 4269 205 4336 (l)
224 4269 285 4334 ng.
297 4269 337 4320 vii.
345 4268 359 4319 J
363 4267 412 4319 uris
420 4269 446 4320 iu
460 4272 483 4318 6·
686 4270 728 4337 (2)
747 4269 774 4320 fl.
784 4269 857 4336 Alplt.
869 4270 885 4320 l.
895 4271 912 4319 i.
922 4285 977 4334 epp.
992 4273 1017 4319 2.
1028 4269 1059 4318 dc
1071 4269 1131 4333 priv.
1146 4284 1186 4319 xv.
