2744 4980
417 383 475 444 DE
495 383 657 446 TERTIO
677 385 930 447 PRAECEP'I'O.
1183 393 1222 447 93

161 550 214 605 70.
236 546 320 605 Finis
334 547 370 605 ob
390 566 476 620 quem
488 565 575 625 opera
587 560 763 618 exercentur,
777 568 875 608 eorum
889 558 1016 606 naturam
1029 567 1087 606 non
1100 546 1220 608 mutat:¹

123 645 248 716 ideoque
262 644 361 703 fabrile
374 664 446 721 opus
460 647 553 705 tacere
566 649 748 706 recreationis
761 649 828 706 licet
846 664 942 714 causa,
956 665 1029 723 opus
1042 648 1146 704 servile
1159 657 1219 705 est:

123 742 290 800 concionari
316 753 410 801 antem
435 743 471 802 de
490 747 627 812 scientiis,
650 747 734 802 etiam
765 748 801 804 ob
822 745 944 812 lucrum,
967 754 1012 802 est
1033 763 1106 821 opus
1134 746 1224 804 libero

123 841 235 899 homini
249 842 434 900 conveniens.
476 842 571 901 Labor
589 845 674 900 etiam
697 853 726 901 et
745 843 909 918 defatigatio
931 845 1033 920 major,
1055 843 1101 900 vel
1121 845 1224 911 minor,

123 940 219 1014 operis
233 947 361 997 namram
374 959 432 998 non
447 938 624 1008 determinat,
638 943 769 1014 quamvis
782 960 840 1014 quo
848 942 941 1017 major
950 950 995 998 est
1006 941 1095 1008 labor,
1109 960 1145 1000 eo
1158 942 1225 1001 saci·

126 1037 185 1094 lius
199 1039 293 1112 gravis
306 1038 397 1114 cnlpae
410 1041 528 1098 materia
540 1040 686 1098 habeatur.

164 1138 214 1193 71.
236 1134 295 1193 Iter
313 1136 405 1193 facere
427 1137 558 1214 pedibus,
581 1157 666 1211 equo,
684 1138 734 1203 ¹vel
755 1156 848 1205 curru,
872 1156 946 1214 opus
967 1147 1084 1195 nonest
1102 1139 1225 1204 servile;

128 1244 300 1309 quapropter
312 1235 416 1310 anrigae
430 1236 535 1308 aliique
549 1256 566 1292 a
578 1237 681 1295 violato
696 1248 837 1313 praecepto
852 1237 995 1294 immunes
1008 1235 1134 1293 habendi
1148 1245 1223 1303 sunt,

128 1333 257 1404 quamvis
270 1349 358 1388 onera
368 1332 500 1402 levando,
514 1344 562 1391 aut
582 1334 767 1411 imponendo,
782 1353 953 1407 currumque
973 1333 1096 1409 agendo,
1117 1334 1224 1391 laboris

129 1429 281 1504 plurimum
295 1431 460 1489 sustineant
503 1432 646 1492 Ceterum
660 1451 734 1511 opus
747 1432 849 1490 servile
863 1432 990 1508 pluribus
1004 1431 1118 1488 videtur
1130 1432 1225 1507 plaus-

133 1529 178 1584 tris
192 1527 296 1585 vehere
309 1546 415 1596 onera3
436 1540 607 1589 excusantur
619 1541 713 1590 autem
726 1541 802 1588 certe
816 1531 865 1602 qui
879 1531 985 1602 absque
999 1548 1104 1605 magno
1117 1532 1225 1587 incom-

131 1625 213 1684 modo
239 1636 269 1683 et
294 1617 398 1684 damno
423 1638 568 1701 nequeunt
586 1630 639 1687 iter
653 1632 714 1706 jam
741 1631 886 1704 inceptum
909 1629 1123 1703 interrumpere.
1167 1627 1226 1684 Sed

132 1722 262 1781 laudandi
275 1743 334 1781 non
346 1736 413 1782 sunt
425 1729 474 1798 qui
494 1745 611 1802 vespere
625 1728 732 1785 sabbati
751 1729 803 1783 iter
824 1725 959 1783 inchoant
976 1734 1007 1783 ut
1020 1725 1091 1783 illud
1104 1724 1151 1783 die
1165 1725 1226 1783 Do·

131 1824 236 1880 minica
267 1835 482 1900 prosequantur.
533 1826 673 1883 Nonnulli
701 1835 795 1882 tanen
820 1821 995 1880 contendunt
1019 1824 1056 1879 ob
1082 1822 1226 1897 publicam

134 1920 291 1988 utilitatem,
305 1919 475 1997 suffragante
497 1925 582 1981 etiam
605 1922 818 1988 consuetudine,
831 1922 918 1978 licere
939 1922 991 1977 iter
1012 1919 1058 1977 die
1072 1920 1227 1978 Dominica

102 2065 104 2071 .
131 2019 273 2077 inchoare.
314 2019 360 2078 De
374 2020 494 2094 publicis
508 2021 647 2080 vehiculis
660 2022 766 2079 litteras
780 2020 972 2077 deserentibus
986 2019 1096 2090 aliaque
1105 2019 1225 2077 maximi

131 2119 267 2176 momenti
292 2117 328 2174 ad
352 2121 558 2194 rempublicam
583 2121 717 2192 civesque
739 2119 918 2195 pertinentia,
946 2117 975 2174 id
1002 2127 1082 2174 extra
1107 2136 1224 2175 omnem

131 2215 219 2273 aleam
232 2216 415 2274 dubitationis
428 2226 472 2274 est
483 2220 617 2295 positum.
662 2216 767 2277 Merito
786 2216 892 2274 idcirco
904 2217 1016 2291 rejectae
1030 2225 1097 2271 sunt
1116 2234 1133 2270 a
1147 2214 1225 2272 Con·

131 2333 225 2389 gressu
241 2334 341 2391 preces
361 2317 553 2384 sectariorum,
569 2320 628 2390 qui,
642 2327 705 2374 ante
726 2316 833 2388 aliquot
853 2333 942 2372 annos
961 2315 1055 2390 legem
1077 2311 1221 2370 serendam

131 2414 280 2488 petierunt,
295 2434 351 2487 qua
362 2413 468 2471 litteras
481 2415 527 2474 die
542 2415 695 2474 Dominica
707 2414 810 2473 deferri
823 2432 905 2471 curru
920 2413 1035 2488 publico
1048 2421 1198 2469 vetaretur.

167 2517 218 2569 ta.
241 2513 353 2572 Servile
366 2531 439 2588 opus
453 2523 566 2571 nonest
584 2514 696 2582 dooere,
711 2513 834 2580 studere,
849 2522 877 2569 et
898 2511 1041 2578 scribere;
1064 2512 1122 2568 imo
1141 2511 1227 2585 juxta

132 2611 278 2684 plurimos,
302 2613 385 2668 etiam
407 2615 601 2680 transcribere,
623 2615 713 2688 pretio
734 2613 829 2688 operis
850 2619 986 2686 accepto:
1009 2628 1075 2667 nam
1102 2610 1226 2684 pretinm

131 2727 187 2766 non
201 2719 292 2767 mutat
303 2710 400 2787 operis
413 2720 555 2779 naturam3
577 2713 760 2769 transcribere
775 2720 869 2766 autem
889 2707 965 2765 idem
985 2717 1028 2764 est
1042 2727 1074 2763 ac
1089 2706 1224 2770 scribere,

130 2817 158 2862 et
170 2805 301 2883 dirigitur
313 2808 348 2864 ad
361 2818 485 2864 mentem
500 2809 702 2866 instruendam.
743 2801 828 2864 Licet
841 2822 955 2877 quoque
968 2804 1122 2870 delineare,
1137 2811 1227 2858 trans·

132 2905 238 2961 cribere
251 2915 333 2963 notas
346 2905 480 2972 musicas,
495 2916 523 2963 et
534 2909 669 2963 rationes.
712 2904 758 2961 De
772 2901 908 2980 pingendi
918 2913 976 2958 arte
983 2900 1152 2977 disputatur,
1161 2908 1227 2958 sunt

131 3004 207 3060 enim
226 3003 343 3079 plurimi
372 3003 420 3075 qui
447 3020 509 3061 eam
535 3005 666 3061 servilem
688 3009 861 3078 nuncupant,
885 3018 973 3072 quum
994 3001 1024 3056 in
1051 2999 1225 3074 imaginibus

132 3119 225 3158 rerum
237 3101 433 3176 exprimendis
448 3111 590 3159 versetur:
612 3102 675 3158 aliis
689 3119 751 3157 eam
764 3099 890 3157 liberalia
902 3099 1067 3172 interopera
1076 3115 1227 3155 recensen-

133 3199 216 3255 tibus.
259 3199 345 3257 Prior
357 3201 497 3257 sententia
509 3201 689 3258 communior
702 3219 719 3255 a
732 3189 924 3273 s.·'Alph0ns0
934 3195 969 3252 de
983 3196 1101 3270 Ligurio
1114 3194 1226 3251 dicitur.

134 3297 241 3354 'l'erere
265 3306 359 3355 autem
382 3298 501 3365 colores,
525 3308 554 3354 et
574 3300 681 3374 tingere
702 3313 812 3352 asseres
834 3311 886 3349 seu
909 3309 1029 3367 pannos,
1050 3301 1079 3347 et
1100 3290 1231 3347 dealbare

134 3397 268 3472 parietes,
283 3396 477 3471 proculdubio
490 3396 592 3453 servile
606 3404 662 3455 est,
701 3392 854 3452 Retrahere
864 3390 1004 3466 imagines
1018 3407 1080 3456 acu,
1092 3396 1123 3445 nt
1136 3388 1231 3446 solent

134 3493 269 3562 soeminae,
290 3494 394 3553 servile
416 3513 475 3552 non
497 3494 626 3562 habetur,
641 3511 730 3566 quum
752 3491 843 3567 magis
864 3487 959 3547 tendat
980 3487 1015 3544 ad
1034 3485 1227 3545 exercendum

135 3593 292 3668 ingenium.
333 3593 389 3650 Ars
403 3592 552 3668 sculpendi
565 3593 679 3650 servilia
693 3593 766 3649 inter
778 3607 864 3665 opera
883 3596 1065 3645 numeratur:
1087 3586 1130 3643 sic
1144 3586 1230 3643 etiam

138 3689 249 3765 prelum
263 3708 395 3760 movere;
416 3692 589 3767 compositio
609 3701 702 3748 autem
725 3701 859 3766 typorum
878 3686 993 3744 liberale
1012 3683 1124 3742 videtur
1145 3702 1230 3759 opus,
1311 3731 1314 3739 .

138 3789 244 3864 ingenii
258 3789 368 3846 scilicet
380 3799 424 3848 est
437 3790 578 3866 precipue
592 3789 768 3847 exercitium.

181 3891 231 3944 73.
253 3887 377 3946 Venatio
402 3888 552 3947 servilibus
571 3888 704 3963 operibns
723 3904 782 3946 non
802 3894 984 3946 accenseturt
1010 3877 1061 3936 sed
1081 3876 1235 3953 plurimum

141 3985 255 4043 retrahit
274 3985 370 4045 aDeo
391 3984 522 4045 colendo.
565 3987 676 4046 Piscari
697 3986 783 4043 hamo
806 4001 879 4058 opus
902 3978 1004 4039 servile
1025 3994 1085 4034 nou
1104 3973 1232 4033 videtur:

175 4152 217 4218 (l)
238 4152 275 4203 Ita
286 4152 360 4204 babet
370 4154 524 4204 communior
535 4159 560 4202 st
570 4150 715 4218 probabilior
723 4147 852 4199 nntsutls.
877 4145 943 4197 Vide
950 4142 1035 4209 Msyol
1042 4140 1110 4208 Exp.
1120 4140 1238 4207 iiiprec.

148 4243 189 4286 stt.
200 4252 224 4286 v.
