2744 4980
188 415 227 472 at
550 410 606 470 DE
628 411 911 472 PASSIONIBUS.

188 576 226 633 cit
238 575 343 648 aliquid
360 573 527 632 sentiendo:
550 576 616 649 qnia
632 576 825 634 intellectualis
849 577 973 653 cognitio
986 585 1014 633 ct
1023 579 1173 653 perfectior
1184 587 1241 645 est,
1257 587 1288 636 et

187 675 271 732 etiam
283 676 372 751 magis
383 676 571 751 cognoscitur,
583 677 649 746 quia
661 676 818 733 intellectus
829 678 919 752 magis
929 675 1082 736 reflectitur
1091 697 1177 753 supra
1186 686 1286 734 actum

188 792 282 840 suurn,
298 792 383 846 quam
396 792 516 831 sensns:
539 785 568 832 et
581 784 623 830 est
641 775 725 832 etiam
739 777 864 851 cognitio
877 775 1049 832 intellectiva
1062 777 1153 852 magis
1167 775 1283 832 dilecta.

189 872 293 930 Nullus
307 872 383 930 enim
397 873 501 943 estqui
514 891 570 930 non
584 872 668 929 vellet
677 875 767 949 magis
781 892 873 931 carere
887 875 950 931 visu
960 874 1108 949 corporali,
1119 892 1208 946 quam
1218 875 1285 931 visu

187 971 377 1039 intellectuali,
392 990 427 1028 eo
440 969 525 1027 modo
539 991 595 1043 quo
609 972 704 1028 bestias
719 972 763 1029 vel
786 972 861 1029 stulti
874 981 987 1029 carent:
1009 973 1083 1031 sicut
1104 973 1284 1049 Augustinus

187 1068 256 1127 dicit
268 1070 297 1125 in
316 1071 386 1127 libro
400 1070 473 1126 XIV
488 1068 522 1127 de
533 1071 642 1128 civitate
653 1070 719 1127 Dei.
762 1070 821 1127 Sed
834 1071 859 1126 si
872 1081 1069 1147 comparentur
1077 1070 1284 1129 delectationes

188 1168 378 1242 intelligibiles
392 1169 550 1243 spirituales
564 1168 794 1226 delectationibus
817 1170 996 1227 sensibilibus
1019 1171 1224 1245 corporalibus,
1239 1172 1284 1228 sic

188 1265 344 1324 secundum
357 1286 399 1335 se,
415 1277 443 1323 et
455 1267 618 1344 simpliciter
640 1267 794 1337 loquend0,
815 1267 1014 1325 delectationes
1037 1269 1200 1345 spirituales
1215 1281 1285 1326 sunt

187 1367 319 1440 maj0res.
362 1365 402 1422 Et
420 1364 474 1421 boc
488 1374 604 1442 apparet
616 1365 772 1424 secundnm
795 1368 856 1433 tria,
872 1385 934 1438 quae
947 1367 1125 1439 requiruntur
1138 1367 1172 1424 ad
1187 1366 1285 1425 delec-

188 1465 332 1529 tationem,
347 1465 456 1521 scilicet
467 1465 573 1522 bonum
596 1466 787 1540 conjunctum,
803 1474 831 1522 et
853 1464 881 1521 id
903 1465 949 1522 cui
971 1467 1160 1542 conjungitur,
1175 1477 1205 1522 et
1219 1468 1286 1542 ipsa

188 1562 359 1636 conjunctio.
401 1562 479 1619 Nam
492 1563 585 1638 ipsum
599 1564 705 1620 bonum
718 1563 862 1638 spirituale
876 1574 920 1618 est
931 1564 1023 1638 majus
1037 1583 1121 1637 quam
1132 1565 1284 1641 corporale

188 1660 303 1725 bonnm,
318 1670 347 1716 et
365 1671 409 1717 est
430 1662 520 1736 magis
543 1661 686 1718 dilectum.
729 1661 821 1737 Cujus
843 1662 956 1736 signum
979 1671 1032 1730 est,
1047 1662 1123 1735 quod
1145 1662 1284 1722 homines

189 1760 273 1816 etiam
287 1778 303 1813 a
316 1761 448 1816 maximis
461 1761 652 1835 corporalibus
666 1760 855 1835 voluptatibus
869 1760 1018 1826 abstinent,
1031 1771 1063 1818 ut
1085 1779 1142 1818 non
1161 1762 1285 1839 perdant

190 1859 338 1925 honorem,
353 1859 402 1930 qui
415 1868 459 1915 est
471 1860 577 1915 bonum
590 1858 775 1934 intelligibile.
817 1857 955 1915 Similiter
973 1859 1059 1916 etiam
1082 1861 1143 1935 ipsa
1156 1881 1224 1936 pars
1239 1862 1282 1918 in·

189 1957 330 2015 tellectiva
342 1967 386 2013 est
407 1957 495 2013 multo
508 1957 637 2022 nobilior,
649 1966 676 2012 et
698 1958 787 2033 magis
807 1958 1008 2032 cognoscitiva,
1022 1976 1107 2029 quam
1129 1977 1194 2034 pars
1215 1978 1282 2017 sen·

188 2057 282 2113 sitiva.
335 2054 506 2129 Oonjunctio
538 2055 622 2110 etiam
644 2055 788 2126 utriusque
812 2065 856 2111 est
880 2057 971 2131 magis
997 2056 1104 2123 intima,
1131 2067 1161 2114 et
1184 2059 1280 2133 magis

575 2144 608 2178 rit

73 2154 96 2175 ⁴'
188 2153 321 2230 perlecta,
336 2153 466 2228 etmagis
480 2152 570 2210 firma.
649 2152 728 2210 Hinc
742 2154 870 2225 quamvis
884 2153 1032 2211 delectatio
1044 2173 1082 2213 ex
1093 2163 1166 2214 tactu
1179 2157 1283 2233 praeci·

190 2272 247 2329 pua
259 2252 295 2308 sit
308 2270 371 2323 quae
384 2270 421 2308 ex
442 2252 570 2309 sensibus
593 2251 746 2320 derivatur,
763 2253 817 2308 “si
841 2253 1053 2310 consideremus
1075 2254 1281 2313 delectationes

190 2353 269 2410 nisus
291 2350 448 2409 secundum
474 2349 550 2422 quod
570 2352 649 2408 visus
672 2351 797 2408 deservit
820 2351 982 2419 intellectui,
1006 2351 1048 2408 sic
1079 2352 1285 2412 delectationes

189 2451 268 2507 visus
282 2458 363 2506 erunt
374 2449 507 2524 potiores,
523 2467 559 2505 ex
568 2450 686 2517 ratione,
702 2469 756 2522 qua
769 2459 797 2506 et
806 2449 993 2526 intelligibiles
1004 2450 1205 2511 delectationes
1216 2460 1282 2511 sunt

189 2548 313 2624 potiores
326 2540 554 2604 sensibilibus.’'²

231 2650 280 2704 63.
302 2645 351 2702 Ex
364 2664 415 2722 spe
428 2645 496 2702 boni
508 2645 681 2721 adipiscendi
701 2647 848 2705 delectatio
866 2649 951 2706 etiam
963 2650 1060 2716 oritur,
1074 2650 1106 2706 fit
1118 2651 1194 2707 enim
1210 2667 1281 2723 quo·

188 2743 341 2803 dammodo
354 2761 479 2820 praesens
498 2745 604 2802 menti:
626 2745 762 2801 memoria
781 2745 847 2802 boni
867 2762 924 2816 quo
944 2745 1008 2818 quis
1025 2747 1087 2821 jam
1100 2748 1219 2822 gavisus
1237 2757 1282 2803 est

188 2842 305 2900 delicias
318 2843 449 2918 cogitanti
472 2843 592 2919 praebet:
614 2843 665 2900 sed
678 2860 722 2899 res
744 2861 869 2917 presens
887 2843 972 2918 longe
994 2844 1095 2919 majori
1108 2845 1281 2921 plerumque

189 2939 332 3015 perfundit
345 2951 468 2996 mentem
482 2940 593 3015 gaudio.

229 3041 278 3094 64.
300 3036 428 3094 Tristitia
453 3056 518 3094 cum
541 3037 723 3096 delectatione
745 3040 1003 3121 conjimgilpotest
1025 3040 1138 3111 quando
1159 3040 1280 3098 felicitas

188 3137 294 3194 amissa
307 3136 336 3193 in
350 3136 514 3192 memoriam
536 3147 690 3203 revocatur,
704 3146 732 3193 et
751 3156 875 3212 praesens
896 3139 1013 3204 sistitur,
1028 3141 1121 3196 statim
1143 3138 1282 3215 ploranda

187 3235 302 3293 amissa.
345 3234 411 3310 lpse
425 3235 511 3291 animi
524 3234 614 3302 dolor,
629 3254 714 3307 quem
727 3236 791 3307 quis
812 3236 921 3311 abjecit,
936 3239 1079 3294 memoriae
1092 3239 1194 3295 iterum
1208 3255 1282 3313 prae·

186 3353 265 3401 sens,
287 3334 479 3391 delectationis
506 3337 611 3408 praebet
633 3335 822 3402 occasionem,
843 3343 981 3405 quatenus
1002 3337 1065 3406 quis
1087 3336 1191 3411 gaudet
1210 3354 1280 3392 see

188 3434 270 3489 tantis
284 3433 408 3489 evasisse
421 3432 520 3488 malis:
543 3441 562 3467 ‘⁶
574 3434 645 3490 Haec
659 3433 727 3489 olim
740 3433 905 3490 meminisse
914 3433 1034 3509 juvabit.

229 3534 277 3587 65.
299 3531 348 3587 Ex
361 3529 479 3584 aliorum
493 3531 599 3587 actibus
613 3531 662 3601 qui
675 3531 756 3586 nobis
773 3540 900 3606 prosunt,
921 3530 1069 3589 delectatio
1088 3533 1184 3599 oritur,
1205 3533 1281 3589 sicut

187 3638 268 3686 etex
281 3629 316 3685 iis
330 3627 433 3698 quibus
454 3628 549 3697 quanti
569 3648 621 3685 nos
642 3626 744 3684 faciant
762 3628 931 3703 significent,
951 3629 996 3685 vel
1017 3631 1086 3687 alias
1109 3649 1161 3687 nos
1181 3648 1281 3706 prose·

187 3737 309 3800 quantur
321 3725 443 3782 bonore:
459 3725 524 3782 inde
533 3729 610 3784 enirn
622 3726 788 3801 plerumque
799 3727 831 3782 tit
842 3737 873 3782 nt
885 3729 1109 3802 prestantissimi
1120 3729 1281 3803 optimique

187 3826 269 3883 nubis
292 3824 446 3890 videamur,
460 3824 527 3881 licet
543 3827 590 3883 alii
609 3824 704 3881 forsan
725 3825 807 3880 nobis
828 3824 1013 3882 blandiantur.
1056 3828 1205 3901 “Propter
1224 3826 1281 3883 hoc

187 3924 318 3983 homines
332 3922 504 3981 delectantur
517 3925 546 3982 in
559 3924 623 3988 hoc,
639 3920 715 3994 quod
727 3921 875 3980 laudantur
888 3924 933 3980 vel
954 3923 1127 3982 honorantur
1145 3926 1180 3981 ab
1195 3923 1280 3982 aliis:

186 4024 254 4093 quia
263 4024 371 4081 scilieet
380 4041 430 4098 per
442 4022 497 4079 hoe
511 4023 652 4098 accipiunt
665 4020 889 4087 estimationem,
899 4021 928 4078 in
936 4022 1038 4096 seipsis
1047 4022 1162 4094 aliquod
1170 4023 1280 4081 bonum

186 4136 261 4178 esse.
289 4122 328 4178 Et
338 4122 404 4196 quia
416 4122 470 4178 ista
482 4123 628 4180 aestimatio
642 4118 741 4177 fortius
754 4128 902 4194 generatur
914 4137 951 4176 ex
965 4121 1126 4180 testimonio
1139 4120 1281 4179 bonorum

222 4316 264 4381 (t)
282 4315 308 4364 S.
320 4314 409 4369 Thom.
421 4319 437 4368 i.
450 4323 474 4370 2.
485 4336 526 4384 qu.
539 4321 608 4381 xxxi,
619 4328 663 4371 art.
675 4338 698 4373 v.
731 4320 806 4388 Καρ.
875 4321 917 4388 (2)
937 4317 1135 4377 Ibidem,art.vi.
1171 4317 1247 4387 Καρ.
