2766 4996
143 389 203 444 888
319 385 376 445 DE
398 384 663 444 FORENSIBUS
684 382 1062 443 OBLIGATIONIBUS.

143 551 200 608 cim
209 551 297 628 jurati
310 548 442 607 hominos
465 548 611 607 videantur
631 549 659 606 ei
676 549 761 624 juxta
779 548 869 624 leges,
882 545 929 604 vel
944 547 1033 622 juxta
1046 555 1112 604 acta
1129 557 1159 604 et
1176 563 1237 621 pro·

144 648 217 714 bata,
238 647 312 705 haud
336 646 433 704 tulisse
453 648 632 712 senteutiam,
660 647 706 704 vel
728 645 806 718 quod
827 663 892 703 reus
914 647 984 703 novi
1006 644 1118 717 aliquid
1131 645 1235 721 alleget.

146 745 224 804 Eum
237 747 266 802 in
279 746 365 802 finem
379 745 452 801 solet
465 746 505 802 rei
517 744 667 802 advocatus
687 744 794 801 curiam
813 761 894 801 orare
907 761 944 800 ne
957 743 1102 800 sententia
1120 744 1237 820 profera-

146 855 200 910 tur,
214 854 242 899 et
254 843 377 900 rationes
398 842 498 900 afferre
512 861 600 914 quaro
621 842 664 899 vel
685 851 773 901 totum
788 841 930 916 judicium
951 839 1121 898 habendum
1132 843 1170 899 sit
1181 841 1236 898 irri-

146 952 216 1006 tum,
238 942 283 998 vel
304 941 333 997 in
355 941 462 998 irritum
482 933 629 998 mittatur.¹
670 939 835 1014 improbant
856 939 953 1014 plures
975 938 1107 1015 theologi
1129 958 1237 997 omnem

146 1038 367 1115 appellationem
382 1057 398 1094 a
406 1041 483 1115 justa
501 1039 650 1105 sententia,
664 1045 762 1114 utpote
776 1054 811 1094 oo
828 1035 962 1094 directam
982 1048 1016 1094 ut
1023 1038 1139 1113 justitia
1151 1037 1238 1094 eluda·

148 1147 202 1202 tur,
226 1148 254 1195 et
272 1137 394 1195 afferunt
414 1138 575 1194 testimonia
597 1137 677 1212 plura
695 1136 799 1208 quibus
819 1135 1027 1212 appellationes
1047 1135 1156 1207 iniquae
1169 1135 1240 1193 dam·

148 1247 251 1293 nautor
261 1232 287 1292 ι’
305 1234 356 1293 sed
369 1253 439 1311 pace
453 1254 552 1294 eorum
573 1234 693 1293 dixerim
713 1253 793 1292 reum
812 1250 898 1310 posse
917 1235 999 1292 omni
1012 1234 1145 1292 subsidio
1157 1232 1239 1291 admi·

149 1333 301 1406 uiculoque
314 1334 387 1409 legis
398 1337 439 1391 uti
449 1353 507 1406 quo
517 1351 631 1408 ponam
645 1334 754 1400 evadat,
765 1332 845 1390 salva
854 1332 980 1390 veritate.
1002 1333 1037 1390 Si
1050 1332 1122 1405 quid
1134 1333 1240 1390 latarerit

149 1429 210 1486 vitii
224 1432 253 1488 in
270 1430 372 1505 judicii
385 1434 504 1496 ratione,
519 1431 615 1500 utiquo
636 1431 710 1487 volet
730 1430 800 1489 illud
820 1430 957 1507 proferr'e,
971 1448 1009 1488 ue
1023 1432 1168 1489 sententia
1179 1449 1240 1489 con·

149 1536 283 1597 sequatur
296 1525 449 1586 effectum:
471 1529 636 1586 sicutenim
650 1538 714 1586 ante
730 1528 872 1606 judicium
891 1529 989 1596 latum,
1005 1537 1103 1605 potest
1121 1529 1240 1606 legitima

151 1625 232 1683 omui
249 1627 359 1684 ratione
373 1644 404 1684 se
418 1628 491 1685 tueri
505 1645 540 1684 ne
553 1625 711 1694 damnetun
726 1629 764 1684 ita
776 1638 886 1704 postea,
898 1645 934 1684 ne
947 1627 1093 1684 damnatio
1107 1628 1240 1691 firmasit,

151 1732 180 1780 et
189 1726 350 1783 executioni
364 1719 574 1784 demandetur.³
614 1725 758 1798 Equidem
772 1744 885 1802 poenam
900 1726 992 1802 alege
1006 1724 1113 1783 delicto
1127 1726 1240 1785 destina·

152 1831 208 1878 tam
222 1840 307 1882 nomo
324 1825 421 1882 subire
441 1824 617 1901 intelligitur,
638 1825 694 1882 nisi
713 1826 792 1882 omni
811 1824 962 1882 deficiente
982 1822 1119 1900 presidio
1139 1841 1240 1896 quoae

152 1927 280 1977 tueatur:
302 1923 426 1994 satisque
439 1924 473 1980 fit
485 1923 604 1998 publice
620 1923 737 1998 justitie
757 1924 782 1979 si
801 1922 973 1995 quaudoque
992 1923 1147 1999 irrogetur,
1162 1923 1199 1980 ita
1215 1933 1242 1979 ut

151 2033 267 2092 semper
280 2019 401 2076 timenda
420 2021 467 2077 sit.
495 2021 604 2092 Inique
624 2029 718 2078 autem
738 2021 941 2097 appellationes
964 2038 1005 2078 ee
1026 2031 1096 2078 sunt
1109 2039 1174 2093 quie
1183 2022 1242 2097 jura

151 2113 243 2169 aliena
255 2113 370 2182 laedunt,
385 2118 431 2174 vel
449 2118 578 2176 ordinem
598 2118 745 2194 publicum
764 2120 937 2187 subvertunt,
958 2128 1024 2177 cum
1046 2119 1206 2194 discipline
1218 2128 1243 2175 et

147 2211 264 2287 justitie
278 2211 473 2273 detrimento⁴

194 2313 261 2368 129.
283 2311 362 2370 Reus
377 2315 456 2390 juste
470 2316 570 2390 capitis
583 2313 731 2373 damnatus
751 2324 860 2373 tenetur
872 2313 908 2372 ad
921 2313 1100 2373 subeundam
1120 2331 1240 2391 ponam,

152 2416 180 2462 et
193 2407 257 2465 ideo
271 2409 367 2466 adeas
388 2415 514 2471 actiones
534 2413 597 2469 sine
617 2413 723 2484 quibus
743 2413 860 2489 irrogari
873 2413 923 2469 vix
946 2422 1062 2488 potest:
1085 2411 1137 2470 setl
1150 2412 1243 2484 nequit

152 2502 258 2572 aliquid
272 2504 364 2562 facero
378 2526 436 2577 quo
449 2511 535 2565 vitam
549 2510 680 2584 sibiipsa
694 2510 783 2578 tollat,
795 2528 884 2582 quum
894 2509 922 2567 id
935 2510 1056 2568 naturali
1070 2529 1103 2568 se
1112 2507 1241 2568 servandi

152 2599 298 2656 instinctui
311 2614 457 2678 repugnet.
500 2606 565 2660 Sue
580 2608 659 2661 necis
681 2624 747 2662 reus
768 2609 853 2682 igitur
871 2608 944 2665 soret
956 2609 1005 2679 qui
1019 2625 1138 2667 omnem
1152 2608 1240 2666 cibum

154 2709 299 2783 recusaret
312 2718 346 2758 eo
360 2701 481 2760 consilio
500 2711 532 2759 ιιι
551 2713 673 2760 mortem
695 2714 868 2762 arcesseret:
891 2707 935 2763 vel
955 2707 1004 2777 qui
1025 2724 1058 2762 se
1079 2707 1181 2772 cultro,
1203 2705 1243 2762 vel

153 2798 210 2855 telo
224 2797 289 2865 alio,
304 2800 465 2859 in'oareero
484 2801 634 2860 occideret.
677 2803 814 2861 “Nullus
834 2805 872 2860 ita
893 2802 1133 2872 condemnatur,’'
1155 2803 1243 2876 inquit

154 2895 187 2952 S.
202 2896 342 2963 Thomas,
364 2907 384 2933 “
395 2899 473 2972 quod
485 2900 546 2974 ipse
560 2902 612 2958 sibi
626 2900 727 2959 inferat
739 2912 869 2969 mortem,
884 2902 935 2959 sed
949 2902 1026 2974 quod
1047 2904 1111 2979 ipse
1124 2915 1241 2961 mortem

155 2996 285 3066 patiatur.
328 2994 368 3052 Et
387 2996 452 3054 ideo
472 3016 530 3057 non
544 3009 653 3058 tenetur
666 2998 758 3056 facere
771 2999 810 3066 id,
821 3000 896 3058 unde
910 3019 987 3059 mors
1000 3012 1156 3074 sequatur:
1172 2999 1244 3074 quod

154 3099 198 3147 est
211 3108 326 3147 manere
340 3093 370 3151 iu
383 3096 458 3163 loco,
479 3095 554 3154 uude
576 3098 692 3155 ducatur
704 3097 740 3155 ad
760 3109 891 3156 mortem.
933 3100 1063 3157 Tenetur
1076 3110 1172 3159 tamen
1191 3117 1245 3157 non

153 3189 283 3247 resistere
305 3195 407 3267 agenti,
422 3196 492 3266 quin
505 3195 625 3270 patiatur
637 3193 714 3269 quod
733 3197 843 3272 justum
862 3209 984 3256 osteum
997 3195 1107 3274 pati.”⁵
1147 3198 1242 3263 Quum

153 3304 268 3361 ponam
281 3293 381 3365 capitis
400 3311 485 3352 nemo
499 3294 671 3370 intelligatur
683 3295 741 3369 pati
759 3294 887 3363 libenter,
907 3314 965 3355 non
979 3305 1079 3373 peccat
1092 3314 1158 3354 reus
1173 3295 1243 3372 sugi-

189 3523 228 3583 (1)
241 3522 319 3572 “The
331 3528 435 3587 practico
453 3527 482 3575 oi
495 3527 584 3589 setting
595 3528 662 3576 asida
679 3528 780 3578 verdicts
792 3545 858 3593 upon
872 3529 974 3588 motion,
991 3529 1041 3579 aud
1059 3529 1175 3591 grautiug
1191 3544 1244 3579 new

152 3601 226 3659 trials,
238 3603 282 3651 lm
293 3609 438 3667 superseded
450 3609 491 3657 the
503 3626 547 3658 uso
559 3612 587 3659 oi
592 3611 651 3661 both
662 3621 724 3662 sorts
733 3614 762 3662 of
769 3612 890 3662 ottaiuts.”
914 3611 1073 3672 Blackstons,
1085 3615 1102 3664 Ι.
1113 3615 1148 3664 iii
1157 3630 1183 3664 ιι.
1190 3613 1244 3662 404.

188 3683 229 3749 (2)
244 3685 307 3734 Vide
319 3688 383 3750 apud
396 3689 512 3748 Anteius,
524 3693 604 3743 Troct.
616 3695 647 3744 do
658 3697 730 3758 oblig.
743 3713 763 3746 c.
775 3714 797 3744 r.
811 3703 825 3757 ς
838 3699 870 3748 iv.
884 3714 926 3761 qu·
938 3697 963 3748 ii.

189 3772 232 3836 (3)
251 3777 266 3801 “
275 3770 416 3820 Whenever
427 3771 459 3821 he
471 3788 571 3837 appears
584 3776 609 3824 iu
623 3793 720 3840 person,
729 3797 796 3846 upon
815 3783 893 3832 either
904 3799 919 3832 a
935 3783 1022 3846 capital
1040 3799 1067 3833 or
1079 3783 1179 3834 inferior
1189 3799 1245 3832 oou·

152 3857 249 3915 riction,
261 3856 293 3904 ho
304 3872 360 3921 moy
372 3865 397 3906 ot
412 3857 460 3907 this
476 3857 566 3922 period,
585 3876 612 3909 ss
623 3862 679 3911 wall
696 3879 724 3911 as
741 3872 766 3913 at
781 3864 821 3914 his
834 3867 1004 3928 crraignmorrt
1022 3867 1083 3916 oll'sr
1099 3884 1149 3931 any
1160 3883 1247 3933 excep·

150 3939 217 3990 tione
228 3950 253 3990 to
264 3940 304 3990 tha
317 3941 467 4003 indictmsnt,
479 3943 505 3993 in
518 3953 592 3995 anast
600 3961 627 3995 or
639 3955 693 4011 stay
705 3949 895 4013 otjudgmsntt‘
915 3950 1072 4011 Blaclstouo,
1084 3953 1100 4002 l.
1108 3953 1140 4002 iv.
1152 3969 1178 4003 ιι.
1189 3955 1245 4004 876.

185 4023 275 4116 (ιιῦο
295 4025 437 4089 hujusmodi
453 4028 657 4092 appellationibus
674 4032 746 4097 plano
764 4034 905 4098 loquiturS.
922 4034 1042 4096 Thomas,
1059 4040 1083 4086 2.
1095 4041 1119 4086 2.
1131 4054 1173 4102 qu.
1191 4038 1247 4088 lxix.

151 4112 195 4154 art
206 4121 240 4154 ιιι.

188 4188 231 4253 (5)
246 4192 270 4237 2.
279 4191 304 4237 2.
315 4205 356 4253 qu.
367 4189 427 4241 lxix.
436 4200 478 4242 ort.
491 4191 522 4242 ir.
534 4193 565 4243 ad
577 4195 720 4247 meandum.
