2744 4980
459 433 517 494 DE
537 432 888 500 CONSUETUDINE.
1160 444 1218 509 115

129 612 155 661 et
166 602 275 660 ratione
288 598 383 673 aliqua
393 599 612 663 cobnnesatnr:
626 620 716 676 quarn
724 612 818 664 minen
831 602 997 668 inducentes
1009 615 1108 668 contra
1120 609 1217 693 lagu

128 700 322 760 auctoritatem
334 708 461 777 pereant,
475 702 606 773 quamvis
620 721 637 759 a
649 711 765 780 peccato
777 703 921 763 immunes
939 707 998 765 sint
1015 708 1065 780 qui
1081 724 1146 771 eam
1153 713 1216 787 jam

128 800 272 860 inductam
282 806 447 871 sequuntur,
457 800 544 861 etiam
551 809 616 859 suto
625 804 969 880 temprnproescriptionrs
975 804 1213 887 plencelapsum:

125 900 220 978 puniri
239 897 427 958 nihilomiuus
447 916 464 957 a
483 900 596 975 publica
616 909 754 977 potestate
773 913 901 978 possunt,
914 904 972 967 nbi
989 905 1037 965 lex
1050 906 1134 967 fua-it
1145 928 1216 985 pm.

126 1000 241 1075 scripta.
284 998 511 1075 Prescnptiouis
531 1007 645 1076 tempus
665 1001 744 1059 varie
761 1001 933 1078 adsignatur,
953 1003 1123 1066 decennium
1137 1011 1214 1081 enirn

126 1097 362 1170 hessius-aliique
375 1096 505 1156 sufficere
517 1108 618 1175 putant
629 1109 661 1157 ut
672 1101 877 1160 consuetudine
890 1103 1040 1181 abrogetur
1063 1104 1111 1164 lex
1127 1110 1218 1168 eccle·

126 1198 248 1265 siastica,
263 1215 352 1271 quum
362 1196 410 1254 alii
423 1197 605 1276 quadraginta
618 1217 708 1257 annos
717 1200 850 1276 exigant:
872 1201 920 1260 alii
940 1201 1005 1261 vend
1026 1204 1138 1264 arbitrio
1151 1224 1215 1283 pm·

126 1297 204 1357 denti
216 1316 280 1359 rem
291 1295 484 1357 definiendam
495 1296 668 1371 relinquunt,
682 1298 778 1356 habita
790 1301 896 1357 ratione
911 1311 1025 1360 actuum
1038 1301 1214 1379 frequentia,

125 1408 155 1455 et
166 1416 261 1457 rerum
275 1406 380 1456 naturae
400 1396 435 1454 de
458 1396 561 1468 quibus
576 1397 675 1473 agitur.
718 1397 813 1456 Lessii
826 1398 925 1474 opinio
937 1400 1081 1476 probanda
1094 1403 1213 1473 videtur,

128 1516 215 1570 quum
227 1495 350 1574 spatium
364 1495 433 1555 illud
446 1494 631 1573 quadraginta
643 1514 782 1555 armomm
796 1499 929 1574 respiciat
936 1499 1102 1559 immobilia.
1124 1502 1213 1564 Tem·

127 1615 180 1673 pus
194 1595 415 1673 proscriptionis
428 1597 625 1655 continuatum
646 1613 710 1653 esse
732 1595 835 1662 debet;
856 1598 881 1654 si
900 1599 1215 1678 enim-interrumpatur

127 1698 209 1755 etiam
222 1697 309 1755 unico
322 1705 384 1752 actu
397 1713 414 1751 a
426 1695 527 1770 maJ‘ori
539 1706 617 1771 parte
629 1696 849 1763 communitatis,
863 1696 909 1753 vel
927 1697 953 1754 si
967 1698 1078 1757 interim
1091 1703 1212 1775 punian-

128 1807 169 1855 tur
181 1799 232 1869 qui
244 1797 337 1872 legem
351 1794 465 1862 violant,
480 1793 656 1853 consuetudo
676 1790 754 1852 haud
770 1794 907 1870 procedit.
950 1793 1096 1856 Ceterum
1109 1801 1135 1858 si
1148 1818 1214 1878 pos·

127 1897 218 1955 sessio
231 1905 337 1954 tantum
350 1895 578 1970 interrumpatur,
588 1895 654 1970 jure
672 1892 750 1967 quod
770 1894 867 1952 nititur
887 1895 1092 1954 consuetudine
1114 1898 1213 1968 illaeso,

127 1994 302 2056 consuetudo
314 1992 406 2053 adhuc
419 1993 534 2051 obtinet.
568 1992 656 2051 Actus
669 2003 762 2051 autem
776 2011 813 2050 ex
827 1994 930 2065 quibus
940 1994 1029 2052 oritur
1038 1998 1214 2057 consuetudo

128 2095 227 2155 notorii
240 2112 304 2153 essa
316 2092 428 2160 debent,
442 2102 471 2150 et
484 2092 590 2169 pluries
602 2090 715 2169 repetiti
735 2092 832 2160 libere,
847 2102 876 2149 et
894 2093 1025 2160 scienter,
1040 2114 1097 2154 non
1111 2097 1151 2166 vi,
1166 2098 1214 2158 vel

127 2203 217 2257 metu:
239 2201 410 2270 quapropter
428 2209 466 2250 ex
485 2190 662 2251 clanculariis
682 2193 790 2250 actibus
813 2190 860 2248 lex
880 2191 1080 2253 decimanum
1101 2195 1213 2258 nullum

128 2293 236 2373 patitur.
278 2291 447 2351 consensus
468 2291 648 2369 legis-latoris
674 2289 709 2348 ad
731 2289 966 2349 consuetudinem
988 2291 1046 2368 legi
1066 2292 1213 2356 adversam

128 2390 306 2454 sanciendam
328 2391 488 2463 requiritur,
508 2409 566 2448 non
588 2386 706 2464 quidem
731 2407 885 2467 expressus
911 2400 940 2448 et
965 2391 1133 2466 personalis,
1161 2394 1214 2455 sed

127 2496 234 2560 tacitus,
249 2493 298 2565 qui
312 2490 462 2549 intervenit
473 2491 584 2562 quoties
598 2507 657 2547 nou
668 2490 774 2547 resistit
787 2486 970 2547 invalescenti
987 2488 1213 2554 consuetudini-¹

127 2596 156 2653 Si
170 2595 217 2651 lex
231 2607 440 2665 quamcumque
458 2588 692 2648 consuetudinem
704 2588 822 2665 rejiciat,
838 2589 877 2645 uti
891 2589 1027 2666 pleraque
1042 2591 1213 2651 Tridentina

127 2693 157 2751 de
184 2689 397 2749 Reformatione
422 2688 543 2756 decreta,
570 2688 605 2746 de
628 2689 768 2764 praeterita
793 2687 1006 2754 consuetudine,
1031 2707 1089 2748 non
1116 2702 1211 2750 autem

126 2792 224 2859 sutura,
238 2791 291 2848 rite
303 2788 475 2864 explicatur:
498 2786 574 2861 quod
587 2787 612 2844 si
625 2787 709 2844 etiam
722 2785 844 2843 suturam
858 2785 1103 2855 consuetudinem,
1118 2791 1171 2847 etsi
1186 2791 1213 2847 ei

126 2893 216 2950 lavere
231 2886 358 2948 videatur
371 2887 507 2963 principis
524 2885 679 2953 silentium,
700 2894 824 2961 respuat,
847 2883 936 2963 (quod
958 2885 987 2943 in
1008 2884 1091 2944 Bulla
1112 2886 1212 2949 Coenae

126 2991 242 3050 Domini
256 2988 310 3066 fit)
322 2987 416 3063 plures
429 2986 559 3045 doctores
573 3005 640 3044 cum
648 2985 782 3043 Suaresio
797 2994 893 3041 tenent
905 2984 1077 3060 probabilius
1092 3006 1211 3049 consue·

127 3089 250 3150 tudinem
263 3104 348 3165 posse
362 3104 424 3144 eam
438 3077 599 3163 abrogare.²

163 3195 212 3247 tr.
234 3185 425 3264 Legislatores
448 3194 569 3262 possunt
590 3182 821 3248 consuetudines,
835 3182 908 3238 sicut
920 3193 949 3239 et
961 3183 1050 3259 leges,
1066 3184 1210 3262 abrogare.

126 3299 144 3324 ‘⁴
153 3289 235 3348 Licet
245 3287 393 3344 Romanus
404 3284 538 3343 Pontifex
547 3282 609 3365 (qui
617 3286 682 3360 jura
694 3282 790 3339 omnia
803 3281 832 3337 in
843 3280 947 3337 scrinio
960 3282 1083 3356 pectoris
1094 3284 1139 3341 sui
1147 3302 1211 3345 cen·

125 3399 199 3447 setur
208 3385 325 3463 habere)
336 3385 564 3442 constitutionem
574 3379 724 3441 condendo
731 3378 926 3457 posteriorem,
938 3380 1072 3455 priorem,
1081 3385 1211 3454 quamvis

125 3487 229 3564 deipsa
242 3486 415 3543 mentionem
425 3501 484 3542 non
498 3483 589 3550 saciat,
598 3496 729 3539 revocare
744 3484 890 3537 noscatur:
906 3479 974 3549 quia
982 3488 1076 3537 tamen
1083 3479 1213 3543 locorum

125 3586 301 3664 specialium,
313 3593 341 3641 et
353 3600 537 3659 personarum
550 3580 733 3656 singularium
747 3575 967 3636 consuetudines
977 3587 1006 3636 et
1018 3589 1119 3639 statuta
1134 3581 1212 3664 (curn

125 3688 179 3744 siut
192 3685 267 3751 sacti,
282 3683 351 3744 etin
370 3681 444 3740 sacto
458 3676 624 3757 consistant)
644 3687 736 3755 potest
759 3675 940 3754 probabiliter
959 3678 1107 3754 ignorare:
1129 3684 1211 3758 ipsis,

124 3783 190 3844 dum
204 3794 298 3843 tamen
312 3783 370 3840 sint
391 3779 574 3846 rationabilia,
590 3797 641 3856 per
662 3777 890 3836 constitutionem
913 3795 929 3832 a
941 3795 973 3833 se
986 3779 1096 3835 noviter
1108 3779 1213 3841 editam

125 3882 191 3962 (nisi
205 3901 340 3960 expresse
354 3889 484 3938 caveatur
497 3881 527 3937 in
540 3875 613 3956 ipsa)
629 3895 686 3936 nou
701 3876 864 3951 intelligitur
876 3876 907 3933 in
920 3875 1015 3951 aliquo
1028 3871 1212 3953 derogars.”³

124 3984 165 4042 lta
191 3982 356 4042 Bonisacius
384 3978 467 4038 v111.
518 3978 588 4038 lude
613 3978 704 4050 liquet
726 3972 945 4033 consuetudines
965 3975 1102 4050 speciales
1126 3995 1212 4053 posse

189 4190 229 4254 (l)
249 4186 304 4236 Lib.
315 4185 345 4237 de
353 4183 454 4253 quibua,
466 4183 488 4233 ff
494 4184 524 4233 de
537 4181 596 4246 Lag.

188 4274 229 4338 (2)
248 4271 313 4321 Vide
324 4271 351 4319 S.
360 4269 518 4335 alphonsum
529 4266 617 4319 Theoi.
630 4265 692 4317 Mor.
705 4262 786 4314 1.i.de
798 4261 941 4313 consuetud.
953 4270 1016 4312 ante.
1029 4279 1054 4314 n.
1067 4263 1122 4316 110.

189 4355 230 4424 (³)
249 4355 281 4407 C·
290 4353 350 4409 ide
361 4357 438 4408 anat.
449 4352 476 4404 in
488 4353 512 4401 6.
