2744 4980
573 1046 714 1107 CAPUT
735 1049 773 1105 V.

356 1276 394 1314 ut:
410 1277 533 1316 actuum
546 1276 737 1317 nullsNotwtt
752 1276 865 1316 itonam
880 1276 995 1317 sraela.

166 1455 218 1510 37.
243 1451 332 1509 Actias
347 1453 464 1513 humani
478 1457 597 1532 spectari
610 1466 729 1532 possunt
753 1465 891 1528 quatenus
904 1444 1014 1514 molum
1034 1456 1138 1534 regulae
1152 1477 1217 1516 con·

124 1551 254 1616 veniunt,
267 1550 314 1607 vel
326 1563 494 1628 repugnant.
537 1554 661 1620 Quidam
673 1564 739 1612 sunt
750 1560 848 1612 namra
861 1574 911 1612 sua
924 1555 1008 1613 mali:
1032 1575 1050 1612 v
1063 1576 1070 1611 :
1086 1576 1120 1632 g:
1139 1576 1217 1615 men·

125 1647 250 1716 dacium,
265 1649 380 1717 lurtum,
391 1651 537 1710 fornicatio
549 1673 556 1719 ;
572 1653 686 1726 quidam
696 1663 761 1710 sunt
773 1654 849 1720 boni,
860 1673 907 1711 ex.
919 1674 961 1730 gr.
971 1674 1049 1712 amor
1061 1665 1218 1730 parentium,

125 1748 217 1804 oratio
231 1747 267 1804 ad
280 1746 393 1806 Deum:
408 1749 522 1822 quidam
535 1751 642 1809 nullam
656 1750 839 1828 praeselerunt
851 1753 986 1809 malitiam
999 1754 1044 1811 vel
1057 1753 1219 1820 bonitatem,

124 1844 339 1922 indifferentes
352 1847 453 1906 ideirco
466 1848 543 1917 dicti,
557 1851 598 1907 uti
612 1858 678 1907 sunt
690 1848 782 1916 edere,
797 1850 948 1915 ambulare,
963 1848 1093 1908 dormire.
1138 1851 1221 1916 Quae·

124 1944 241 2001 siemnt
253 1945 375 2023 theologi
398 1956 490 2005 utrum
508 1957 595 2015 aetus,
611 1949 660 2020 qui
679 1947 713 2004 in
734 1947 838 2024 specie,
860 1947 968 2004 scilicet
980 1949 1011 2005 in
1031 1967 1072 2014 se,
1088 1967 1139 2004 nec
1154 1951 1219 2007 boni

126 2051 204 2108 sunt,
214 2061 268 2100 nec
282 2044 359 2111 mali,
370 2045 402 2103 in
412 2045 573 2105 individuo
583 2056 702 2122 possunt
712 2045 851 2104 malitiaet
859 2047 982 2104 bonitate
992 2049 1095 2123 pariter
1104 2066 1219 2114 vacare,

127 2141 192 2197 aliis
205 2143 308 2210 verbis,
322 2152 416 2202 umam
430 2147 493 2216 quis
507 2145 613 2218 aliquid
626 2145 720 2221 reipsa
733 2155 795 2220 agat
808 2143 884 2216 quod
896 2145 996 2202 morali
1009 2146 1105 2220 specie
1119 2158 1218 2203 careat.

129 2239 250 2316 Negans
264 2243 413 2310 sententia,
428 2263 491 2315 qua
505 2243 543 2302 D.
558 2245 681 2302 Thomae
701 2243 904 2319 discipulorum
924 2252 975 2309 cst,
991 2245 1083 2300 verior
1095 2243 1220 2307 videtum

129 2357 221 2410 quum
231 2340 305 2396 enim
315 2339 350 2397 de
361 2343 467 2399 actibus
481 2344 529 2415 qui
542 2343 711 2400 deliberante
725 2344 820 2400 animo
833 2342 904 2398 fiunt
912 2342 949 2398 sit
958 2360 1060 2408 sermo,
1072 2360 1121 2398 eos
1132 2361 1221 2399 mora·

128 2437 190 2494 lem
203 2437 353 2509 quarndam
366 2441 493 2515 speciem
506 2441 653 2500 desumere
667 2460 704 2497 ex
718 2441 774 2498 fine
788 2458 873 2513 quern
884 2440 938 2497 sibi
948 2441 1068 2513 quisque
1078 2443 1220 2516 proponit,

129 2534 228 2592 suadet
240 2538 322 2595 ratio.
366 2537 508 2597 Caeterum
522 2549 630 2597 constat
643 2539 762 2614 plurima
775 2539 836 2596 fieri
850 2558 912 2611 quaa
926 2540 1025 2596 morito
1041 2539 1115 2615 apud
1125 2538 1220 2598 Deum

129 2645 234 2702 carent,
249 2637 318 2708 quia
331 2656 417 2713 agens
432 2657 488 2696 nou
505 2650 548 2695 est
557 2640 660 2715 justus,
675 2639 720 2695 vel
733 2658 790 2697 non
809 2638 866 2714 agit
885 2647 1000 2714 propter
1018 2638 1104 2695 tinem
1125 2657 1221 2713 super·

130 2733 303 2791 naturalem:
328 2755 390 2807 quae
404 2746 497 2794 tamen
511 2747 625 2812 peccata
637 2755 694 2794 non
708 2749 782 2804 sunt,
797 2755 885 2808 quum
898 2736 1012 2792 rationis
1026 2735 1222 2793 dictaminibus

130 2833 312 2899 conveniant,
336 2842 365 2889 et
383 2835 419 2892 ob
440 2834 590 2894 honestum
611 2836 697 2892 finem
721 2836 797 2891 fiant.
837 2833 885 2889 Sic
907 2832 1084 2890 manducatio
1100 2843 1223 2910 etpotus

132 2929 315 3000 quotidianus
328 2930 363 2988 ad
376 2933 461 2991 vitam
474 2933 684 2991 sustentandam
698 2943 793 2990 carent
805 2932 883 3008 viti0,
898 2951 985 3005 quum
1001 2932 1064 2989 finis
1073 2933 1109 2989 sit
1121 2933 1221 3001 bonus,

132 3037 159 3083 et
171 3029 273 3086 rationi
287 3040 438 3106 congruat3
458 3044 554 3090 carent
566 3045 659 3091 autem
673 3033 783 3098 merito,
798 3031 863 3097 nisi,
878 3030 1000 3102 quodam
1017 3031 1116 3087 saltem
1130 3042 1222 3107 pacto,

133 3125 166 3182 ad
180 3125 238 3185 Dei
258 3128 377 3203 gloriam
398 3130 560 3198 reserantur,
570 3133 652 3208 juxta
666 3131 796 3207 Apostoli
809 3130 964 3186 monitum:
990 3130 1089 3187 “Sive
1107 3129 1223 3187 mandu-

140 3226 212 3293 ntis,
227 3228 288 3283 sive
296 3227 400 3295 bibitis,
411 3229 471 3285 sive
482 3228 557 3286 aliud
567 3230 635 3302 quid
645 3228 746 3295 facitis,
757 3228 852 3285 omnia
863 3226 1020 3301 ingloriam
1028 3227 1085 3285 Dei
1095 3222 1224 3283 facite.”¹

138 3321 251 3398 Optime
264 3335 359 3383 autem
379 3326 574 3386 animadvertit
593 3328 625 3384 S.
640 3327 786 3383 Thomas:
812 3323 894 3379 “hoc
915 3323 1009 3399 ipsum
1028 3322 1103 3396 quod
1123 3323 1225 3397 aliquis

137 3423 191 3498 agit
204 3423 330 3481 ordinate
344 3425 378 3483 ad
392 3428 624 3485 sustentationem
638 3425 683 3482 vol
706 3424 829 3497 quietem
852 3422 896 3479 sui
920 3422 1056 3498 eorporis,
1071 3422 1105 3479 ad
1118 3423 1224 3481 bonurn

136 3521 243 3579 virtutis
256 3521 401 3582 ordinatur
412 3525 442 3581 in
455 3543 490 3582 eo
504 3527 553 3597 qui
567 3543 669 3601 corpus
683 3541 766 3582 suum
781 3520 889 3579 ordinat
902 3520 936 3577 ad
950 3523 1055 3578 bonum
1068 3518 1226 3580 virtutis.''²

172 3624 222 3677 38.
246 3620 347 3698 Longe
360 3623 444 3680 distat
457 3623 652 3700 theologorum
666 3621 813 3686 sententia,
828 3629 904 3678 actus
918 3619 977 3677 dari
991 3618 1182 3678 indifferentes
1196 3622 1225 3677 in

137 3717 281 3777 individuo
291 3723 463 3798 negantium,
474 3723 509 3779 ab
521 3741 614 3780 errore
621 3721 639 3779 J
641 3721 740 3778 oannis
751 3718 842 3786 Huss,
851 3719 900 3791 qui
914 3737 1000 3794 opera
1012 3721 1109 3777 omnia
1118 3720 1147 3775 in
1157 3718 1226 3776 duas

138 3815 316 3876 distribuebat
328 3819 443 3887 classes,
458 3840 509 3896 pro
522 3822 664 3898 agentium
675 3819 850 3877 diversitate:
875 3817 1019 3877 “Divisio
1032 3815 1225 3883 immediata,'’

139 3916 236 3984 aiebat,
250 3917 470 3976 “humanorum
484 3938 601 3996 operum
614 3928 666 3987 est,
681 3916 758 3991 quod
770 3916 827 3975 sint
839 3917 883 3973 vel
897 3918 1030 3982 virtuosa,
1043 3915 1090 3972 vel
1107 3915 1225 3971 vitiosa:

141 4016 205 4085 quia
216 4016 327 4074 scilicet
338 4018 364 4074 si
376 4017 464 4075 homo
477 4027 520 4076 est
532 4020 649 4076 vitiosus
662 4027 691 4074 et
703 4026 766 4094 agat
778 4015 943 4088 quidquam,
958 4023 1016 4071 turn
1037 4014 1095 4090 agit
1107 4013 1206 4072 vitiose
1218 4035 1225 4071 :

141 4121 167 4169 et
176 4114 201 4171 si
214 4123 258 4171 est
270 4116 424 4184 virtrmsus,
437 4125 467 4175 et
478 4127 542 4194 agat
563 4115 726 4192 quidquam,
740 4123 807 4174 tunc
827 4113 886 4189 agit
897 4113 1029 4171 virtuosa.
1070 4113 1144 4180 Quia
1156 4114 1229 4172 sicut

174 4288 216 4354 (l)
238 4292 249 4336 l
264 4287 323 4337 Gor.
333 4302 360 4338 x.
371 4289 412 4338 at.
755 4288 798 4353 (2)
820 4287 842 4336 1.
850 4285 873 4335 2.
886 4301 927 4350 qu.
939 4285 1006 4337 xviii.
1017 4293 1061 4337 art.
1073 4285 1106 4338 ix.
1119 4287 1149 4337 ad
1161 4287 1194 4337 iii.

222 4352 309 4416 Vor..
326 4353 425 4419 1.-4.
