2766 4996
946 276 974 307 ⁰²!

397 417 453 476 DE
475 417 683 481 PECCATIS
704 420 992 482 CAPITALIBUS.
1172 425 1230 481 309

179 584 228 638 dd.
251 581 331 639 Filias
346 581 450 640 acediae
462 583 594 643 dicuntur
608 585 724 655 malitia,
738 587 909 665 desperatio,
924 572 1153 666 pusillanimitas,
1169 608 1229 648 ran·

137 699 197 748 cor,
213 691 318 756 torpor,
333 683 461 758 evagatio
474 686 587 742 mentis.
622 684 734 743 Malitia
745 699 789 743 est
801 707 888 763 prava
901 689 988 746 animi
1002 688 1161 765 dispositio,
1173 704 1229 773 qu

137 777 199 836 odit
211 780 286 836 bona
298 779 464 854 spiritualia,
485 792 514 840 et
527 784 612 841 vellet
626 802 661 841 ea
679 803 737 843 uon
757 803 831 843 esse.
873 787 923 844 Sic
937 788 986 858 qui
1006 788 1092 846 tedio
1111 805 1229 846 suorum

117 896 119 902 ¹
139 896 291 935 munemm
304 887 382 954 optat
395 878 575 940 Catholicam
588 882 675 940 fidem
688 902 745 940 non
758 902 854 951 nosse,
869 885 973 943 malitia
986 896 1084 962 peccat
1096 887 1227 963 graviter,

138 977 164 1034 si
179 977 264 1052 plena
276 976 420 1035 voluntate
439 980 479 1037 ita
490 990 577 1057 optet.
620 980 788 1058 Desperatio
801 983 957 1041 voluntaria
970 987 1111 1042 autetiam
1124 985 1228 1062 gravis·

140 1076 245 1133 simum
260 1086 426 1152 peecatum
448 1077 498 1135 sed
518 1081 622 1155 sapius
643 1081 684 1156 pii
705 1082 791 1138 animi
812 1092 963 1159 anguntur,
984 1091 1013 1140 et
1025 1084 1079 1141 sibi
1100 1083 1229 1141 videntur

138 1192 220 1250 spem
235 1176 350 1250 penitus
364 1176 503 1246 amisisse,
518 1178 631 1252 quando
646 1180 759 1237 nonnisi
780 1180 928 1256 phantasia
941 1182 1129 1240 obnubilatur.
1172 1183 1228 1240 Pu·

138 1272 330 1332 sillanimitate
344 1273 488 1344 deficiunt,
503 1279 552 1349 qui
573 1277 637 1335 Deo
656 1277 732 1336 haud
752 1280 820 1336 satis
834 1279 945 1347 confisi,
959 1282 1034 1338 vires
1048 1299 1079 1337 se
1093 1279 1169 1339 haud
1182 1279 1230 1337 ha·

138 1371 205 1429 bere
227 1382 327 1447 putant
345 1372 381 1430 ad
403 1377 564 1433 necessaria
576 1365 683 1435 'munia
706 1378 815 1453 pietatis
839 1378 978 1436 obeunda.
1021 1379 1137 1438 Raneor
1155 1380 1230 1455 apud

139 1470 308 1547 Theologos
321 1482 437 1530 vooatur
449 1474 604 1551 indignatio
623 1494 710 1550 quarn
729 1476 865 1536 desidiosi
887 1477 984 1535 fovent
997 1489 1095 1536 contra
1114 1482 1229 1555 eosqui

137 1570 254 1629 student
265 1588 315 1627 eos
328 1570 363 1628 ad
377 1573 508 1630 virtutum
527 1575 692 1632 exercitium
714 1576 846 1632 excitare.
888 1576 1019 1652 Torpore
1035 1577 1161 1636 laborant
1179 1582 1229 1652 qui

138 1671 271 1727 virtutum
285 1688 372 1745 opera
383 1670 515 1746 languide
536 1674 706 1749 suscipiunt,
727 1683 756 1730 et
774 1675 915 1731 incuriose
929 1685 1076 1751 peragunt.
1118 1677 1227 1736 Mentis

137 1769 303 1846 evagatione
314 1768 465 1841 aliquando
472 1773 594 1847 graviter
607 1781 749 1848 peccatur,
761 1772 874 1845 quando
887 1773 996 1829 scilicet
1005 1773 1162 1832 voluntaria
1175 1787 1228 1842 est,

139 1876 167 1925 et
189 1867 330 1935 diuturna,
351 1867 419 1926 dum
441 1880 583 1946 praecepta
602 1890 666 1945 quae
687 1872 815 1928 animum
837 1879 972 1928 attentum
985 1873 1129 1946 postulant
1141 1873 1229 1931 adim-

137 1966 242 2042 plenda
253 1967 326 2024 siut:
348 1968 516 2042 plerumque
529 1978 574 2026 est
592 1970 727 2027 venialis:
749 1969 826 2027 nulla
839 1979 933 2026 autem
947 1979 991 2026 est
1001 1970 1084 2047 culpa
1098 1972 1227 2049 evagatio

140 2065 188 2123 issa
200 2084 288 2139 quam
301 2066 367 2139 quis
381 2067 486 2124 invitus
500 2070 611 2144 patitur.

178 2167 227 2224 67.
250 2164 433 2241 Negligentia
446 2165 555 2235 salutis,
579 2177 607 2224 et
626 2167 785 2226 officiorum
803 2184 866 2239 quae
889 2166 924 2224 ad
945 2186 1007 2226 earn
1021 2169 1228 2243 assequendam

137 2265 328 2336 requiruntur,
343 2275 488 2340 peceatum
509 2285 593 2342 grave
614 2266 718 2325 acediae
738 2275 799 2322 est:
821 2283 888 2322 nam
910 2274 1015 2323 temere
1030 2269 1094 2338 quis
1108 2268 1229 2325 salutem

136 2364 276 2433 consequi
301 2372 403 2439 sperat,
427 2365 462 2422 iis
489 2365 613 2422 omissis.
656 2365 836 2440 Quapropter
857 2362 1008 2421 solicitudo
1030 2373 1059 2422 et
1080 2365 1228 2442 diligentia

137 2461 222 2519 nobis
242 2462 491 2521 commendantur:
515 2471 534 2498 ‘⁶
547 2463 718 2522 Contendite
739 2466 841 2522 intrare
861 2481 912 2538 per
932 2476 1078 2540 angustam
1099 2475 1227 2541 portam:

139 2560 206 2633 quia
219 2561 308 2628 multi,
323 2560 389 2621 dieo
403 2563 494 2629 vobis,
509 2572 635 2635 quaerent
653 2565 766 2632 intrare,
787 2572 815 2619 et
827 2581 884 2620 non
898 2555 1078 2638 poterunt.’'¹
1119 2573 1138 2600 ⁴⁶
1151 2565 1229 2621 Sata·

137 2659 195 2735 gite
208 2672 240 2718 ut
252 2679 303 2735 per
315 2660 390 2718 bona
402 2679 490 2736 opera
502 2673 607 2721 certam
622 2674 743 2720 vestram
762 2661 941 2720 vocationem
962 2670 990 2717 et
1008 2663 1176 2720 electionem
1190 2661 1228 2719 la·

137 2752 267 2816 oiatis.”²
306 2758 365 2825 Qui
378 2760 514 2819 victorem
526 2780 558 2818 se
571 2770 672 2837 putans
687 2762 828 2826 vitiorum,
840 2777 898 2816 non
910 2758 1009 2833 vigilat
1020 2779 1057 2817 ne
1071 2771 1228 2834 erumpant,

137 2865 167 2914 st
178 2857 208 2916 in
220 2859 353 2916 virtutum
366 2859 468 2915 semita
486 2859 622 2934 proficere
636 2877 695 2916 non
714 2867 800 2923 curat,
816 2874 921 2931 magno
935 2854 1142 2914 indiscrimine
1155 2856 1230 2912 salu·

139 2956 173 3012 tis
199 2966 334 3015 versatur.
378 2957 623 3021 “Quantumlibet
648 2957 678 3013 in
700 2955 756 3013 hoe
779 2972 898 3031 corpore
921 2972 1040 3012 manans
1063 2955 1228 3030 profeceris,

138 3073 223 3124 erras,
238 3057 264 3112 si
278 3057 346 3114 vitia
359 3067 439 3132 putas
453 3074 517 3114 esse
537 3065 656 3122 mortua,
670 3065 699 3113 et
710 3073 768 3113 non
787 3054 878 3130 magis
895 3047 1100 3130 suppressa.”³
1140 3054 1183 3112 lta
1196 3053 1228 3110 S.

138 3152 309 3222 Bernardus,
320 3155 371 3228 qui
384 3155 512 3213 nolentes
526 3153 658 3232 progredi
669 3155 775 3230 arguit:
798 3163 818 3188 ‘⁶
830 3152 900 3211 Non
913 3154 957 3209 via
971 3153 1132 3227 proficeret
1147 3153 1227 3210 Non.

138 3252 193 3311 Vis
206 3272 275 3329 ergo
288 3252 430 3311 deficere?
464 3254 665 3325 Nequaquam.
707 3252 784 3317 Quid
806 3251 896 3327 ergol
924 3250 984 3316 Sic,
1007 3251 1113 3323 inquis,
1134 3250 1229 3307 vivere

137 3352 213 3418 volo,
228 3361 257 3408 et
268 3368 382 3408 manere
396 3351 426 3409 in
445 3370 503 3423 quo
517 3352 654 3427 perveni;
675 3368 728 3406 nec
748 3349 829 3425 pejor
848 3349 910 3405 fieri
932 3349 1032 3422 patior,
1056 3366 1109 3406 nec
1129 3347 1231 3406 melior

136 3449 233 3524 cupio.
276 3447 342 3504 Hoc
356 3466 424 3524 ergo
435 3450 488 3515 vis,
500 3448 577 3521 quod
590 3466 655 3507 esse
670 3466 728 3506 non
739 3455 840 3523 potost.
882 3445 962 3513 Quid
972 3446 1050 3504 enim
1063 3455 1118 3504 stat
1130 3449 1160 3505 in
1173 3445 1229 3505 hoc

136 3546 244 3606 saeculo
255 3540 305 3601 l’'⁴
324 3546 454 3606 Maxime
469 3557 587 3624 peccant
605 3547 703 3605 acedia
722 3547 771 3619 qui
786 3546 854 3604 vitia
874 3545 1069 3619 derelinquere
1081 3555 1111 3604 et
1122 3545 1157 3605 ad
1171 3544 1230 3607 Do·

138 3648 250 3706 minum
264 3646 391 3704 converti
404 3645 548 3714 differunt,
562 3665 635 3719 quos
648 3655 746 3705 monet
758 3644 978 3704 Ecclesiasticus
990 3665 998 3702 ε
1021 3653 1041 3682 ‘⁶
1053 3646 1123 3706 Non
1137 3646 1229 3705 tardes

138 3747 264 3804 converti
277 3745 312 3803 ad
325 3746 493 3814 Dominum,
508 3754 536 3803 et
549 3765 584 3805 ne
603 3744 717 3805 differas
735 3746 772 3805 de
792 3745 837 3805 die
859 3748 888 3805 in
908 3745 995 3804 diem.
1037 3746 1139 3804 Subito
1153 3746 1230 3801 enim

142 3846 221 3903 venit
242 3846 282 3902 ira
302 3847 388 3914 illius,
409 3856 437 3904 et
456 3847 487 3905 in
509 3855 635 3922 tempore
655 3845 786 3906 vindinae
807 3843 952 3923 disperdet
972 3835 1047 3899 te.”⁸
1087 3841 1231 3897 Craterum

139 3958 196 4001 non
208 3945 317 4018 quaevis
329 3963 419 4011 mora,
433 3944 484 4002 sed
496 3944 637 4013 diumma,
659 3944 704 4003 vol
723 3962 789 4001 eum
802 3940 939 4018 peccandi
952 3938 1055 3996 affeetu
1068 3938 1228 4013 conjuncta,

139 4060 225 4118 grave
238 4050 282 4099 est
294 4051 453 4120 peccatum.

176 4227 218 4292 (l)
232 4225 408 4277 Luaxiii.24.
495 4227 537 4294 (2)
552 4227 622 4277 2l’at
635 4229 652 4276 i.
664 4225 704 4276 10.
815 4226 856 4290 (3)
869 4222 948 4272 Serra.
959 4219 1165 4272 lvidinCaotic.

175 4311 217 4376 (4)
232 4311 280 4376 Ep.
291 4312 360 4362 ccliv.
372 4311 402 4361 ad
414 4311 536 4364 (larinum
548 4312 660 4362 abbania
671 4309 813 4375 Alpsnssm.
881 4308 922 4372 (d)
936 4306 1004 4358 dccl.
1017 4320 1040 4354 v.
1049 4303 1072 4354 8.
