2766 4996
329 415 387 475 nn
407 415 580 479 ocnavo
601 416 854 501 cumcurm.
1088 424 1145 481 na

54 603 215 650 numerosa,
229 584 275 642 vel
288 581 393 651 dinan
406 582 573 643 affluentes:
599 583 698 642 “Non
713 595 756 641 est
769 586 862 657 itaque
876 584 958 643 ineis
971 598 1149 645 remunerata

54 686 174 751 fallacia,
196 681 248 740 sed
268 683 483 752 benevolentia;
503 683 662 759 benignitas
688 686 801 751 mentis,
828 702 886 743 non
911 685 1044 757 iniquitas
1068 704 1147 743 men·

55 778 198 843 tientis'’¹
238 782 328 840 Jacob
343 784 378 841 ad
391 782 581 843 haereditatem
595 802 612 840 a
629 781 693 840 Deo
713 784 798 860 gratis
818 781 924 842 electus
938 795 995 851 est;
1017 784 1068 842 sed
1081 784 1149 845 dolo
1248 827 1258 841 .

55 903 123 942 usus
136 893 191 951 est,
205 891 293 939 matre
307 883 454 948 suadente,
470 892 502 941 ut
514 882 550 941 ad
564 902 627 940 eam
645 883 823 957 perveniret:
845 882 954 950 Rahab,
970 885 1086 942 miserta
1098 902 1148 943 ex·

54 984 238 1059 ploratorum,
253 991 281 1038 et
294 980 349 1039 fide
370 983 467 1040 animo
489 992 636 1059 concepta,
652 980 717 1038 Deo
730 982 845 1057 placuit,
859 982 1040 1041 mendacium
1054 994 1150 1043 umen

56 1083 181 1141 humano
203 1098 297 1137 errore
318 1079 455 1139 adhibuit.
498 1078 621 1138 Pulchre
635 1081 831 1157 Augustinus3
853 1080 1002 1148 “Quando
1016 1082 1097 1138 nobis
1112 1082 1148 1140 de

56 1181 210 1256 Scripturis
225 1181 330 1237 sanctis
341 1178 497 1238 mentiendi
511 1190 705 1255 proponuntur
718 1179 860 1256 exempla,
875 1190 922 1238 aut
934 1180 1081 1237 mendacia
1091 1199 1150 1238 non

57 1289 131 1347 sunt,
145 1278 198 1336 sed
210 1289 342 1354 putantur
357 1298 421 1337 esse
436 1280 504 1337 dum
519 1297 576 1336 non
590 1278 798 1354 intelhguntur;
819 1289 866 1337 aut
878 1282 903 1338 si
917 1279 1149 1345 mendaciatsunt

58 1377 192 1437 imitanda
206 1396 264 1435 non
277 1388 352 1445 sunt,
366 1379 434 1451 quia
441 1380 519 1456 justa
532 1396 595 1435 esse
609 1396 667 1434 non
681 1370 849 1453 possunt.”²

99 1482 169 1536 177.
192 1476 339 1548 Equidem
352 1479 486 1535 novimus
499 1477 674 1554 gravissimis
688 1475 899 1535 difficultatibus
912 1475 1064 1549 aliquando
1076 1477 1152 1534 labo·

60 1596 120 1635 rare
140 1578 193 1650 qui
216 1577 364 1635 veritatem
377 1577 471 1634 studet
492 1594 603 1634 servare
626 1575 760 1635 illamam:
782 1575 833 1634 sed
855 1595 913 1634 non
932 1575 1075 1635 ideolicet
1087 1594 1151 1633 cam

61 1677 212 1742 deserere;
231 1675 321 1732 semel
342 1678 420 1733 enim
441 1674 595 1733 mentiendi
615 1673 688 1732 lacta
709 1675 838 1734 facultate
857 1674 961 1732 fiducia
979 1693 1037 1732 non
1057 1676 1153 1733 estlo·

61 1776 169 1849 quenti.
213 1773 283 1832 ldco
302 1793 356 1833 nec
377 1775 513 1852 permittit
531 1775 708 1849 Augustinus
729 1773 875 1850 egrotanti
895 1773 1016 1838 mentiri,
1030 1791 1066 1830 ne
1081 1774 1153 1831 tristi

60 1876 164 1934 nuntio
179 1874 325 1940 moriatur,
338 1876 468 1946 quamvis
482 1892 513 1930 se
533 1891 619 1930 sensu
642 1871 767 1931 humano
790 1870 971 1929 vehementer
990 1873 1098 1929 moveri
1119 1870 1154 1928 ad

62 1971 276 2031 assentiendum
299 1972 431 2031 fateatur:
454 1983 473 2010 ‘⁶
485 1991 562 2049 saepe
584 1991 631 2030 me
654 1972 683 2030 in
703 1973 786 2030 rebus
806 1971 938 2030 humanis
952 1971 1039 2028 vincit
1051 1987 1154 2029 sensus

63 2072 216 2139 humanus,
231 2089 283 2130 nec
303 2073 432 2131 resistere
455 2073 537 2131 valeo
557 2091 622 2130 cum
642 2072 712 2129 mihi
732 2071 850 2129 dicitur:
872 2070 950 2128 Ecce
964 2071 1042 2147 gravi
1054 2071 1154 2129 morbo

62 2172 238 2248 periclitatur
251 2182 384 2247 egrotus,
399 2174 481 2249 cujus
490 2173 552 2249 jam
565 2173 639 2229 vires
653 2171 724 2229 serre
737 2191 795 2230 non
813 2171 933 2248 possint,
948 2172 973 2228 si
986 2169 1013 2226 ei
1026 2183 1155 2228 mortuus

66 2272 167 2330 unicus
182 2272 382 2331 etcarissimus
396 2273 472 2331 filius
485 2273 645 2336 nuntietur;
659 2281 711 2328 ate
722 2274 822 2343 quaerit
835 2289 870 2327 an
881 2270 1060 2340 vivatquem
1070 2269 1156 2326 vitam

63 2371 163 2428 finisse
184 2378 215 2428 tu
235 2371 326 2438 nosti3
347 2373 417 2444 quid
442 2371 639 2448 respondebis,
660 2370 774 2442 quando
793 2368 932 2445 quidquid
951 2368 1028 2426 aliud
1048 2367 1155 2426 dixeris

63 2483 164 2544 prater
178 2486 267 2527 unum
281 2469 316 2527 de
330 2472 427 2538 tribus,
442 2481 490 2529 aut
513 2480 657 2528 ‘mortuus
678 2470 741 2537 est‚’
756 2482 804 2529 aut
824 2468 931 2536 ‘vivit’
947 2478 995 2527 aut
1015 2466 1152 2535 ‘nescim’

63 2569 132 2626 nihil
146 2568 223 2626 aliud
236 2568 324 2626 credit
337 2569 384 2627 ille
397 2590 482 2642 quam
497 2582 640 2629 mortuum
652 2590 659 2637 ;
675 2569 751 2642 quod
765 2583 791 2629 te
805 2570 934 2646 intelligit
941 2569 1039 2627 timere
1050 2568 1153 2636 dicere,

63 2679 91 2725 et
103 2668 177 2725 nolle
188 2669 320 2725 mentiri?
348 2669 541 2727 Tantumdem
550 2670 631 2737 valet,
647 2671 757 2727 etiamsi
771 2668 943 2728 omnimodo
956 2669 1085 2726 tacueris.
1108 2667 1157 2724 Ex

64 2767 117 2823 illis
131 2778 230 2824 autem
244 2767 333 2824 tribus
346 2766 402 2824 duo
417 2769 485 2826 falsa
499 2779 574 2836 sunt,
596 2769 691 2834 ‘vivit
713 2778 741 2824 et
760 2768 874 2825 ‘nescio
886 2767 904 2833 ;'
926 2785 978 2822 nec
998 2767 1046 2821 abs
1061 2776 1086 2820 te
1101 2764 1157 2820 dici

65 2876 187 2941 possunt
199 2866 255 2922 nisi
268 2867 441 2924 mentiendo.
484 2867 558 2925 Illud
576 2877 668 2924 autem
681 2885 770 2923 unum
783 2884 892 2931 vemm,
905 2864 934 2922 id
948 2876 1000 2930 est,
1015 2873 1156 2921 mortuum

64 2982 141 3032 esse,
157 2966 184 3021 si
197 2963 315 3030 dixeris,
329 2976 358 3022 et
380 2967 529 3041 perturbati
553 2966 678 3023 hominis
701 2983 778 3022 mors
792 2964 875 3023 suerit
888 2965 1046 3031 subsecuta,
1061 2963 1110 3019 abs
1131 2971 1157 3018 te

62 3064 180 3121 occisus
194 3081 258 3120 esse
272 3062 447 3125 clamabitur.
490 3066 529 3123 Et
543 3067 606 3137 quis
621 3065 691 3123 scrat
700 3065 830 3123 homines
840 3074 1053 3140 exaggerantes,
1068 3080 1155 3133 quan·

69 3174 126 3221 tum
141 3164 178 3222 sit
191 3162 259 3221 mali
273 3163 384 3220 salubre
398 3164 579 3222 mendacium
591 3165 719 3231 devitari,
734 3176 762 3222 et
779 3163 951 3221 homicidam
965 3163 1044 3237 diligi
1059 3161 1158 3217 verita·

68 3263 145 3321 mml
187 3262 312 3320 Moveor
335 3262 380 3320 his
401 3266 541 3340 oppositis
560 3262 752 3329 vehementer,
773 3260 823 3319 sed
843 3263 945 3318 mhnm
966 3262 991 3317 si
1011 3260 1095 3316 etiam
1115 3276 1158 3313 sa·

63 3356 221 3438 pienter.”³

106 3465 173 3521 178.
196 3461 264 3518 Nec
287 3460 449 3538 Religionis
469 3461 563 3520 studio
582 3460 694 3517 mentiri
713 3460 788 3526 licet,
802 3476 868 3516 nam
882 3474 941 3516 non
953 3465 1019 3514 sunt
1031 3454 1160 3522 facienda

66 3561 149 3626 mala,
164 3571 196 3617 ut
208 3561 342 3618 eveniant
354 3562 447 3619 bona:
470 3561 574 3619 idcirco
588 3560 765 3636 Augustinus
779 3558 852 3616 hanc
865 3558 919 3616 sibi
932 3557 1072 3634 objectam
1086 3555 1159 3615 diffi-

68 3660 201 3718 cultatem
220 3659 354 3735 proeclare
374 3659 463 3718 diluit.
506 3659 696 3733 “Aliquando
718 3659 800 3717 nobis
819 3660 910 3735 ipsius
929 3676 1043 3731 quoque
1063 3657 1161 3714 salutis

69 3770 178 3817 aterna
201 3758 360 3834 periculum
382 3760 535 3835 opponitur
557 3758 633 3832 quod
655 3769 750 3817 nostro
773 3757 932 3825 mendacio,
953 3758 979 3814 si
1005 3757 1083 3813 aliter
1102 3773 1160 3811 non

70 3869 171 3934 potest,
186 3857 387 3934 depellendum
402 3877 465 3917 esse
479 3859 631 3926 clamatur;
647 3859 723 3916 velut
734 3859 759 3915 si
773 3859 923 3930 quisquam
936 3851 1120 3930 baptizandus
1131 3851 1161 3907 in

71 3968 207 4032 potestate
221 3958 259 4015 sit
272 3957 427 4032 impiorum
441 3970 523 4031 atque
547 3957 703 4033 infidelium
723 3956 900 4021 constitutus,
914 3953 949 4012 ad
963 3970 1049 4024 quem
1062 3967 1162 4026 perve-

67 4057 122 4115 niri
136 4076 193 4116 non
207 4057 300 4134 possit
312 4066 344 4113 ut
355 4057 467 4117 lavacro
487 4056 707 4134 regenerationis
722 4054 858 4120 abluatur,
872 4052 927 4109 nisi
939 4049 1068 4126 deceptis
1082 4067 1160 4107 men·

135 4258 179 4322 (l)
200 4258 265 4320 Aug.
277 4257 294 4306 l.
305 4265 391 4307 contra
404 4256 566 4316 mendacium,
578 4271 599 4306 c.
612 4269 651 4304 xv.
669 4270 694 4303 n.
706 4254 747 4301 82.
778 4272 788 4285 ·

139 4343 182 4410 (2)
200 4343 301 4403 Ibldffl·
313 4346 392 4415 ¹¹·',³¹·
633 4362 644 4375 ·
820 4334 862 4405 (3)
882 4337 983 4399 lbidom,
995 4353 1016 4387 c.
1027 4337 1096 4388 xviii.

1176 4238 1220 4309 e·
