2744 4980
548 388 604 447 DE
628 388 907 450 IGNORANTIA.
1109 422 1114 429 ·
1231 400 1267 453 21

221 552 268 612 ³1.
284 554 474 630 Ignorantiam
485 553 681 614 invincibilem
690 556 763 633 juris
773 555 905 613 naturalis
920 554 1125 632 principiorum
1138 554 1197 613 dari
1211 576 1270 616 non

187 654 267 714 posse
287 653 414 729 plerique
434 652 626 719 contendunt;
646 673 735 727 quum
755 654 834 712 enim
855 653 1011 725 unicuique
1032 656 1069 712 sit
1087 655 1168 722 rado,
1188 657 1270 733 cujus

192 754 251 824 &unt
260 752 406 810 manifesta
418 751 580 818 dictamina,
593 754 643 810 vix
657 762 751 829 potest
763 754 829 826 quis
851 771 885 811 ea
896 755 1037 828 ignorare,
1051 754 1107 812 nisi
1121 753 1206 830 culpa
1218 773 1270 812 sua

198 851 370 909 etvoluntatis
384 870 418 908 ea
436 852 590 909 aversantis
606 853 749 927 pravitate.
789 851 873 928 Ipsos
892 850 1022 910 ethnicos
1038 854 1122 929 juxta
1142 870 1176 909 ea
1192 852 1270 928 judi·

200 949 287 1007 tardos
318 951 445 1008 insinuat
469 950 635 1026 Apostolus,
661 969 695 1008 ea
720 953 808 1009 menti
834 952 921 1008 veluti
956 951 1094 1026 impressa
1124 950 1268 1009 reserens:

203 1044 395 1121 “Quicumque
418 1049 497 1107 enim
519 1050 582 1106 sine
604 1047 667 1124 lege
692 1059 891 1124 peccavemnt,
914 1049 977 1106 sine
998 1048 1061 1124 lege
1083 1049 1268 1125 peribunt...

195 1157 253 1205 tum
264 1149 337 1205 enim
350 1157 461 1222 gentes,
474 1165 537 1219 quae
556 1147 649 1223 legem
669 1165 729 1205 non
750 1147 863 1214 habent,
884 1147 1045 1206 naturaliter
1064 1165 1107 1214 ea,
1123 1165 1186 1219 quae
1199 1148 1271 1225 legis

187 1254 263 1312 sunt,
275 1245 387 1312 faciunt,
401 1245 545 1321 ejusmodi
557 1232 650 1321 legem
663 1264 723 1304 non
743 1246 878 1304 habentes
899 1248 955 1322 Ipsi
974 1247 1029 1304 sibi
1050 1257 1115 1303 sunt
1127 1246 1195 1304 lex:
1219 1249 1271 1319 qui

174 1343 332 1401 ostendunt
353 1362 426 1419 opus
445 1344 517 1419 legis
537 1345 674 1420 scriptum
696 1346 726 1403 in
748 1343 880 1407 cordibus
902 1347 972 1412 suis,
995 1346 1189 1403 testimonium
1209 1346 1270 1402 red·

162 1431 266 1500 dente
287 1442 343 1501 illis
363 1443 540 1501 conscientia
559 1443 696 1517 ipsorum,
717 1453 746 1500 et
764 1444 837 1502 inter
856 1463 887 1501 se
910 1445 1034 1503 invicem
1052 1445 1271 1520 cogitationibus

151 1542 389 1609 mussantibus,
415 1551 463 1599 aut
487 1542 572 1599 etiam
596 1537 860 1601 defendentibus.”¹
907 1542 1050 1600 Caeterum
1076 1544 1101 1600 si
1127 1545 1270 1618 contingat

140 1640 323 1712 Quemque
343 1641 500 1717 ignorantia
519 1641 678 1700 invincibili
697 1659 796 1700 eorum
814 1641 950 1707 laborare,
968 1660 1031 1698 reus
1045 1641 1141 1699 haberi
1155 1641 1269 1715 nequit3

129 1734 355 1816 Quapropter
368 1738 528 1797 Alexander
541 1739 625 1798 VIII.
639 1742 740 1799 merito
759 1739 903 1797 damnavit
915 1740 1139 1816 propositionem
1153 1758 1272 1812 sequen·

122 1821 256 1893 texn:
279 1838 440 1896 “Tametsi
460 1836 539 1895 dcun
560 1838 720 1914 ignorantia
739 1838 915 1897 invincibilis
932 1839 1005 1914 juris
1026 1845 1141 1903 naturae,
1161 1837 1223 1893 haec
1242 1839 1272 1893 in

112 1927 256 1991 ⁸¹1=rtu
270 1946 377 1994 naturae
388 1936 471 2012 lapsae
481 1946 644 2012 operantem
656 1955 693 1994 ex
706 1938 769 2013 ipsa
781 1955 840 1995 non
850 1945 967 1993 excusat
976 1954 992 1991 a
1001 1931 1168 2010 peccato.''²
1181 1934 1273 2005 Equi·

108 2013 246 2088 Qem
260 2052 327 2106 quae
339 2035 409 2092 ratio
422 2036 554 2107 quaeritur
566 2035 686 2110 culpaea
702 2035 721 2094 J
723 2036 832 2093 ansenii
846 2033 995 2111 discipulis
1016 2036 1046 2092 in
1060 2032 1129 2091 Adue
1145 2045 1271 2111 peccato,

114 2126 239 2188 tlon
252 2141 348 2207 potest
356 2132 392 2190 ad
404 2151 438 2189 ea
447 2151 509 2205 quae
519 2151 577 2192 uon
588 2133 747 2192 necessarii
757 2134 823 2192 inde
833 2134 977 2209 profluunt
984 2133 1082 2190 referri
1095 2153 1102 2200 3
1117 2133 1168 2190 scd
1176 2135 1273 2190 unius·

128 2230 322 2305 ‹zujusque
344 2230 481 2289 libertatis
506 2234 673 2290 exercitium
694 2232 894 2292 attendendum
914 2240 966 2289 est.
1014 2229 1093 2289 Hinc
1115 2232 1140 2288 si
1159 2232 1274 2306 juvenis

142 2320 356 2404 ignoraverit
374 2331 493 2393 omnino
511 2331 677 2407 pollutionis
698 2332 852 2399 malitiam
878 2332 903 2389 si
926 2330 1033 2406 conjux
1055 2347 1093 2387 ex
1114 2331 1274 2405 ignorantia

158 2412 299 2501 ‘prolem'
311 2427 498 2504 impediverit,
511 2431 657 2489 excusatio
673 2430 838 2488 haberetur:
863 2429 1030 2506 plemmque
1050 2439 1144 2486 tamen
1157 2429 1220 2505 ipsa
1233 2431 1274 2503 ig·

164 2527 315 2583 morantia
327 2527 358 2584 in
377 2526 462 2603 culpa
480 2546 595 2586 causam
614 2529 706 2587 habet
748 2527 919 2604 Negandum
931 2545 989 2585 non
1009 2537 1052 2583 est
1064 2528 1177 2602 ignaros
1191 2544 1274 2597 quos·

177 2621 249 2679 dam
271 2624 335 2683 sine
357 2625 441 2701 culpa
462 2643 526 2682 esse
545 2644 631 2701 posse
653 2627 782 2684 circaea
803 2644 865 2699 quae
885 2624 1078 2684 ratiocinando
1099 2624 1274 2682 deducuntur

184 2738 220 2778 ex
242 2722 318 2797 juris
344 2732 448 2782 natum
470 2725 631 2826 prinlctipiiq
655 2742 743 2798 quum
769 2725 943 2801 gravissImae
965 2740 1180 2793 nonnumquam
1203 2723 1275 2779 inter

184 2817 283 2877 doctos
296 2823 419 2899 piosque
439 2821 572 2881 hominos
592 2825 763 2895 questiones
782 2822 818 2880 de
838 2824 874 2880 iis
896 2823 1043 2898 agitentur.
1084 2821 1135 2877 Sic
1148 2819 1183 2877 de
1197 2837 1275 2876 men·

185 2916 266 2976 dacio
278 2920 410 2978 officioso
430 2921 582 2993 aliqnando
602 2919 775 2998 disputatum
792 2930 851 2987 est;
874 2930 902 2979 et
921 2920 960 2977 de
975 2920 1138 2978 innocentis
1161 2917 1274 2976 damna-

187 3017 261 3074 tione
275 3037 293 3074 a
300 3018 410 3095 judice,
421 3019 505 3094 juxta
520 3020 623 3096 judicii
646 3020 785 3086 ordinem,
805 3021 878 3078 inter
898 3019 953 3094 SS.
969 3019 1113 3078 Thomam
1134 3027 1163 3075 et
1182 3018 1275 3076 Bona·

189 3126 334 3174 venturam
347 3119 506 3190 quesitum.
1329 3190 1332 3195 ¹

225 3218 274 3272 32.
297 3215 353 3274 Jus
365 3214 493 3274 divinum
507 3217 686 3295 potitiorum,
700 3228 729 3275 et
746 3217 947 3275 revelationem
967 3216 1159 3280 christianam,
1174 3217 1198 3270 si
1213 3217 1276 3284 quis

190 3312 294 3385 absque
307 3313 391 3390 culpa
404 3315 523 3391 ignoret,
536 3335 602 3375 reus
616 3316 740 3374 nouerit
754 3311 935 3391 judicandus,
951 3312 1068 3369 Christo
1088 3311 1152 3385 ipso
1169 3309 1206 3367 de
1226 3309 1244 3366 J
1247 3329 1277 3367 u·

136 3402 143 3409 ’
190 3409 254 3468 deis
267 3411 396 3471 dicente:
421 3415 560 3473 “Sinon
581 3415 734 3481 venissem,
755 3422 784 3470 et
800 3409 911 3470 locutus
931 3410 1115 3476 fuissemus,
1130 3416 1277 3485 peccatum
1343 3474 1358 3493 .-

192 3527 242 3566 non
256 3506 442 3568 haberent”³
483 3512 587 3571 Meritd
602 3513 686 3589 igitur
699 3510 829 3569 damnata
840 3520 884 3567 est
903 3510 1076 3586 propositio:
1100 3517 1119 3543 “
1128 3509 1277 3567 infidelitas

192 3625 256 3682 pure
269 3611 402 3685 negativa
415 3611 444 3668 in
464 3612 499 3668 iis
519 3613 623 3684 quibus
643 3611 777 3669 Christus
790 3627 849 3667 non
870 3619 914 3667 est
933 3608 1110 3686 praedicatus,
1130 3619 1277 3684 peccatum

192 3701 278 3763 est.”⁴
320 3707 467 3781 Equidem
480 3711 657 3788 Augustinus
671 3709 706 3767 de
719 3708 839 3767 ethnicis
853 3727 950 3786 agens,
972 3707 1081 3766 videtur
1101 3724 1150 3764 eos
1171 3709 1278 3784 pcccati

193 3823 314 3882 arguere,
325 3818 353 3865 et
362 3806 537 3868 damnandos
547 3809 715 3887 praedicare:
731 3817 751 3845 ‘⁶
760 3807 808 3866 illa
817 3808 972 3884 ignorantia
981 3826 1044 3882 quae
1058 3816 1169 3864 nonest
1180 3823 1278 3862 eorum

194 3905 236 3974 qui
248 3907 323 3963 solre
336 3907 447 3976 nolunt,
461 3908 511 3965 sed
524 3927 623 3968 eorum
637 3909 686 3980 qui
700 3918 843 3980 tamquam
856 3906 1024 3983 simpliciter
1035 3904 1175 3971 nesciunt,
1190 3904 1278 3962 nemi-

194 4005 309 4063 uemsic
331 4016 459 4076 excusat,
481 4020 513 4066 ut
531 4009 704 4084 sempiterno
724 4009 789 4084 igne
810 4025 868 4065 nou
888 4005 992 4071 ardeat,
1013 4005 1038 4060 si
1060 4014 1209 4078 propterea
1221 4021 1278 4060 non

194 4101 315 4171 credidit,
335 4106 481 4177 quianon
500 4107 607 4166 audivit
626 4106 743 4165 omniuo
761 4104 838 4179 quod
860 4101 995 4170 crederet,
1022 4101 1073 4159 sed
1098 4100 1223 4159 fortassis
1249 4114 1280 4159 ut

225 4288 264 4354 (1)
278 4289 389 4341 30³1·st
403 4292 443 4344 14·
614 4293 657 4359 (¹2)
672 4291 744 4357 Prop.
754 4288 780 4340 ii.
794 4288 1000 4348 interdnmnatas,
1011 4293 1027 4338 7
1037 4288 1178 4340 Decembris
1192 4288 1263 4337 1690.

227 4377 266 4443 (³)
280 4377 345 4428 loun
354 4393 396 4428 xv·
408 4381 449 4427 22·
616 4380 656 4444 (4)
676 4375 818 4443 propriu.
