<?xml version="1.0" encoding="UTF-8"?>
<!DOCTYPE html PUBLIC "-//W3C//DTD XHTML 1.0 Transitional//EN"
    "http://www.w3.org/TR/xhtml1/DTD/xhtml1-transitional.dtd">
<html xmlns="http://www.w3.org/1999/xhtml" xml:lang="en" lang="en">
 <head>
  <title>
</title>
<meta http-equiv="Content-Type" content="text/html;charset=utf-8" />
  <meta name='ocr-system' content='tesseract 3.04.00' />
  <meta name='ocr-capabilities' content='ocr_page ocr_carea ocr_par ocr_line ocrx_word'/>
</head>
<body>
  <div class='ocr_page' id='page_1' title='image "./theologiaemoral00kenrgoog_0261.png"; bbox 0 0 2766 4996; ppageno 0'>
   <div class='ocr_carea' id='block_1_1' title="bbox 138 407 923 474">
    <p class='ocr_par' dir='ltr' id='par_1_1' title="bbox 138 407 923 474">
     <span class='ocr_line' id='line_1_1' title="bbox 138 407 923 474; baseline -0.01 0"><span class='ocrx_word' id='word_1_1' title='bbox 138 418 198 474; x_wconf 75' lang='lat'><strong>240</strong></span> <span class='ocrx_word' id='word_1_2' title='bbox 434 408 490 467; x_wconf 91' lang='lat' dir='ltr'><strong>DE</strong></span> <span class='ocrx_word' id='word_1_3' title='bbox 513 407 715 467; x_wconf 79' lang='lat' dir='ltr'>GENTIUM</span> <span class='ocrx_word' id='word_1_4' title='bbox 735 407 923 467; x_wconf 82' lang='lat' dir='ltr'><strong>JURlBUS.</strong></span> 
     </span>
    </p>
   </div>
   <div class='ocr_carea' id='block_1_2' title="bbox 141 571 1235 3317">
    <p class='ocr_par' dir='ltr' id='par_1_2' title="bbox 141 571 1233 1240">
     <span class='ocr_line' id='line_1_2' title="bbox 141 571 1230 655; baseline -0.006 -21"><span class='ocrx_word' id='word_1_5' title='bbox 141 593 296 655; x_wconf 91' lang='lat' dir='ltr'><strong>paucorum</strong></span> <span class='ocrx_word' id='word_1_6' title='bbox 311 573 497 650; x_wconf 83' lang='lat' dir='ltr'><strong>perduellium</strong></span> <span class='ocrx_word' id='word_1_7' title='bbox 513 573 610 631; x_wconf 82' lang='lat' dir='ltr'><strong>fovere</strong></span> <span class='ocrx_word' id='word_1_8' title='bbox 634 573 739 639; x_wconf 86' lang='lat' dir='ltr'><strong>turbas,</strong></span> <span class='ocrx_word' id='word_1_9' title='bbox 752 581 782 629; x_wconf 86' lang='lat' dir='ltr'><strong>ct</strong></span> <span class='ocrx_word' id='word_1_10' title='bbox 798 571 926 648; x_wconf 81' lang='lat' dir='ltr'><strong>legitimo</strong></span> <span class='ocrx_word' id='word_1_11' title='bbox 946 572 1073 648; x_wconf 88' lang='lat' dir='ltr'><strong>imperio</strong></span> <span class='ocrx_word' id='word_1_12' title='bbox 1093 572 1230 631; x_wconf 88' lang='lat' dir='ltr'><strong>molestias</strong></span> 
     </span>
     <span class='ocr_line' id='line_1_3' title="bbox 141 670 1231 748; baseline -0.008 -14"><span class='ocrx_word' id='word_1_13' title='bbox 141 670 260 734; x_wconf 85' lang='lat' dir='ltr'><strong>creare.¹</strong></span> <span class='ocrx_word' id='word_1_14' title='bbox 282 673 314 730; x_wconf 85' lang='lat' dir='ltr'><strong>si</strong></span> <span class='ocrx_word' id='word_1_15' title='bbox 328 691 365 730; x_wconf 80' lang='lat' dir='ltr'><strong>ex</strong></span> <span class='ocrx_word' id='word_1_16' title='bbox 379 673 467 730; x_wconf 86' lang='lat' dir='ltr'><strong>turbis</strong></span> <span class='ocrx_word' id='word_1_17' title='bbox 480 673 663 743; x_wconf 85' lang='lat' dir='ltr'><strong>motibusque</strong></span> <span class='ocrx_word' id='word_1_18' title='bbox 677 672 768 747; x_wconf 81' lang='lat' dir='ltr'><strong>gentis</strong></span> <span class='ocrx_word' id='word_1_19' title='bbox 782 671 902 748; x_wconf 79' lang='lat' dir='ltr'><strong>alicujus</strong></span> <span class='ocrx_word' id='word_1_20' title='bbox 916 671 1079 746; x_wconf 88' lang='lat' dir='ltr'><strong>periculum</strong></span> <span class='ocrx_word' id='word_1_21' title='bbox 1092 672 1231 730; x_wconf 81' lang='lat' dir='ltr'><strong>immineat</strong></span> 
     </span>
     <span class='ocr_line' id='line_1_4' title="bbox 142 769 1231 848; baseline -0.006 -16"><span class='ocrx_word' id='word_1_22' title='bbox 142 773 221 832; x_wconf 78' lang='lat' dir='ltr'><strong>elteri</strong></span> <span class='ocrx_word' id='word_1_23' title='bbox 240 773 317 848; x_wconf 84' lang='lat' dir='ltr'><strong>genti</strong></span> <span class='ocrx_word' id='word_1_24' title='bbox 337 772 515 847; x_wconf 78' lang='lat' dir='ltr'><strong>propinque,</strong></span> <span class='ocrx_word' id='word_1_25' title='bbox 535 770 602 828; x_wconf 92' lang='lat' dir='ltr'><strong>huic</strong></span> <span class='ocrx_word' id='word_1_26' title='bbox 624 780 699 828; x_wconf 87' lang='lat' dir='ltr'><strong>certe</strong></span> <span class='ocrx_word' id='word_1_27' title='bbox 721 769 817 827; x_wconf 81' lang='lat' dir='ltr'>licebit</span> <span class='ocrx_word' id='word_1_28' title='bbox 835 770 888 827; x_wconf 89' lang='lat' dir='ltr'><strong>sibi</strong></span> <span class='ocrx_word' id='word_1_29' title='bbox 908 770 1072 837; x_wconf 89' lang='lat' dir='ltr'><strong>consulere,</strong></span> <span class='ocrx_word' id='word_1_30' title='bbox 1087 780 1231 842; x_wconf 86' lang='lat' dir='ltr'><strong>motasque</strong></span> 
     </span>
     <span class='ocr_line' id='line_1_5' title="bbox 143 861 1233 948; baseline -0.003 -19"><span class='ocrx_word' id='word_1_31' title='bbox 143 861 360 948; x_wconf 79' lang='lat' dir='ltr'><strong>comprimere.²</strong></span> <span class='ocrx_word' id='word_1_32' title='bbox 402 870 579 928; x_wconf 90' lang='lat' dir='ltr'><strong>Gubemium</strong></span> <span class='ocrx_word' id='word_1_33' title='bbox 592 870 764 946; x_wconf 86' lang='lat' dir='ltr'><strong>Supremum</strong></span> <span class='ocrx_word' id='word_1_34' title='bbox 778 868 909 926; x_wconf 85' lang='lat' dir='ltr'><strong>Statuam</strong></span> <span class='ocrx_word' id='word_1_35' title='bbox 931 867 1152 928; x_wconf 74' lang='lat' dir='ltr'><strong>Foedemtorum</strong></span> <span class='ocrx_word' id='word_1_36' title='bbox 1165 880 1233 927; x_wconf 85' lang='lat' dir='ltr'><strong>tenc·</strong></span> 
     </span>
     <span class='ocr_line' id='line_1_6' title="bbox 142 966 1232 1034; baseline -0.005 -5"><span class='ocrx_word' id='word_1_37' title='bbox 142 981 187 1030; x_wconf 88' lang='lat' dir='ltr'><strong>tur</strong></span> <span class='ocrx_word' id='word_1_38' title='bbox 213 987 377 1027; x_wconf 79' lang='lat' dir='ltr'><strong>succurrere</strong></span> <span class='ocrx_word' id='word_1_39' title='bbox 404 970 496 1027; x_wconf 82' lang='lat' dir='ltr'><strong>Statui</strong></span> <span class='ocrx_word' id='word_1_40' title='bbox 524 969 640 1026; x_wconf 84' lang='lat' dir='ltr'><strong>cuilibet</strong></span> <span class='ocrx_word' id='word_1_41' title='bbox 669 977 768 1026; x_wconf 79' lang='lat' dir='ltr'><strong>oontm</strong></span> <span class='ocrx_word' id='word_1_42' title='bbox 792 967 954 1025; x_wconf 88' lang='lat' dir='ltr'><strong>violentiam</strong></span> <span class='ocrx_word' id='word_1_43' title='bbox 986 966 1188 1034; x_wconf 81' lang='lat' dir='ltr'><strong>domesticam,</strong></span> <span class='ocrx_word' id='word_1_44' title='bbox 1212 968 1232 1024; x_wconf 90' lang='lat' dir='ltr'><strong>si</strong></span> 
     </span>
     <span class='ocr_line' id='line_1_7' title="bbox 143 1066 1233 1148; baseline -0.005 -19"><span class='ocrx_word' id='word_1_45' title='bbox 143 1069 361 1148; x_wconf 85' lang='lat' dir='ltr'><strong>legumlatorum</strong></span> <span class='ocrx_word' id='word_1_46' title='bbox 387 1078 477 1126; x_wconf 88' lang='lat' dir='ltr'><strong>coetus</strong></span> <span class='ocrx_word' id='word_1_47' title='bbox 501 1067 695 1143; x_wconf 81' lang='lat' dir='ltr'><strong>postulaverit,</strong></span> <span class='ocrx_word' id='word_1_48' title='bbox 720 1066 767 1124; x_wconf 92' lang='lat' dir='ltr'><strong>vel</strong></span> <span class='ocrx_word' id='word_1_49' title='bbox 794 1066 985 1132; x_wconf 84' lang='lat' dir='ltr'><strong>Gubernator,</strong></span> <span class='ocrx_word' id='word_1_50' title='bbox 1013 1066 1132 1139; x_wconf 90' lang='lat' dir='ltr'><strong>quaudo</strong></span> <span class='ocrx_word' id='word_1_51' title='bbox 1153 1075 1233 1125; x_wconf 85' lang='lat' dir='ltr'><strong>coetus</strong></span> 
     </span>
     <span class='ocr_line' id='line_1_8' title="bbox 142 1161 376 1240; baseline -0.026 -12"><span class='ocrx_word' id='word_1_52' title='bbox 142 1169 240 1228; x_wconf 86' lang='lat' dir='ltr'><strong>haberi</strong></span> <span class='ocrx_word' id='word_1_53' title='bbox 253 1161 376 1240; x_wconf 76' lang='lat' dir='ltr'><strong>nequit³</strong></span> 
     </span>
    </p>

    <p class='ocr_par' dir='ltr' id='par_1_3' title="bbox 143 1263 1235 2231">
     <span class='ocr_line' id='line_1_9' title="bbox 182 1263 1235 1339; baseline -0.007 -15"><span class='ocrx_word' id='word_1_54' title='bbox 182 1271 211 1324; x_wconf 85' lang='grc'><strong>9.</strong></span> <span class='ocrx_word' id='word_1_55' title='bbox 234 1267 354 1332; x_wconf 80' lang='lat' dir='ltr'><strong>Quoties</strong></span> <span class='ocrx_word' id='word_1_56' title='bbox 373 1266 524 1324; x_wconf 84' lang='lat' dir='ltr'><strong>hominum</strong></span> <span class='ocrx_word' id='word_1_57' title='bbox 539 1263 690 1323; x_wconf 89' lang='lat' dir='ltr'><strong>multitudo</strong></span> <span class='ocrx_word' id='word_1_58' title='bbox 711 1265 745 1322; x_wconf 91' lang='lat' dir='ltr'><strong>ab</strong></span> <span class='ocrx_word' id='word_1_59' title='bbox 770 1265 892 1339; x_wconf 84' lang='lat' dir='ltr'><strong>imperio</strong></span> <span class='ocrx_word' id='word_1_60' title='bbox 914 1263 1014 1321; x_wconf 83' lang='lat' dir='ltr'><strong>fecerit</strong></span> <span class='ocrx_word' id='word_1_61' title='bbox 1032 1263 1198 1329; x_wconf 89' lang='lat' dir='ltr'><strong>divortium,</strong></span> <span class='ocrx_word' id='word_1_62' title='bbox 1211 1271 1235 1318; x_wconf 85' lang='lat' dir='ltr'><strong>et</strong></span> 
     </span>
     <span class='ocr_line' id='line_1_10' title="bbox 143 1358 1234 1441; baseline -0.005 -19"><span class='ocrx_word' id='word_1_63' title='bbox 143 1366 274 1441; x_wconf 85' lang='lat' dir='ltr'><strong>regimen</strong></span> <span class='ocrx_word' id='word_1_64' title='bbox 288 1363 411 1438; x_wconf 86' lang='lat' dir='ltr'><strong>speciale</strong></span> <span class='ocrx_word' id='word_1_65' title='bbox 426 1363 479 1419; x_wconf 86' lang='lat' dir='ltr'><strong>sibi</strong></span> <span class='ocrx_word' id='word_1_66' title='bbox 493 1363 619 1440; x_wconf 85' lang='lat' dir='ltr'><strong>elegerit,</strong></span> <span class='ocrx_word' id='word_1_67' title='bbox 634 1382 708 1420; x_wconf 89' lang='lat' dir='ltr'><strong>nova</strong></span> <span class='ocrx_word' id='word_1_68' title='bbox 717 1362 765 1420; x_wconf 87' lang='lat' dir='ltr'><strong>illa</strong></span> <span class='ocrx_word' id='word_1_69' title='bbox 777 1381 871 1421; x_wconf 90' lang='lat' dir='ltr'><strong>rerum</strong></span> <span class='ocrx_word' id='word_1_70' title='bbox 885 1358 1011 1420; x_wconf 87' lang='lat' dir='ltr'><strong>conditio</strong></span> <span class='ocrx_word' id='word_1_71' title='bbox 1024 1363 1101 1421; x_wconf 89' lang='lat' dir='ltr'><strong>solet</strong></span> <span class='ocrx_word' id='word_1_72' title='bbox 1112 1363 1234 1439; x_wconf 80' lang='lat' dir='ltr'><strong>legia&#39;ma</strong></span> 
     </span>
     <span class='ocr_line' id='line_1_11' title="bbox 143 1459 1234 1533; baseline -0.005 -13"><span class='ocrx_word' id='word_1_73' title='bbox 143 1463 251 1528; x_wconf 87' lang='lat' dir='ltr'><strong>haberi,</strong></span> <span class='ocrx_word' id='word_1_74' title='bbox 266 1479 355 1533; x_wconf 89' lang='lat' dir='ltr'><strong>quum</strong></span> <span class='ocrx_word' id='word_1_75' title='bbox 370 1461 453 1518; x_wconf 86' lang='lat' dir='ltr'><strong>tirma</strong></span> <span class='ocrx_word' id='word_1_76' title='bbox 466 1470 495 1518; x_wconf 91' lang='lat' dir='ltr'><strong>et</strong></span> <span class='ocrx_word' id='word_1_77' title='bbox 513 1463 566 1520; x_wconf 89' lang='lat' dir='ltr'><strong>sibi</strong></span> <span class='ocrx_word' id='word_1_78' title='bbox 587 1460 733 1518; x_wconf 85' lang='lat' dir='ltr'><strong>sufficiens</strong></span> <span class='ocrx_word' id='word_1_79' title='bbox 754 1460 888 1528; x_wconf 89' lang='lat' dir='ltr'><strong>videatur,</strong></span> <span class='ocrx_word' id='word_1_80' title='bbox 907 1459 977 1519; x_wconf 88' lang='lat' dir='ltr'><strong>adeo</strong></span> <span class='ocrx_word' id='word_1_81' title='bbox 997 1469 1029 1518; x_wconf 91' lang='lat' dir='ltr'><strong>ut</strong></span> <span class='ocrx_word' id='word_1_82' title='bbox 1043 1462 1118 1519; x_wconf 89' lang='lat' dir='ltr'><strong>tueri</strong></span> <span class='ocrx_word' id='word_1_83' title='bbox 1131 1461 1234 1518; x_wconf 84' lang='lat' dir='ltr'><strong>valeam</strong></span> 
     </span>
     <span class='ocr_line' id='line_1_12' title="bbox 144 1558 1234 1638; baseline -0.002 -20"><span class='ocrx_word' id='word_1_84' title='bbox 144 1560 402 1618; x_wconf 83' lang='lat' dir='ltr'><strong>suamlibertatem.</strong></span> <span class='ocrx_word' id='word_1_85' title='bbox 425 1559 510 1626; x_wconf 82' lang='lat' dir='ltr'><strong>Quod</strong></span> <span class='ocrx_word' id='word_1_86' title='bbox 519 1562 544 1619; x_wconf 86' lang='lat' dir='ltr'><strong>si</strong></span> <span class='ocrx_word' id='word_1_87' title='bbox 553 1558 675 1638; x_wconf 88' lang='lat' dir='ltr'><strong>populus</strong></span> <span class='ocrx_word' id='word_1_88' title='bbox 685 1560 974 1618; x_wconf 86' lang='lat' dir='ltr'><strong>amiseritlibertatem</strong></span> <span class='ocrx_word' id='word_1_89' title='bbox 986 1562 1141 1636; x_wconf 86' lang='lat' dir='ltr'><strong>potentiori</strong></span> <span class='ocrx_word' id='word_1_90' title='bbox 1151 1561 1234 1636; x_wconf 76' lang='lat' dir='ltr'><strong>impe</strong></span> 
     </span>
     <span class='ocr_line' id='line_1_13' title="bbox 144 1659 1232 1736; baseline -0.004 -17"><span class='ocrx_word' id='word_1_91' title='bbox 144 1661 187 1719; x_wconf 92' lang='lat' dir='ltr'><strong>rio</strong></span> <span class='ocrx_word' id='word_1_92' title='bbox 208 1659 347 1727; x_wconf 90' lang='lat' dir='ltr'><strong>devictus,</strong></span> <span class='ocrx_word' id='word_1_93' title='bbox 361 1670 389 1717; x_wconf 88' lang='lat' dir='ltr'><strong>et</strong></span> <span class='ocrx_word' id='word_1_94' title='bbox 409 1660 438 1716; x_wconf 92' lang='lat' dir='ltr'><strong>in</strong></span> <span class='ocrx_word' id='word_1_95' title='bbox 452 1660 572 1717; x_wconf 86' lang='lat' dir='ltr'><strong>alienam</strong></span> <span class='ocrx_word' id='word_1_96' title='bbox 587 1659 728 1717; x_wconf 84' lang='lat' dir='ltr'><strong>transierit</strong></span> <span class='ocrx_word' id='word_1_97' title='bbox 740 1659 888 1725; x_wconf 88' lang='lat' dir='ltr'><strong>ditionem,</strong></span> <span class='ocrx_word' id='word_1_98' title='bbox 898 1659 964 1734; x_wconf 89' lang='lat' dir='ltr'><strong>jura</strong></span> <span class='ocrx_word' id='word_1_99' title='bbox 976 1660 1040 1736; x_wconf 86' lang='lat' dir='ltr'><strong>ejus</strong></span> <span class='ocrx_word' id='word_1_100' title='bbox 1055 1660 1162 1717; x_wconf 86' lang='lat' dir='ltr'><strong>amissa</strong></span> <span class='ocrx_word' id='word_1_101' title='bbox 1180 1677 1232 1716; x_wconf 91' lang='lat' dir='ltr'><strong>non</strong></span> 
     </span>
     <span class='ocr_line' id='line_1_14' title="bbox 145 1757 1232 1836; baseline -0.005 -18"><span class='ocrx_word' id='word_1_102' title='bbox 145 1770 297 1818; x_wconf 86' lang='lat' dir='ltr'><strong>censentur</strong></span> <span class='ocrx_word' id='word_1_103' title='bbox 313 1759 369 1817; x_wconf 91' lang='lat' dir='ltr'><strong>nisi</strong></span> <span class='ocrx_word' id='word_1_104' title='bbox 380 1768 446 1835; x_wconf 86' lang='lat' dir='ltr'><strong>post</strong></span> <span class='ocrx_word' id='word_1_105' title='bbox 457 1759 656 1836; x_wconf 83' lang='lat' dir='ltr'><strong>longissimum</strong></span> <span class='ocrx_word' id='word_1_106' title='bbox 671 1759 807 1833; x_wconf 87' lang='lat' dir='ltr'><strong>temporis</strong></span> <span class='ocrx_word' id='word_1_107' title='bbox 821 1757 945 1834; x_wconf 85' lang='lat' dir='ltr'><strong>lapsum,</strong></span> <span class='ocrx_word' id='word_1_108' title='bbox 960 1776 1048 1829; x_wconf 92' lang='lat' dir='ltr'><strong>quum</strong></span> <span class='ocrx_word' id='word_1_109' title='bbox 1062 1758 1159 1815; x_wconf 91' lang='lat' dir='ltr'><strong>omnis</strong></span> <span class='ocrx_word' id='word_1_110' title='bbox 1171 1774 1232 1833; x_wconf 88' lang='lat' dir='ltr'><strong>spes</strong></span> 
     </span>
     <span class='ocr_line' id='line_1_15' title="bbox 147 1855 1233 1935; baseline -0.006 -18"><span class='ocrx_word' id='word_1_111' title='bbox 147 1860 282 1917; x_wconf 78' lang='lat' dir='ltr'><strong>libertatis</strong></span> <span class='ocrx_word' id='word_1_112' title='bbox 296 1858 495 1935; x_wconf 71' lang='lat' dir='ltr'><strong>recuperandae</strong></span> <span class='ocrx_word' id='word_1_113' title='bbox 518 1858 672 1924; x_wconf 83' lang='lat' dir='ltr'><strong>evanuerit,</strong></span> <span class='ocrx_word' id='word_1_114' title='bbox 687 1867 715 1914; x_wconf 92' lang='lat' dir='ltr'><strong>et</strong></span> <span class='ocrx_word' id='word_1_115' title='bbox 729 1856 851 1933; x_wconf 87' lang='lat' dir='ltr'><strong>populus</strong></span> <span class='ocrx_word' id='word_1_116' title='bbox 864 1857 894 1914; x_wconf 92' lang='lat' dir='ltr'><strong>in</strong></span> <span class='ocrx_word' id='word_1_117' title='bbox 915 1874 1017 1914; x_wconf 84' lang='lat' dir='ltr'><strong>novam</strong></span> <span class='ocrx_word' id='word_1_118' title='bbox 1032 1874 1129 1915; x_wconf 89' lang='lat' dir='ltr'><strong>rerum</strong></span> <span class='ocrx_word' id='word_1_119' title='bbox 1143 1855 1233 1914; x_wconf 88' lang='lat' dir='ltr'><strong>condi·</strong></span> 
     </span>
     <span class='ocr_line' id='line_1_16' title="bbox 146 1956 1233 2032; baseline -0.006 -16"><span class='ocrx_word' id='word_1_120' title='bbox 146 1960 251 2016; x_wconf 83' lang='lat' dir='ltr'><strong>tionem</strong></span> <span class='ocrx_word' id='word_1_121' title='bbox 266 1958 451 2014; x_wconf 83' lang='lat' dir='ltr'><strong>consensisse</strong></span> <span class='ocrx_word' id='word_1_122' title='bbox 465 1956 600 2015; x_wconf 85' lang='lat' dir='ltr'><strong>videatur.</strong></span> <span class='ocrx_word' id='word_1_123' title='bbox 643 1956 748 2014; x_wconf 84' lang='lat' dir='ltr'><strong>Peccat</strong></span> <span class='ocrx_word' id='word_1_124' title='bbox 761 1966 852 2013; x_wconf 86' lang='lat' dir='ltr'><strong>autem</strong></span> <span class='ocrx_word' id='word_1_125' title='bbox 867 1967 963 2013; x_wconf 86' lang='lat' dir='ltr'><strong>contra</strong></span> <span class='ocrx_word' id='word_1_126' title='bbox 969 1956 1018 2032; x_wconf 86' lang='lat' dir='ltr'><strong>jus</strong></span> <span class='ocrx_word' id='word_1_127' title='bbox 1027 1957 1154 2032; x_wconf 83' lang='lat' dir='ltr'><strong>gentium</strong></span> <span class='ocrx_word' id='word_1_128' title='bbox 1169 1972 1233 2032; x_wconf 81' lang='lat' dir='ltr'><strong>gens</strong></span> 
     </span>
     <span class='ocr_line' id='line_1_17' title="bbox 146 2055 1231 2132; baseline 0.002 -20"><span class='ocrx_word' id='word_1_129' title='bbox 146 2055 278 2127; x_wconf 73' lang='lat' dir='ltr'><strong>quelibet</strong></span> <span class='ocrx_word' id='word_1_130' title='bbox 297 2055 460 2112; x_wconf 84' lang='lat' dir='ltr'><strong>inferiorem</strong></span> <span class='ocrx_word' id='word_1_131' title='bbox 484 2055 589 2112; x_wconf 91' lang='lat' dir='ltr'><strong>viribus</strong></span> <span class='ocrx_word' id='word_1_132' title='bbox 609 2057 733 2132; x_wconf 87' lang='lat' dir='ltr'><strong>potentia</strong></span> <span class='ocrx_word' id='word_1_133' title='bbox 754 2073 897 2132; x_wconf 91' lang='lat' dir='ltr'><strong>premens,</strong></span> <span class='ocrx_word' id='word_1_134' title='bbox 912 2064 945 2110; x_wconf 77' lang='lat' dir='ltr'><strong>‘et</strong></span> <span class='ocrx_word' id='word_1_135' title='bbox 965 2055 1080 2131; x_wconf 86' lang='lat' dir='ltr'><strong>privans</strong></span> <span class='ocrx_word' id='word_1_136' title='bbox 1101 2055 1231 2114; x_wconf 73' lang='lat' dir='ltr'><strong>libertate,</strong></span> 
     </span>
     <span class='ocr_line' id='line_1_18' title="bbox 145 2152 747 2231; baseline -0.002 -20"><span class='ocrx_word' id='word_1_137' title='bbox 145 2153 200 2211; x_wconf 88' lang='lat' dir='ltr'><strong>nisi</strong></span> <span class='ocrx_word' id='word_1_138' title='bbox 216 2152 348 2230; x_wconf 87' lang='lat' dir='ltr'><strong>injuriam</strong></span> <span class='ocrx_word' id='word_1_139' title='bbox 361 2153 511 2211; x_wconf 90' lang='lat' dir='ltr'><strong>ulciscatur</strong></span> <span class='ocrx_word' id='word_1_140' title='bbox 523 2153 597 2211; x_wconf 92' lang='lat' dir='ltr'><strong>hello</strong></span> <span class='ocrx_word' id='word_1_141' title='bbox 610 2153 747 2231; x_wconf 87' lang='lat' dir='ltr'><strong>legitimo.</strong></span> 
     </span>
    </p>

    <p class='ocr_par' dir='ltr' id='par_1_4' title="bbox 143 2251 1233 3213">
     <span class='ocr_line' id='line_1_19' title="bbox 188 2251 1232 2328; baseline -0.004 -18"><span class='ocrx_word' id='word_1_142' title='bbox 188 2257 235 2311; x_wconf 89' lang='lat'><strong>10.</strong></span> <span class='ocrx_word' id='word_1_143' title='bbox 258 2253 339 2310; x_wconf 89' lang='lat' dir='ltr'><strong>Gens</strong></span> <span class='ocrx_word' id='word_1_144' title='bbox 360 2251 490 2325; x_wconf 73' lang='lat' dir='ltr'><strong>qualibet</strong></span> <span class='ocrx_word' id='word_1_145' title='bbox 505 2252 554 2328; x_wconf 91' lang='lat' dir='ltr'><strong>jus</strong></span> <span class='ocrx_word' id='word_1_146' title='bbox 567 2252 651 2310; x_wconf 87' lang='lat' dir='ltr'><strong>habet</strong></span> <span class='ocrx_word' id='word_1_147' title='bbox 663 2251 697 2310; x_wconf 88' lang='lat' dir='ltr'><strong>ad</strong></span> <span class='ocrx_word' id='word_1_148' title='bbox 711 2272 745 2310; x_wconf 90' lang='lat' dir='ltr'><strong>ea</strong></span> <span class='ocrx_word' id='word_1_149' title='bbox 758 2254 854 2311; x_wconf 88' lang='lat' dir='ltr'><strong>omnia</strong></span> <span class='ocrx_word' id='word_1_150' title='bbox 866 2271 929 2326; x_wconf 73' lang='lat' dir='ltr'><strong>quae</strong></span> <span class='ocrx_word' id='word_1_151' title='bbox 943 2251 978 2310; x_wconf 91' lang='lat' dir='ltr'><strong>ad</strong></span> <span class='ocrx_word' id='word_1_152' title='bbox 996 2253 1040 2310; x_wconf 87' lang='lat' dir='ltr'><strong>sui</strong></span> <span class='ocrx_word' id='word_1_153' title='bbox 1055 2261 1158 2310; x_wconf 88' lang='lat' dir='ltr'><strong>statum</strong></span> <span class='ocrx_word' id='word_1_154' title='bbox 1171 2260 1232 2308; x_wconf 88' lang='lat' dir='ltr'><strong>sunt</strong></span> 
     </span>
     <span class='ocr_line' id='line_1_20' title="bbox 146 2350 1232 2429; baseline 0.005 -21"><span class='ocrx_word' id='word_1_155' title='bbox 146 2353 313 2409; x_wconf 86' lang='lat' dir='ltr'><strong>necessaria.</strong></span> <span class='ocrx_word' id='word_1_156' title='bbox 357 2350 435 2408; x_wconf 90' lang='lat' dir='ltr'><strong>Hinc</strong></span> <span class='ocrx_word' id='word_1_157' title='bbox 450 2352 478 2409; x_wconf 94' lang='lat' dir='ltr'><strong>in</strong></span> <span class='ocrx_word' id='word_1_158' title='bbox 493 2370 589 2410; x_wconf 89' lang='lat' dir='ltr'><strong>rerum</strong></span> <span class='ocrx_word' id='word_1_159' title='bbox 605 2353 741 2429; x_wconf 85' lang='lat' dir='ltr'><strong>angrrstiis</strong></span> <span class='ocrx_word' id='word_1_160' title='bbox 761 2371 794 2409; x_wconf 89' lang='lat' dir='ltr'><strong>ea</strong></span> <span class='ocrx_word' id='word_1_161' title='bbox 817 2353 954 2428; x_wconf 89' lang='lat' dir='ltr'><strong>arripiunt</strong></span> <span class='ocrx_word' id='word_1_162' title='bbox 976 2351 1078 2424; x_wconf 91' lang='lat' dir='ltr'><strong>quibus</strong></span> <span class='ocrx_word' id='word_1_163' title='bbox 1098 2350 1232 2427; x_wconf 71' lang='lat' dir='ltr'><strong>indigent,</strong></span> 
     </span>
     <span class='ocr_line' id='line_1_21' title="bbox 147 2448 1233 2524; baseline 0 -20"><span class='ocrx_word' id='word_1_164' title='bbox 147 2467 226 2520; x_wconf 76' lang='lat' dir='ltr'><strong>aequa</strong></span> <span class='ocrx_word' id='word_1_165' title='bbox 238 2461 330 2505; x_wconf 88' lang='lat' dir='ltr'><strong>tamen</strong></span> <span class='ocrx_word' id='word_1_166' title='bbox 344 2448 407 2506; x_wconf 73' lang='lat' dir='ltr'><strong>dam</strong></span> <span class='ocrx_word' id='word_1_167' title='bbox 418 2452 664 2524; x_wconf 86' lang='lat' dir='ltr'><strong>compensatione:</strong></span> <span class='ocrx_word' id='word_1_168' title='bbox 680 2461 708 2508; x_wconf 88' lang='lat' dir='ltr'><strong>et</strong></span> <span class='ocrx_word' id='word_1_169' title='bbox 720 2453 816 2508; x_wconf 87' lang='lat' dir='ltr'><strong>omnia</strong></span> <span class='ocrx_word' id='word_1_170' title='bbox 825 2470 887 2524; x_wconf 80' lang='lat' dir='ltr'><strong>quae</strong></span> <span class='ocrx_word' id='word_1_171' title='bbox 902 2469 953 2507; x_wconf 89' lang='lat' dir='ltr'><strong>usu</strong></span> <span class='ocrx_word' id='word_1_172' title='bbox 963 2469 1020 2508; x_wconf 91' lang='lat' dir='ltr'><strong>non</strong></span> <span class='ocrx_word' id='word_1_173' title='bbox 1032 2449 1233 2508; x_wconf 84' lang='lat' dir='ltr'><strong>exhauriuntur</strong></span> 
     </span>
     <span class='ocr_line' id='line_1_22' title="bbox 145 2545 1232 2626; baseline 0.004 -26"><span class='ocrx_word' id='word_1_174' title='bbox 145 2556 290 2620; x_wconf 88' lang='lat' dir='ltr'><strong>usurpant,</strong></span> <span class='ocrx_word' id='word_1_175' title='bbox 305 2545 460 2604; x_wconf 92' lang='lat' dir='ltr'><strong>dummodo</strong></span> <span class='ocrx_word' id='word_1_176' title='bbox 474 2548 511 2603; x_wconf 87' lang='lat' dir='ltr'><strong>sit</strong></span> <span class='ocrx_word' id='word_1_177' title='bbox 525 2547 630 2620; x_wconf 86' lang='lat' dir='ltr'><strong>absque</strong></span> <span class='ocrx_word' id='word_1_178' title='bbox 645 2551 758 2607; x_wconf 90' lang='lat' dir='ltr'><strong>alterius</strong></span> <span class='ocrx_word' id='word_1_179' title='bbox 772 2550 883 2626; x_wconf 88' lang='lat' dir='ltr'><strong>injuria.</strong></span> <span class='ocrx_word' id='word_1_180' title='bbox 926 2549 1004 2607; x_wconf 89' lang='lat' dir='ltr'><strong>Usus</strong></span> <span class='ocrx_word' id='word_1_181' title='bbox 1024 2549 1173 2607; x_wconf 73' lang='lat' dir='ltr'><strong>innoxias</strong></span> <span class='ocrx_word' id='word_1_182' title='bbox 1189 2547 1232 2604; x_wconf 89' lang='lat' dir='ltr'><strong>hic</strong></span> 
     </span>
     <span class='ocr_line' id='line_1_23' title="bbox 146 2638 1232 2724; baseline 0.003 -25"><span class='ocrx_word' id='word_1_183' title='bbox 146 2638 288 2701; x_wconf 79' lang='lat' dir='ltr'><strong>vocatur.²</strong></span> <span class='ocrx_word' id='word_1_184' title='bbox 329 2643 377 2701; x_wconf 89' lang='lat' dir='ltr'><strong>Sic</strong></span> <span class='ocrx_word' id='word_1_185' title='bbox 392 2646 473 2702; x_wconf 87' lang='lat' dir='ltr'><strong>navis</strong></span> <span class='ocrx_word' id='word_1_186' title='bbox 488 2663 538 2721; x_wconf 91' lang='lat' dir='ltr'><strong>per</strong></span> <span class='ocrx_word' id='word_1_187' title='bbox 552 2646 666 2716; x_wconf 87' lang='lat' dir='ltr'><strong>srctum,</strong></span> <span class='ocrx_word' id='word_1_188' title='bbox 681 2647 757 2721; x_wconf 93' lang='lat' dir='ltr'><strong>quod</strong></span> <span class='ocrx_word' id='word_1_189' title='bbox 772 2650 948 2706; x_wconf 88' lang='lat' dir='ltr'><strong>subalterius</strong></span> <span class='ocrx_word' id='word_1_190' title='bbox 962 2649 1054 2724; x_wconf 86' lang='lat' dir='ltr'><strong>gentis</strong></span> <span class='ocrx_word' id='word_1_191' title='bbox 1068 2647 1232 2709; x_wconf 85' lang='lat' dir='ltr'><strong>ditioneest,</strong></span> 
     </span>
     <span class='ocr_line' id='line_1_24' title="bbox 145 2743 1233 2824; baseline -0.003 -22"><span class='ocrx_word' id='word_1_192' title='bbox 145 2743 243 2812; x_wconf 79' lang='lat' dir='ltr'><strong>fertur,</strong></span> <span class='ocrx_word' id='word_1_193' title='bbox 254 2763 288 2800; x_wconf 90' lang='lat' dir='ltr'><strong>v:</strong></span> <span class='ocrx_word' id='word_1_194' title='bbox 311 2764 346 2821; x_wconf 83' lang='lat' dir='ltr'><strong>g:</strong></span> <span class='ocrx_word' id='word_1_195' title='bbox 369 2763 421 2820; x_wconf 89' lang='lat' dir='ltr'><strong>per</strong></span> <span class='ocrx_word' id='word_1_196' title='bbox 441 2745 544 2803; x_wconf 90' lang='lat' dir='ltr'><strong>sretum</strong></span> <span class='ocrx_word' id='word_1_197' title='bbox 569 2744 685 2824; x_wconf 89' lang='lat' dir='ltr'><strong>Calpes,</strong></span> <span class='ocrx_word' id='word_1_198' title='bbox 701 2747 776 2820; x_wconf 90' lang='lat' dir='ltr'><strong>quod</strong></span> <span class='ocrx_word' id='word_1_199' title='bbox 797 2747 882 2805; x_wconf 90' lang='lat' dir='ltr'><strong>hodie</strong></span> <span class='ocrx_word' id='word_1_200' title='bbox 903 2747 1003 2804; x_wconf 90' lang='lat' dir='ltr'><strong>dicitur</strong></span> <span class='ocrx_word' id='word_1_201' title='bbox 1016 2747 1195 2809; x_wconf 87' lang='lat' dir='ltr'><strong>Gibaltraria,</strong></span> <span class='ocrx_word' id='word_1_202' title='bbox 1209 2756 1233 2801; x_wconf 88' lang='lat' dir='ltr'><strong>et</strong></span> 
     </span>
     <span class='ocr_line' id='line_1_25' title="bbox 146 2844 1232 2923; baseline -0.002 -21"><span class='ocrx_word' id='word_1_203' title='bbox 146 2844 246 2920; x_wconf 86' lang='lat' dir='ltr'><strong>Anglis</strong></span> <span class='ocrx_word' id='word_1_204' title='bbox 261 2844 396 2921; x_wconf 80' lang='lat' dir='ltr'><strong>suhjacet.</strong></span> <span class='ocrx_word' id='word_1_205' title='bbox 426 2844 579 2902; x_wconf 88' lang='lat' dir='ltr'><strong>Transitus</strong></span> <span class='ocrx_word' id='word_1_206' title='bbox 594 2846 639 2904; x_wconf 89' lang='lat' dir='ltr'><strong>rlle</strong></span> <span class='ocrx_word' id='word_1_207' title='bbox 654 2846 786 2922; x_wconf 87' lang='lat' dir='ltr'><strong>denegari</strong></span> <span class='ocrx_word' id='word_1_208' title='bbox 800 2865 856 2904; x_wconf 90' lang='lat' dir='ltr'><strong>uon</strong></span> <span class='ocrx_word' id='word_1_209' title='bbox 871 2856 965 2923; x_wconf 87' lang='lat' dir='ltr'><strong>potest</strong></span> <span class='ocrx_word' id='word_1_210' title='bbox 977 2847 1054 2922; x_wconf 86' lang='lat' dir='ltr'><strong>genti</strong></span> <span class='ocrx_word' id='word_1_211' title='bbox 1067 2848 1232 2917; x_wconf 89' lang='lat' dir='ltr'><strong>cuicumque</strong></span> 
     </span>
     <span class='ocr_line' id='line_1_26' title="bbox 146 2943 1232 3022; baseline 0.003 -25"><span class='ocrx_word' id='word_1_212' title='bbox 146 2943 214 3011; x_wconf 91' lang='lat' dir='ltr'><strong>quin</strong></span> <span class='ocrx_word' id='word_1_213' title='bbox 231 2943 280 3016; x_wconf 87' lang='lat' dir='ltr'><strong>jus</strong></span> <span class='ocrx_word' id='word_1_214' title='bbox 300 2944 425 3017; x_wconf 81' lang='lat' dir='ltr'><strong>gentium</strong></span> <span class='ocrx_word' id='word_1_215' title='bbox 448 2945 576 3001; x_wconf 89' lang='lat' dir='ltr'><strong>violetur.</strong></span> <span class='ocrx_word' id='word_1_216' title='bbox 618 2946 767 3022; x_wconf 84' lang='lat' dir='ltr'><strong>Flagrante</strong></span> <span class='ocrx_word' id='word_1_217' title='bbox 790 2955 883 3002; x_wconf 87' lang='lat' dir='ltr'><strong>autem</strong></span> <span class='ocrx_word' id='word_1_218' title='bbox 902 2945 975 3002; x_wconf 90' lang='lat' dir='ltr'><strong>bello</strong></span> <span class='ocrx_word' id='word_1_219' title='bbox 996 2945 1124 3003; x_wconf 89' lang='lat' dir='ltr'><strong>hostium</strong></span> <span class='ocrx_word' id='word_1_220' title='bbox 1139 2963 1232 3002; x_wconf 85' lang='lat' dir='ltr'><strong>naves.</strong></span> 
     </span>
     <span class='ocr_line' id='line_1_27' title="bbox 144 3037 1232 3121; baseline 0.011 -29"><span class='ocrx_word' id='word_1_221' title='bbox 144 3037 189 3093; x_wconf 88' lang='lat' dir='ltr'><strong>vel</strong></span> <span class='ocrx_word' id='word_1_222' title='bbox 207 3037 267 3094; x_wconf 83' lang='lat' dir='ltr'><strong>aliae</strong></span> <span class='ocrx_word' id='word_1_223' title='bbox 288 3057 350 3110; x_wconf 83' lang='lat' dir='ltr'><strong>quae</strong></span> <span class='ocrx_word' id='word_1_224' title='bbox 374 3041 415 3096; x_wconf 86' lang='lat' dir='ltr'><strong>cis</strong></span> <span class='ocrx_word' id='word_1_225' title='bbox 437 3042 542 3099; x_wconf 80' lang='lat' dir='ltr'><strong>araxilic</strong></span> <span class='ocrx_word' id='word_1_226' title='bbox 563 3044 697 3110; x_wconf 89' lang='lat' dir='ltr'><strong>suut,ch</strong></span> <span class='ocrx_word' id='word_1_227' title='bbox 718 3062 780 3116; x_wconf 80' lang='lat' dir='ltr'><strong>quae</strong></span> <span class='ocrx_word' id='word_1_228' title='bbox 801 3044 957 3120; x_wconf 89' lang='lat' dir='ltr'><strong>suspicioni</strong></span> <span class='ocrx_word' id='word_1_229' title='bbox 972 3063 1085 3102; x_wconf 86' lang='lat' dir='ltr'><strong>causam</strong></span> <span class='ocrx_word' id='word_1_230' title='bbox 1100 3045 1232 3121; x_wconf 72' lang='lat' dir='ltr'><strong>probent,</strong></span> 
     </span>
     <span class='ocr_line' id='line_1_28' title="bbox 143 3136 686 3213; baseline 0.004 -20"><span class='ocrx_word' id='word_1_231' title='bbox 143 3145 263 3211; x_wconf 92' lang='lat' dir='ltr'><strong>possunt</strong></span> <span class='ocrx_word' id='word_1_232' title='bbox 276 3136 415 3213; x_wconf 89' lang='lat' dir='ltr'><strong>impediri.</strong></span> <span class='ocrx_word' id='word_1_233' title='bbox 683 3198 686 3203; x_wconf 74' lang='grc'>,</span> 
     </span>
    </p>

    <p class='ocr_par' dir='ltr' id='par_1_5' title="bbox 187 3237 1235 3317">
     <span class='ocr_line' id='line_1_29' title="bbox 187 3237 1235 3317; baseline 0.002 -24"><span class='ocrx_word' id='word_1_234' title='bbox 187 3240 233 3294; x_wconf 92' lang='grc'><strong>11.</strong></span> <span class='ocrx_word' id='word_1_235' title='bbox 249 3237 349 3315; x_wconf 80' lang='lat' dir='ltr'><strong>Legati</strong></span> <span class='ocrx_word' id='word_1_236' title='bbox 358 3238 423 3314; x_wconf 89' lang='lat' dir='ltr'><strong>jure</strong></span> <span class='ocrx_word' id='word_1_237' title='bbox 438 3241 567 3316; x_wconf 84' lang='lat' dir='ltr'><strong>gentiam</strong></span> <span class='ocrx_word' id='word_1_238' title='bbox 582 3241 1066 3317; x_wconf 87' lang='lat' dir='ltr'><strong>excipiunturagentibusomuibus</strong></span> <span class='ocrx_word' id='word_1_239' title='bbox 1077 3242 1152 3300; x_wconf 90' lang='lat' dir='ltr'><strong>bello</strong></span> <span class='ocrx_word' id='word_1_240' title='bbox 1162 3239 1235 3298; x_wconf 87' lang='lat' dir='ltr'><strong>haud</strong></span> 
     </span>
    </p>
   </div>
   <div class='ocr_carea' id='block_1_3' title="bbox 131 3411 1239 4409">
    <p class='ocr_par' dir='ltr' id='par_1_6' title="bbox 138 3411 1237 3985">
     <span class='ocr_line' id='line_1_30' title="bbox 172 3411 1234 3480; baseline 0.005 -22"><span class='ocrx_word' id='word_1_241' title='bbox 172 3411 214 3475; x_wconf 92' lang='lat' dir='ltr'><strong>(t)</strong></span> <span class='ocrx_word' id='word_1_242' title='bbox 230 3411 335 3462; x_wconf 85' lang='lat' dir='ltr'><strong>Kentius</strong></span> <span class='ocrx_word' id='word_1_243' title='bbox 348 3412 440 3463; x_wconf 84' lang='lat' dir='ltr'><strong>videtur</strong></span> <span class='ocrx_word' id='word_1_244' title='bbox 453 3430 551 3463; x_wconf 83' lang='lat' dir='ltr'><strong>censere</strong></span> <span class='ocrx_word' id='word_1_245' title='bbox 560 3414 691 3478; x_wconf 84' lang='lat' dir='ltr'><strong>aliquando</strong></span> <span class='ocrx_word' id='word_1_246' title='bbox 703 3415 774 3465; x_wconf 86' lang='lat' dir='ltr'><strong>licere</strong></span> <span class='ocrx_word' id='word_1_247' title='bbox 786 3415 877 3480; x_wconf 92' lang='lat' dir='ltr'><strong>populo</strong></span> <span class='ocrx_word' id='word_1_248' title='bbox 888 3431 1092 3475; x_wconf 85' lang='lat' dir='ltr'><strong>succurrerc,non</strong></span> <span class='ocrx_word' id='word_1_249' title='bbox 1105 3416 1163 3465; x_wconf 87' lang='lat' dir='ltr'><strong>item</strong></span> <span class='ocrx_word' id='word_1_250' title='bbox 1174 3416 1234 3480; x_wconf 90' lang='lat' dir='ltr'><strong>prin·</strong></span> 
     </span>
     <span class='ocr_line' id='line_1_31' title="bbox 142 3495 1235 3561; baseline 0.006 -19"><span class='ocrx_word' id='word_1_251' title='bbox 142 3495 199 3556; x_wconf 89' lang='lat' dir='ltr'><strong>cipi,</strong></span> <span class='ocrx_word' id='word_1_252' title='bbox 210 3496 258 3544; x_wconf 90' lang='lat' dir='ltr'><strong>nisi</strong></span> <span class='ocrx_word' id='word_1_253' title='bbox 280 3513 309 3546; x_wconf 84' lang='lat' dir='ltr'><strong>ex</strong></span> <span class='ocrx_word' id='word_1_254' title='bbox 332 3499 410 3546; x_wconf 87' lang='lat' dir='ltr'><strong>turbis</strong></span> <span class='ocrx_word' id='word_1_255' title='bbox 431 3500 572 3561; x_wconf 85' lang='lat' dir='ltr'><strong>periculum</strong></span> <span class='ocrx_word' id='word_1_256' title='bbox 592 3501 638 3549; x_wconf 90' lang='lat' dir='ltr'><strong>sibi</strong></span> <span class='ocrx_word' id='word_1_257' title='bbox 659 3499 792 3555; x_wconf 87' lang='lat' dir='ltr'><strong>immineat,</strong></span> <span class='ocrx_word' id='word_1_258' title='bbox 804 3501 850 3548; x_wconf 87' lang='lat' dir='ltr'><strong>vol.</strong></span> <span class='ocrx_word' id='word_1_259' title='bbox 863 3501 879 3550; x_wconf 88' lang='lat' dir='ltr'><strong>i.</strong></span> <span class='ocrx_word' id='word_1_260' title='bbox 892 3502 935 3549; x_wconf 82' lang='lat' dir='ltr'><strong>lca</strong></span> <span class='ocrx_word' id='word_1_261' title='bbox 946 3501 971 3549; x_wconf 89' lang='lat' dir='ltr'><strong>ii.</strong></span> <span class='ocrx_word' id='word_1_262' title='bbox 989 3501 1031 3549; x_wconf 87' lang='lat' dir='ltr'><strong>scd</strong></span> <span class='ocrx_word' id='word_1_263' title='bbox 1052 3502 1142 3550; x_wconf 84' lang='lat' dir='ltr'><strong>rectius</strong></span> <span class='ocrx_word' id='word_1_264' title='bbox 1156 3501 1235 3549; x_wconf 80' lang='lat' dir='ltr'><strong>Vattc·</strong></span> 
     </span>
     <span class='ocr_line' id='line_1_32' title="bbox 138 3575 1233 3649; baseline 0.008 -25"><span class='ocrx_word' id='word_1_265' title='bbox 138 3575 187 3624; x_wconf 90' lang='lat' dir='ltr'><strong>lius</strong></span> <span class='ocrx_word' id='word_1_266' title='bbox 198 3576 256 3626; x_wconf 85' lang='lat' dir='ltr'><strong>dicit</strong></span> <span class='ocrx_word' id='word_1_267' title='bbox 268 3594 337 3640; x_wconf 85' lang='lat' dir='ltr'><strong>posse</strong></span> <span class='ocrx_word' id='word_1_268' title='bbox 353 3587 450 3641; x_wconf 76' lang='lat' dir='ltr'><strong>gentem</strong></span> <span class='ocrx_word' id='word_1_269' title='bbox 470 3582 543 3631; x_wconf 82' lang='lat' dir='ltr'><strong>aliam</strong></span> <span class='ocrx_word' id='word_1_270' title='bbox 563 3598 606 3646; x_wconf 93' lang='lat' dir='ltr'><strong>pro</strong></span> <span class='ocrx_word' id='word_1_271' title='bbox 625 3599 704 3633; x_wconf 76' lang='lat' dir='ltr'><strong>cause</strong></span> <span class='ocrx_word' id='word_1_272' title='bbox 722 3584 818 3648; x_wconf 80' lang='lat' dir='ltr'><strong>justitia</strong></span> <span class='ocrx_word' id='word_1_273' title='bbox 829 3586 954 3649; x_wconf 86' lang='lat' dir='ltr'><strong>suppetias</strong></span> <span class='ocrx_word' id='word_1_274' title='bbox 971 3585 1049 3634; x_wconf 86' lang='lat' dir='ltr'><strong>serre:</strong></span> <span class='ocrx_word' id='word_1_275' title='bbox 1068 3591 1083 3616; x_wconf 82' lang='lat'><strong>‘⁴</strong></span> <span class='ocrx_word' id='word_1_276' title='bbox 1094 3584 1166 3649; x_wconf 84' lang='lat' dir='ltr'><strong>They</strong></span> <span class='ocrx_word' id='word_1_277' title='bbox 1179 3584 1233 3633; x_wconf 79' lang='lat' dir='ltr'><strong>who</strong></span> 
     </span>
     <span class='ocr_line' id='line_1_33' title="bbox 143 3661 1237 3730; baseline 0.01 -21"><span class='ocrx_word' id='word_1_278' title='bbox 143 3675 182 3709; x_wconf 84' lang='lat' dir='ltr'><strong>are</strong></span> <span class='ocrx_word' id='word_1_279' title='bbox 194 3668 238 3708; x_wconf 94' lang='lat' dir='ltr'><strong>not</strong></span> <span class='ocrx_word' id='word_1_280' title='bbox 249 3661 296 3709; x_wconf 86' lang='lat' dir='ltr'><strong>tisd</strong></span> <span class='ocrx_word' id='word_1_281' title='bbox 309 3663 340 3724; x_wconf 89' lang='lat' dir='ltr'><strong>hy</strong></span> <span class='ocrx_word' id='word_1_282' title='bbox 355 3679 402 3725; x_wconf 85' lang='lat' dir='ltr'><strong>any</strong></span> <span class='ocrx_word' id='word_1_283' title='bbox 417 3671 491 3727; x_wconf 86' lang='lat' dir='ltr'><strong>tresty</strong></span> <span class='ocrx_word' id='word_1_284' title='bbox 505 3681 570 3728; x_wconf 86' lang='lat' dir='ltr'><strong>may,</strong></span> <span class='ocrx_word' id='word_1_285' title='bbox 590 3667 628 3715; x_wconf 83' lang='lat' dir='ltr'><strong>sor</strong></span> <span class='ocrx_word' id='word_1_286' title='bbox 647 3666 709 3717; x_wconf 91' lang='lat' dir='ltr'><strong>their</strong></span> <span class='ocrx_word' id='word_1_287' title='bbox 728 3684 784 3717; x_wconf 87' lang='lat' dir='ltr'><strong>own</strong></span> <span class='ocrx_word' id='word_1_288' title='bbox 802 3670 915 3730; x_wconf 85' lang='lat' dir='ltr'><strong>conduct,</strong></span> <span class='ocrx_word' id='word_1_289' title='bbox 932 3670 988 3719; x_wconf 82' lang='lat' dir='ltr'><strong>tale</strong></span> <span class='ocrx_word' id='word_1_290' title='bbox 1007 3669 1048 3719; x_wconf 91' lang='lat' dir='ltr'><strong>the</strong></span> <span class='ocrx_word' id='word_1_291' title='bbox 1066 3671 1138 3719; x_wconf 85' lang='lat' dir='ltr'><strong>ruerit</strong></span> <span class='ocrx_word' id='word_1_292' title='bbox 1157 3671 1185 3719; x_wconf 85' lang='lat' dir='ltr'><strong>ol</strong></span> <span class='ocrx_word' id='word_1_293' title='bbox 1198 3668 1237 3718; x_wconf 80' lang='lat' dir='ltr'><strong>the</strong></span> 
     </span>
     <span class='ocr_line' id='line_1_34' title="bbox 139 3743 1235 3818; baseline 0.008 -25"><span class='ocrx_word' id='word_1_294' title='bbox 139 3759 211 3794; x_wconf 86' lang='lat' dir='ltr'><strong>cause</strong></span> <span class='ocrx_word' id='word_1_295' title='bbox 223 3743 275 3794; x_wconf 90' lang='lat' dir='ltr'><strong>into</strong></span> <span class='ocrx_word' id='word_1_296' title='bbox 287 3745 471 3804; x_wconf 81' lang='lat' dir='ltr'><strong>consideration,</strong></span> <span class='ocrx_word' id='word_1_297' title='bbox 483 3748 533 3796; x_wconf 82' lang='lat' dir='ltr'><strong>and</strong></span> <span class='ocrx_word' id='word_1_298' title='bbox 546 3750 617 3797; x_wconf 82' lang='lat' dir='ltr'><strong>essist</strong></span> <span class='ocrx_word' id='word_1_299' title='bbox 636 3748 678 3799; x_wconf 84' lang='lat' dir='ltr'><strong>the</strong></span> <span class='ocrx_word' id='word_1_300' title='bbox 697 3759 767 3816; x_wconf 80' lang='lat' dir='ltr'><strong>party</strong></span> <span class='ocrx_word' id='word_1_301' title='bbox 780 3752 863 3802; x_wconf 83' lang='lat' dir='ltr'><strong>which</strong></span> <span class='ocrx_word' id='word_1_302' title='bbox 882 3753 941 3816; x_wconf 85' lang='lat' dir='ltr'><strong>they</strong></span> <span class='ocrx_word' id='word_1_303' title='bbox 954 3753 1015 3803; x_wconf 88' lang='lat' dir='ltr'><strong>shall</strong></span> <span class='ocrx_word' id='word_1_304' title='bbox 1033 3754 1111 3818; x_wconf 80' lang='lat' dir='ltr'><strong>judgc</strong></span> <span class='ocrx_word' id='word_1_305' title='bbox 1132 3762 1158 3804; x_wconf 90' lang='lat' dir='ltr'><strong>to</strong></span> <span class='ocrx_word' id='word_1_306' title='bbox 1175 3754 1235 3803; x_wconf 80' lang='lat' dir='ltr'><strong>hers</strong></span> 
     </span>
     <span class='ocr_line' id='line_1_35' title="bbox 140 3831 1236 3906; baseline 0.007 -25"><span class='ocrx_word' id='word_1_307' title='bbox 140 3831 204 3894; x_wconf 78' lang='lat' dir='ltr'><strong>right</strong></span> <span class='ocrx_word' id='word_1_308' title='bbox 217 3848 248 3883; x_wconf 91' lang='lat' dir='ltr'><strong>on</strong></span> <span class='ocrx_word' id='word_1_309' title='bbox 261 3831 292 3881; x_wconf 84' lang='lat' dir='ltr'><strong>its</strong></span> <span class='ocrx_word' id='word_1_310' title='bbox 303 3831 363 3891; x_wconf 87' lang='lat' dir='ltr'><strong>side,</strong></span> <span class='ocrx_word' id='word_1_311' title='bbox 375 3832 400 3882; x_wconf 92' lang='lat' dir='ltr'><strong>iu</strong></span> <span class='ocrx_word' id='word_1_312' title='bbox 413 3848 468 3881; x_wconf 85' lang='lat' dir='ltr'><strong>csse</strong></span> <span class='ocrx_word' id='word_1_313' title='bbox 486 3832 536 3883; x_wconf 84' lang='lat' dir='ltr'><strong>thie</strong></span> <span class='ocrx_word' id='word_1_314' title='bbox 557 3843 626 3901; x_wconf 81' lang='lat' dir='ltr'><strong>party</strong></span> <span class='ocrx_word' id='word_1_315' title='bbox 639 3836 700 3887; x_wconf 88' lang='lat' dir='ltr'><strong>shall</strong></span> <span class='ocrx_word' id='word_1_316' title='bbox 718 3847 815 3903; x_wconf 87' lang='lat' dir='ltr'><strong>request</strong></span> <span class='ocrx_word' id='word_1_317' title='bbox 827 3839 889 3889; x_wconf 88' lang='lat' dir='ltr'><strong>their</strong></span> <span class='ocrx_word' id='word_1_318' title='bbox 909 3840 1040 3890; x_wconf 85' lang='lat' dir='ltr'><strong>assistance</strong></span> <span class='ocrx_word' id='word_1_319' title='bbox 1058 3856 1085 3889; x_wconf 93' lang='lat' dir='ltr'><strong>or</strong></span> <span class='ocrx_word' id='word_1_320' title='bbox 1095 3853 1180 3906; x_wconf 89' lang='lat' dir='ltr'><strong>accept</strong></span> <span class='ocrx_word' id='word_1_321' title='bbox 1198 3840 1236 3890; x_wconf 84' lang='lat' dir='ltr'><strong>the</strong></span> 
     </span>
     <span class='ocr_line' id='line_1_36' title="bbox 140 3915 844 3985; baseline 0.007 -19"><span class='ocrx_word' id='word_1_322' title='bbox 140 3915 198 3966; x_wconf 83' lang='lat' dir='ltr'><strong>offer</strong></span> <span class='ocrx_word' id='word_1_323' title='bbox 210 3919 238 3967; x_wconf 85' lang='lat' dir='ltr'><strong>of</strong></span> <span class='ocrx_word' id='word_1_324' title='bbox 250 3915 292 3967; x_wconf 86' lang='lat' dir='ltr'><strong>it.’&#39;</strong></span> <span class='ocrx_word' id='word_1_325' title='bbox 328 3917 391 3968; x_wconf 69' lang='lat' dir='ltr'><strong>Mau</strong></span> <span class='ocrx_word' id='word_1_326' title='bbox 402 3915 436 3985; x_wconf 90' lang='lat' dir='ltr'><strong>os</strong></span> <span class='ocrx_word' id='word_1_327' title='bbox 443 3917 559 3981; x_wconf 81' lang='lat' dir='ltr'><strong>Natioar,</strong></span> <span class='ocrx_word' id='word_1_328' title='bbox 571 3921 587 3970; x_wconf 90' lang='lat' dir='ltr'><strong>l.</strong></span> <span class='ocrx_word' id='word_1_329' title='bbox 599 3920 633 3971; x_wconf 90' lang='lat' dir='ltr'><strong>iii.</strong></span> <span class='ocrx_word' id='word_1_330' title='bbox 645 3937 666 3972; x_wconf 87' lang='lat' dir='ltr'><strong>c.</strong></span> <span class='ocrx_word' id='word_1_331' title='bbox 678 3923 745 3973; x_wconf 82' lang='lat' dir='ltr'><strong>xviii.</strong></span> <span class='ocrx_word' id='word_1_332' title='bbox 759 3928 772 3983; x_wconf 68' lang='grc' dir='ltr'>ς</span> <span class='ocrx_word' id='word_1_333' title='bbox 786 3926 844 3972; x_wconf 74' lang='grc'><strong>296.</strong></span> 
     </span>
    </p>

    <p class='ocr_par' dir='ltr' id='par_1_7' title="bbox 140 4003 1239 4234">
     <span class='ocr_line' id='line_1_37' title="bbox 174 4003 1237 4075; baseline 0.01 -24"><span class='ocrx_word' id='word_1_334' title='bbox 174 4004 217 4066; x_wconf 71' lang='grc'><strong>(2)</strong></span> <span class='ocrx_word' id='word_1_335' title='bbox 237 4003 342 4053; x_wconf 78' lang='lat' dir='ltr'><strong>Unicum</strong></span> <span class='ocrx_word' id='word_1_336' title='bbox 354 4003 418 4055; x_wconf 88' lang='lat' dir='ltr'><strong>hanc</strong></span> <span class='ocrx_word' id='word_1_337' title='bbox 430 4021 530 4056; x_wconf 80' lang='lat' dir='ltr'><strong>causam</strong></span> <span class='ocrx_word' id='word_1_338' title='bbox 543 4022 596 4056; x_wconf 85' lang='lat' dir='ltr'><strong>sese</strong></span> <span class='ocrx_word' id='word_1_339' title='bbox 617 4008 689 4058; x_wconf 84' lang='lat' dir='ltr'><strong>rebus</strong></span> <span class='ocrx_word' id='word_1_340' title='bbox 709 4009 798 4058; x_wconf 84' lang='lat' dir='ltr'><strong>alienis</strong></span> <span class='ocrx_word' id='word_1_341' title='bbox 816 4009 955 4059; x_wconf 84' lang='lat' dir='ltr'><strong>domesticis</strong></span> <span class='ocrx_word' id='word_1_342' title='bbox 973 4011 1126 4061; x_wconf 85' lang='lat' dir='ltr'><strong>immiscendi</strong></span> <span class='ocrx_word' id='word_1_343' title='bbox 1139 4012 1237 4075; x_wconf 74' lang='lat' dir='ltr'><strong>agnovit</strong></span> 
     </span>
     <span class='ocr_line' id='line_1_38' title="bbox 142 4086 1239 4162; baseline 0.009 -27"><span class='ocrx_word' id='word_1_344' title='bbox 142 4086 295 4138; x_wconf 83' lang='lat' dir='ltr'><strong>Guhsrniam</strong></span> <span class='ocrx_word' id='word_1_345' title='bbox 319 4089 464 4153; x_wconf 75' lang='lat' dir='ltr'><strong>Anglicara,</strong></span> <span class='ocrx_word' id='word_1_346' title='bbox 488 4107 554 4143; x_wconf 88' lang='lat' dir='ltr'><strong>anuo</strong></span> <span class='ocrx_word' id='word_1_347' title='bbox 580 4091 651 4141; x_wconf 75' lang='lat' dir='ltr'><strong>isal.</strong></span> <span class='ocrx_word' id='word_1_348' title='bbox 678 4091 743 4142; x_wconf 85' lang='lat' dir='ltr'><strong>Lord</strong></span> <span class='ocrx_word' id='word_1_349' title='bbox 760 4091 940 4156; x_wconf 79' lang='lat' dir='ltr'><strong>Castlsrcsgh&#39;s</strong></span> <span class='ocrx_word' id='word_1_350' title='bbox 957 4096 1059 4146; x_wconf 72' lang='lat' dir='ltr'><strong>amatu</strong></span> <span class='ocrx_word' id='word_1_351' title='bbox 1077 4095 1194 4162; x_wconf 84' lang='lat' dir='ltr'><strong>despatch</strong></span> <span class='ocrx_word' id='word_1_352' title='bbox 1212 4096 1239 4146; x_wconf 86' lang='lat' dir='ltr'><strong>ol</strong></span> 
     </span>
     <span class='ocr_line' id='line_1_39' title="bbox 140 4169 388 4234; baseline 0.028 -16"><span class='ocrx_word' id='word_1_353' title='bbox 140 4169 249 4234; x_wconf 85' lang='lat' dir='ltr'><strong>anuary</strong></span> <span class='ocrx_word' id='word_1_354' title='bbox 265 4175 303 4232; x_wconf 80' lang='lat'><strong>19,</strong></span> <span class='ocrx_word' id='word_1_355' title='bbox 318 4175 388 4224; x_wconf 72' lang='lat' dir='ltr'><strong>reat.</strong></span> 
     </span>
    </p>

    <p class='ocr_par' dir='ltr' id='par_1_8' title="bbox 131 4253 835 4409">
     <span class='ocr_line' id='line_1_40' title="bbox 131 4253 698 4324; baseline 0.026 -24"><span class='ocrx_word' id='word_1_356' title='bbox 131 4256 136 4264; x_wconf 82' lang='grc'><strong>“</strong></span> <span class='ocrx_word' id='word_1_357' title='bbox 173 4255 216 4318; x_wconf 80' lang='grc'><strong>(3)</strong></span> <span class='ocrx_word' id='word_1_358' title='bbox 237 4253 322 4311; x_wconf 70' lang='lat' dir='ltr'><strong>Conse</strong></span> <span class='ocrx_word' id='word_1_359' title='bbox 334 4258 426 4309; x_wconf 83' lang='lat' dir='ltr'><strong>United</strong></span> <span class='ocrx_word' id='word_1_360' title='bbox 438 4260 526 4320; x_wconf 82' lang='lat' dir='ltr'><strong>States,</strong></span> <span class='ocrx_word' id='word_1_361' title='bbox 539 4272 581 4313; x_wconf 83' lang='lat' dir='ltr'><strong>art.</strong></span> <span class='ocrx_word' id='word_1_362' title='bbox 593 4263 625 4312; x_wconf 90' lang='lat' dir='ltr'><strong>iv.</strong></span> <span class='ocrx_word' id='word_1_363' title='bbox 638 4267 652 4324; x_wconf 64' lang='lat' dir='ltr'><strong>t</strong></span> <span class='ocrx_word' id='word_1_364' title='bbox 666 4263 698 4315; x_wconf 85' lang='lat' dir='ltr'><strong>ir.</strong></span> 
     </span>
     <span class='ocr_line' id='line_1_41' title="bbox 175 4339 835 4409; baseline 0.02 -24"><span class='ocrx_word' id='word_1_365' title='bbox 175 4341 217 4404; x_wconf 76' lang='lat' dir='ltr'><strong>(t)</strong></span> <span class='ocrx_word' id='word_1_366' title='bbox 237 4339 301 4390; x_wconf 85' lang='lat' dir='ltr'><strong>Vide</strong></span> <span class='ocrx_word' id='word_1_367' title='bbox 312 4341 351 4392; x_wconf 84' lang='lat' dir='ltr'><strong>De</strong></span> <span class='ocrx_word' id='word_1_368' title='bbox 363 4343 453 4404; x_wconf 82' lang='lat' dir='ltr'><strong>Vsttcl,</strong></span> <span class='ocrx_word' id='word_1_369' title='bbox 465 4344 524 4394; x_wconf 81' lang='lat' dir='ltr'><strong>Lan</strong></span> <span class='ocrx_word' id='word_1_370' title='bbox 537 4347 565 4397; x_wconf 83' lang='lat' dir='ltr'><strong>oi</strong></span> <span class='ocrx_word' id='word_1_371' title='bbox 579 4345 606 4397; x_wconf 92' lang='lat' dir='ltr'>N</span> <span class='ocrx_word' id='word_1_372' title='bbox 607 4349 695 4409; x_wconf 74' lang='lat' dir='ltr'><strong>stione,</strong></span> <span class='ocrx_word' id='word_1_373' title='bbox 703 4351 719 4400; x_wconf 91' lang='lat' dir='ltr'><strong>l.</strong></span> <span class='ocrx_word' id='word_1_374' title='bbox 731 4349 757 4399; x_wconf 90' lang='lat' dir='ltr'><strong>ii.</strong></span> <span class='ocrx_word' id='word_1_375' title='bbox 769 4367 790 4402; x_wconf 89' lang='lat' dir='ltr'><strong>c.</strong></span> <span class='ocrx_word' id='word_1_376' title='bbox 803 4352 835 4401; x_wconf 85' lang='lat' dir='ltr'><strong>iv.</strong></span> 
     </span>
    </p>
   </div>
   <div class='ocr_carea' id='block_1_4' title="bbox 0 0 1396 4996">
    <p class='ocr_par' dir='ltr' id='par_1_9' title="bbox 0 0 1396 4996">
     <span class='ocr_line' id='line_1_42' title="bbox 0 0 1396 4996; baseline 0 0"><span class='ocrx_word' id='word_1_377' title='bbox 0 0 1396 4996; x_wconf 95' lang='lat' dir='ltr'><strong> </strong></span> 
     </span>
    </p>
   </div>
  </div>
 </body>
</html>
