2744 4980
597 1095 738 1157 CAPUT
759 1096 828 1156 vll.

531 1326 570 1365 DE
591 1324 703 1365 TERTIO
724 1323 898 1364 ancnr‘ro.

434 1489 584 1541 “Memento
597 1500 625 1542 ut
635 1492 699 1541 diem
711 1490 811 1540 Sabbati
825 1488 993 1540 Sanctifices·”

304 1652 330 1726 §.
345 1651 370 1710 1.
412 1650 460 1710 Da
474 1671 680 1712 carrona-rona
695 1670 761 1710 nmr
776 1651 942 1711 Donrmcm
957 1670 1132 1711 saevarum.
1179 1636 1180 1639 ¹

208 1817 258 1874 63.
280 1824 300 1852 “
311 1816 508 1874 Pamcnrrmr
522 1815 557 1873 de
571 1818 793 1875 sanctificatione
807 1815 944 1885 sabbati‚”
966 1815 1058 1888 inquit
1071 1817 1103 1873 S.
1119 1816 1263 1883 Thomas,

169 1915 342 1972 “literaliter
367 1915 540 1973 intellectum
565 1926 609 1970 est
634 1918 737 1990 partim
769 1914 885 1980 morale,
919 1916 1021 1989 partim
1054 1915 1263 1972 caeremoniale.

164 2012 280 2111 *orale
303 2013 418 2086 quidem
439 2023 483 2071 eat
508 2021 642 2083 quantum
663 2013 698 2070 ad
718 2013 784 2078 hoc,
804 2010 881 2084 quod
904 2012 991 2070 homo
1010 2010 1127 2088 deputet
1147 2011 1265 2085 aliquod

167 2121 281 2187 tempus
294 2113 358 2169 vitae
371 2130 430 2170 suae
444 2111 480 2170 ad
493 2109 650 2168 vacandum
664 2110 777 2168 divinis.
800 2151 808 2165 .
830 2150 838 2165 .
860 2151 868 2167 .
890 2109 949 2168 Sed
965 2112 995 2168 in
1009 2120 1147 2181 quantum
1162 2112 1192 2168 in
1205 2111 1263 2170 hoc

168 2219 312 2287 praecepto
332 2208 532 2269 determinatur
551 2209 673 2285 speciale
693 2218 805 2284 tempus
825 2208 855 2265 in
869 2209 982 2284 signum
996 2209 1147 2266 creationis
1163 2209 1264 2268 mundi

168 2317 213 2368 est
232 2303 478 2368 caercmonialc.”¹
518 2307 732 2366 “Obseruantia
743 2306 799 2364 diei
819 2306 979 2365 Dominicae
993 2309 1022 2364 in
1034 2326 1109 2364 nova
1122 2307 1188 2384 lege
1201 2327 1266 2365 suc-

167 2407 248 2465 cedit
255 2408 440 2466 observantia
454 2408 571 2474 sabbati,
585 2425 643 2464 non
660 2426 697 2464 ex
711 2407 739 2463 vi
760 2407 896 2482 praecepti
914 2405 996 2482 legis,
1011 2404 1061 2463 sed
1075 2425 1112 2463 ex
1125 2407 1263 2464 constitu-

167 2506 242 2564 tione
256 2505 407 2573 Ecclesiae‚
421 2515 451 2563 et
462 2503 666 2563 consuetudine
680 2505 778 2581 populi
800 2498 1006 2561 Christiani.''²
1045 2504 1090 2560 Ad
1104 2506 1265 2580 Apostolos

168 2602 267 2662 meritb
277 2602 404 2671 refertur,
412 2624 480 2661 nam
488 2604 656 2662 &loannes
664 2605 717 2660 ait:
734 2603 842 2659 “fuiin
852 2602 959 2678 Spiritu
968 2603 997 2659 in
1005 2598 1264 2660 Dominicadie:”³

167 2702 244 2775 quod
257 2721 362 2761 nomen
375 2722 439 2760 cum
453 2701 588 2779 deinceps
603 2704 701 2777 primae
715 2699 901 2758 hebdomadis
915 2700 973 2758 diei
991 2702 1065 2776 apud
1081 2701 1264 2759 Christianos

167 2801 320 2870 inhaeserit,
335 2819 398 2859 eam
406 2801 468 2878 jam
481 2801 566 2859 cultui
580 2800 678 2858 divino
691 2800 812 2856 dicatam
825 2819 889 2856 esse
899 2797 998 2856 meritd
1010 2799 1144 2857 infertur:
1164 2819 1262 2872 quam·

168 2900 211 2957 vis
225 2911 254 2956 et
266 2900 421 2968 sabbatum,
435 2918 488 2976 pro
500 2900 591 2975 gentis
614 2918 672 2958 suae
696 2917 784 2966 more,
805 2897 903 2955 fideles
923 2899 954 2956 iu
972 2897 1072 2956 Judaea
1086 2917 1137 2974 per
1150 2911 1263 2974 tempus

167 2995 283 3070 aliquod
302 3015 441 3065 servasse,
462 2998 536 3054 sicut
557 3008 585 3054 et
604 2999 754 3072 plerosque
773 2997 843 3053 ritus
862 2996 945 3071 legis,
960 2995 1109 3054 indubium
1123 2996 1261 3054 videatur.

167 3093 202 3154 ld
214 3097 299 3154 etiam
312 3095 451 3171 colligitur
463 3114 500 3153 ex
514 3094 552 3152 D.
568 3095 659 3153 Paulo
674 3095 708 3152 ad
722 3093 888 3152 Corinthios
902 3095 1057 3151 scribente:
1081 3104 1100 3129 ‘⁴
1110 3096 1167 3152 Per
1173 3114 1261 3152 unam

167 3194 275 3252 sabbati
287 3195 482 3267 unusquisque
491 3203 614 3252 vestrum
625 3193 700 3270 apud
713 3211 744 3249 se
753 3202 880 3268 seponat,
891 3191 1047 3249 recondens
1056 3193 1132 3264 quod
1146 3194 1173 3249 ci
1183 3195 1257 3251 bene

168 3292 322 3370 placuerit:
344 3301 445 3350 utnon
464 3311 529 3350 cum
543 3311 657 3358 venero,
672 3302 739 3349 tunc
752 3291 875 3348 collectas
896 3285 1021 3347 fiant:’'⁴
1042 3292 1133 3366 prima
1152 3293 1261 3349 scilicet

169 3390 353 3450 hebdomadae
367 3390 423 3459 die,
432 3392 663 3449 convenientibus
678 3390 712 3447 ad
721 3390 816 3447 Deum
830 3388 981 3446 colendum
995 3388 1137 3456 fidelibus,
1149 3391 1261 3448 collatio

167 3488 295 3547 facienda
307 3498 375 3556 erat,
389 3499 421 3547 ut
431 3490 570 3565 Apostolo
584 3489 751 3547 adveniente
771 3497 874 3564 praesto
895 3497 990 3543 essent
1006 3487 1141 3554 subsidia,
1157 3489 1259 3559 quibus

167 3585 294 3645 fratribus
308 3588 405 3664 inopia
417 3587 606 3645 laborantibus
619 3589 823 3646 subveniretur.
866 3584 1009 3643 Caeterum
1020 3586 1100 3643 facile
1109 3586 1209 3644 damus
1222 3606 1259 3644 ex

203 3807 246 3874 (l)
258 3806 283 3857 2.
294 3805 337 3857 Qu.
349 3823 391 3872 qu.
404 3809 478 3859 cxxii.
490 3817 534 3859 art.
546 3811 578 3859 iv.
596 3808 631 3859 od
637 3807 762 3875 pomum.

204 3893 248 3960 (2)
267 3893 370 3952 ibidem,
379 3892 415 3944 od
424 3900 553 3961 quartum.
587 3903 602 3924 ⁸⁴
614 3894 670 3942 'l'ho
682 3892 768 3941 Lord's
785 3891 832 3956 day
845 3891 886 3941 did
899 3899 942 3940 not
952 3892 1053 3941 aocceed
1063 3893 1089 3940 in
1105 3891 1147 3941 the
1158 3892 1226 3957 place
1238 3891 1266 3940 ot‘

169 3977 212 4027 tha
223 3977 346 4034 Sabbath3
363 3979 407 4028 but
418 3978 459 4028 the
470 3977 577 4028 Sabboth
590 3994 642 4027 wos
658 3977 749 4040 wholly
761 3975 898 4037 abrogaled,
914 3976 962 4025 and
980 3976 1021 4025 the
1041 3975 1127 4025 Lord's
1144 3977 1191 4040 day
1212 3991 1262 4025 vm

168 4062 259 4125 merely
271 4062 300 4111 os
316 4062 492 4112 Ecclesiasticol
503 4061 666 4113 institution.”
699 4059 799 4124 Toylor,
811 4061 826 4110 1.
839 4060 863 4109 ii.
875 4059 971 4110 Ductor·
983 4058 1050 4110 Dub-
1059 4076 1082 4125 p.
1091 4062 1149 4110 359.

203 4143 246 4207 (³)
266 4144 371 4208 Aponi.
386 4147 424 4193 10.

203 4228 244 4291 (4)
263 4227 275 4276 1
287 4233 342 4278 tor.
350 4229 401 4278 xvi.
412 4233 436 4278 2.
461 4228 526 4279 Vide
535 4238 560 4280 et
568 4230 639 4280 Joen.
652 4244 695 4277 xx.
709 4228 746 4277 to.
758 4226 798 4277 tu.
833 4227 894 4277 Acta
905 4242 947 4276 xx.
959 4229 983 4285 6,
994 4226 1017 4276 7.

847 4368 882 4425 m
