2744 4980
449 393 506 453 DE
527 392 643 452 LEGE
665 393 867 454 NATURAE.
1167 403 1208 459 61
1310 446 1316 456 ,

153 563 205 616 14.
228 558 322 615 'santa
339 564 384 616 est
402 558 536 617 naturalis
556 559 628 636 legis
651 560 704 628 vis,
726 568 758 616 ut
777 577 841 630 quae
863 567 960 617 contm
981 578 1044 617 eam
1063 562 1206 629 fiuntnou

107 669 220 716 numm
233 659 290 714 sint
302 658 425 732 peccatis
439 659 625 725 accensenda,
638 657 690 715 sed
709 667 737 716 et
755 658 835 715 omni
847 670 958 715 careant
970 660 1080 729 robore,
1095 663 1205 733 quoties

105 768 189 815 actus
202 756 366 832 prohibetur
378 758 415 815 ob
428 758 573 834 potestatis
587 757 737 827 desectum,
751 756 797 814 vel
815 758 852 815 ob
874 758 1074 835 turpitudinem
1094 779 1157 834 quse
1177 763 1205 819 ei

105 865 273 915 constanter
286 856 414 913 inheret.

155 961 203 1013 15.
225 954 314 1013 Nulla
326 955 390 1012 fieri
407 963 501 1031 potest
518 954 590 1032 legis
603 955 738 1014 naturalis
752 955 881 1023 mutatio,
895 974 962 1013 nam
977 975 1072 1015 rerum
1085 958 1208 1017 essentia

107 1056 220 1122 nititur,
233 1064 311 1111 etex
325 1054 382 1112 Dei
395 1055 518 1112 essentia
537 1055 623 1112 veluti
645 1053 794 1112 derivatur.
836 1055 968 1113 Attamen
988 1057 1018 1114 in
1037 1057 1206 1128 quibusdam

109 1173 208 1212 rerum
221 1153 362 1230 adjunctis
376 1153 440 1230 ejus
460 1153 592 1230 obligatio
612 1153 794 1229 suspenditur
812 1153 906 1225 quoad
924 1173 986 1213 rem
1006 1156 1129 1231 aliquam
1143 1175 1206 1232 spe·

108 1252 229 1318 cialem;
245 1254 373 1324 quamvis
387 1252 464 1308 enirn
483 1252 627 1327 precipiat
638 1252 791 1324 unicuique
808 1253 858 1328 jus
878 1271 962 1311 suum
982 1255 1074 1320 tribui,
1086 1254 1207 1327 ideoque

109 1350 273 1427 depositum
286 1350 402 1408 domino
418 1351 523 1427 petenti
536 1349 626 1418 reddi,
640 1359 761 1409 attamen
774 1368 833 1408 non
851 1352 905 1409 erit
924 1352 1033 1428 gladius
1046 1353 1206 1412 reddentbrs

110 1451 228 1517 amenti,
242 1450 287 1507 vel
309 1460 480 1507 venenatum
503 1449 647 1525 poculum,
662 1449 738 1522 quod
760 1451 824 1522 quis
844 1451 897 1508 sibi
910 1453 1027 1527 paravit,
1041 1453 1068 1509 ei
1081 1453 1207 1528 praeben·

112 1550 193 1616 dum,
208 1568 297 1622 quum
309 1549 423 1608 dilectio
437 1548 560 1624 proximi
574 1558 649 1606 vetet
667 1567 703 1606 ne
721 1549 838 1626 justitiae
858 1569 924 1609 eum
937 1559 1014 1609 tauto
1026 1551 1088 1626 ejus
1101 1549 1207 1610 dunno

112 1649 241 1707 satisfiat.
283 1648 333 1706 Sic
352 1657 494 1706 secretum
516 1665 553 1706 ex
562 1648 627 1724 jure
640 1658 744 1706 naturae
758 1649 928 1707 servandum
942 1658 1000 1706 est:
1023 1649 1099 1721 quod
1112 1660 1206 1709 tamen

113 1746 234 1823 prodere
248 1757 367 1824 oportet,
381 1749 405 1804 si
416 1748 564 1806 innocenti
577 1747 702 1827 alioquin
714 1748 852 1806 damnum
865 1766 980 1807 enorme
994 1749 1150 1816 immincat,
1161 1749 1207 1808 vel

112 1848 298 1921 reipublicae:
319 1866 384 1905 riam
400 1857 430 1905 et
451 1856 556 1906 naturae
577 1848 710 1905 instinctu
729 1846 762 1904 tit
779 1857 811 1904 ut
826 1847 893 1905 huie
906 1847 1002 1919 illique
1016 1845 1207 1906 consulamus.

112 1947 263 2003 Arcanum
278 1955 368 2003 autem
387 1946 574 2005 consessionis
589 1946 657 2003 tanti
670 1955 714 2003 est
734 1947 881 2014 momenti,
896 1957 925 2002 et
943 1945 1039 2003 divino
1054 1947 1119 2021 jure
1137 1945 1207 2004 adeo
1314 1956 1323 1971 '

114 2056 188 2101 arcte
212 2046 378 2122 injungitur,
401 2056 433 2103 ut
454 2044 525 2103 illud
547 2045 625 2103 nullo
647 2046 677 2102 in
698 2064 794 2104 rerum
811 2057 915 2105 eventu
934 2045 1073 2104 ullatenus
1087 2046 1206 2120 prodere

112 2143 205 2200 liceat.

159 2247 206 2300 16.
231 2241 320 2300 Nulla
333 2258 377 2300 est
394 2242 504 2300 homini
526 2252 650 2319 potestas
673 2244 703 2301 in
720 2243 784 2320 lege
804 2254 909 2301 naturae
929 2240 1122 2318 dispensandi,
1144 2261 1206 2316 quae

116 2359 170 2398 nee
182 2351 275 2418 potest
288 2342 490 2400 consuetudine
504 2342 562 2399 ulla
573 2342 619 2399 vel
632 2341 780 2400 hominum
790 2342 975 2400 conventione
986 2342 1133 2416 abrogari:
1144 2346 1220 2414 quae*

115 2450 210 2498 tamen
222 2442 286 2516 lege
300 2452 407 2499 nature
419 2441 514 2507 licent,
529 2451 648 2517 possunt
668 2442 765 2508 vetari,
779 2443 860 2514 isque
883 2440 977 2498 induci
988 2458 989 2462 ¹
999 2450 1093 2516 potest
1113 2459 1206 2499 rerum

113 2539 196 2607 ordo,
211 2559 267 2611 quo
277 2539 396 2597 facultas
411 2539 542 2598 naturalis
553 2540 705 2615 plurimum
718 2542 908 2616 restringatur.
950 2540 1000 2596 Sic
1010 2539 1098 2596 horno
1111 2549 1208 2597 natura

115 2650 159 2696 est
171 2639 258 2696 liber:
279 2637 429 2696 hominum
443 2649 535 2695 tamen
549 2640 734 2697 conventione
754 2649 782 2695 et
802 2640 869 2696 belli
887 2640 951 2714 jure
972 2638 1100 2713 plurimis
1120 2639 1209 2695 ablata

114 2749 157 2795 est
169 2738 301 2795 libertas:
324 2756 381 2809 quo
395 2747 477 2813 paeto
490 2755 583 2795 rerum
597 2736 709 2795 inducta
725 2748 769 2793 est
787 2736 911 2795 conditio
925 2754 988 2808 quae
1002 2734 1117 2807 quidem
1131 2745 1209 2791 natu·

113 2838 163 2894 mli
173 2837 231 2913 juri
246 2856 304 2894 non
317 2847 464 2913 repugnat,
479 2838 609 2908 quamvis
623 2835 698 2893 baud
712 2834 865 2893 admodum
878 2835 1036 2891 conveniat.
1073 2831 1209 2890 Naturale

114 2937 269 3007 uuicuique
284 2946 327 2992 est
335 2938 385 3014 jus
398 2934 571 3011 propagandi
584 2954 674 3011 genus
687 2934 859 3016 humanum:
875 2932 951 3005 quod
965 2931 1117 3005 nequidem
1131 2950 1210 2990 man·

113 3036 196 3111 cipiis
211 3034 314 3092 auferri
327 3045 429 3111 potest,
444 3033 495 3092 sed
508 3035 603 3092 obices
617 3033 731 3107 quidam
745 3053 821 3110 saepe
836 3033 1004 3109 objiciuntur
1022 3033 1055 3090 ab
1074 3032 1150 3089 heris
1164 3032 1210 3089 vel

114 3135 224 3210 legibus
238 3135 301 3210 ejus
315 3135 470 3191 exercitio:
495 3133 570 3205 quod
590 3133 622 3190 fit
643 3134 748 3206 absque
764 3134 837 3210 juris
858 3131 989 3189 naturalis
1003 3131 1163 3197 violatione,
1185 3133 1209 3187 si

114 3232 258 3289 moderate
273 3242 301 3290 et
321 3251 416 3305 <equas
436 3234 472 3291 ob
485 3250 584 3289 causas
596 3232 653 3290 fiat.
685 3231 848 3308 Optandum
869 3241 962 3287 tamen
975 3240 1006 3286 ut
1021 3229 1161 3294 tollantur,
1183 3239 1211 3284 et

116 3332 231 3389 facultas
245 3333 377 3389 naturalis
390 3332 478 3389 libera
496 3330 678 3403 relinquatur.
720 3331 810 3388 Seeus
830 3328 991 3394 dicendum,
1012 3328 1123 3401 quoties
1147 3327 1210 3396 quis

117 3443 218 3506 sponte
228 3432 287 3506 juri
302 3431 369 3489 huie
383 3429 561 3496 renuntiavit,
575 3431 616 3487 uti
638 3430 775 3507 contingit
796 3448 890 3487 sacros
904 3428 1018 3486 ordines
1032 3426 1210 3500 suscipienti·

118 3531 179 3586 bus.
221 3529 292 3587 Jure
306 3542 410 3587 naturas
425 3530 520 3586 omnia
533 3530 673 3607 omnibus
693 3530 855 3586 eommunia
874 3537 949 3595 sunt,
970 3527 1071 3599 quibus
1092 3524 1210 3602 proinde

119 3647 169 3704 pro
182 3630 322 3705 cujusque
336 3629 503 3687 necessitate
517 3626 572 3684 suri
582 3627 665 3685 licet:
687 3627 835 3686 hominum
848 3636 940 3685 autem
954 3627 1139 3684 conventione
1149 3626 1210 3702 jus·

119 3728 226 3785 tissima
238 3746 335 3786 rerum
348 3728 451 3786 divisio
464 3727 536 3785 sacta
546 3736 608 3784 est:
623 3737 794 3805 quapropter
803 3727 864 3803 jam
874 3727 1004 3784 nonlicet
1015 3744 1077 3783 rem
1090 3725 1210 3781 alienam

36 3861 39 3865 ⁴
117 3828 168 3884 sibi
182 3846 329 3903 usurpare.

160 3931 207 3984 17.
230 3925 312 3983 Deus
334 3927 396 4002 ipse
419 3945 477 3983 non
497 3934 591 4001 potest
609 3924 850 4001 dispensationem
876 3923 1041 3989 concedere,
1064 3940 1121 3995 qua
1146 3922 1210 3994 quis

120 4026 226 4083 ratione
239 4036 323 4082 utens
345 4025 525 4102 dispensetur
547 4045 563 4082 a
584 4024 647 4101 lege
670 4034 775 4082 naturae
795 4021 942 4089 servanda,
963 4031 1100 4095 quatenus
1120 4021 1211 4096 prima

119 4141 231 4182 morum
251 4125 390 4201 principia
409 4133 532 4202 spectat:
555 4142 608 4181 nec
629 4125 706 4181 enim
725 4123 817 4180 faeere
838 4129 939 4197 potest,
953 4131 985 4178 ut
1002 4119 1209 4195 blasphemare,

118 4224 242 4291 mentiri,
255 4223 391 4281 moeehari
403 4225 495 4291 liccat,
506 4241 594 4295 quum
606 4220 652 4279 his
665 4207 800 4279 iiihtereat
813 4218 962 4295 turpitudo.
1004 4219 1104 4278 Potest
1116 4228 1211 4278 tamen

119 4323 243 4471 tollendp
257 4323 414 4472 matleriam,
428 4325 473 4382 vel
491 4321 636 4390 mutando,
656 4322 748 4379 facere
767 4330 799 4379 ut
817 4320 897 4398 plura
908 4329 990 4379 extra
999 4320 1093 4397 legem
1105 4328 1209 4377 nabere

241 4429 292 4473 on.
327 4415 400 4472 .-7
