2744 4980
216 407 271 463 tot)
395 402 451 463 DE
473 400 726 462 POTESTATE
747 399 887 460 Lucus
908 398 1110 460 FERENDI.

212 573 370 649 plectuntur
382 572 495 630 abortus
509 579 648 634 auctores,
659 578 688 626 et
699 569 899 644 naufragorum
912 568 986 624 bona
999 566 1174 642 diripientes.
1206 567 1305 625 Sacra·

211 682 371 730 mentorum
397 666 682 729 administrandorum
708 669 847 726 rationem
872 665 1070 733 determinant,
1091 665 1169 723 salva
1200 685 1301 726 eorum

211 772 376 839 substantia,
390 782 421 829 ut
433 770 530 828 omnia
542 768 612 824 fiant
625 766 771 824 “honeste
786 776 815 824 et
827 764 985 824 secundum
1008 759 1187 831 ordinem,”¹
1208 768 1307 843 Apos-

211 871 331 928 tolorum
345 869 508 945 exemplum
522 866 755 924 etauctoritatem
768 868 798 924 in
810 864 995 942 disponendis
1009 882 1073 938 quas
1087 881 1123 921 oo
1136 858 1304 940 pertinent,²

211 971 319 1035 secuti3
333 979 362 1024 et
374 979 486 1042 tempus
500 965 639 1023 definiunt
651 984 708 1038 quo
721 966 826 1024 divinis
840 983 873 1022 ea
880 964 1055 1041 suscipiendi
1065 966 1214 1039 preceptis
1225 966 1305 1022 satis·

155 1068 159 1074 “
212 1069 269 1124 liat.
313 1067 415 1124 Munia
427 1065 482 1122 alia
493 1064 631 1131 fidelium,
646 1083 707 1136 quae
729 1067 767 1139 in„
780 1064 933 1141 Scripturis
957 1064 1145 1129 declarantur,
1160 1062 1304 1140 implenda

213 1177 321 1232 curant,
335 1163 518 1242 legibusideo
529 1165 608 1222 latis:
630 1178 658 1219 et
670 1182 706 1221 ne
719 1163 816 1222 divino
829 1163 918 1222 cultui
937 1161 1032 1222 desint
1051 1161 1210 1238 provident.
1253 1164 1305 1219 Sa·

216 1283 329 1323 erorum
343 1264 537 1322 ministrorum
547 1267 622 1342 jura,
635 1273 737 1338 praeter
756 1282 791 1321 ea
800 1283 863 1337 quae
883 1283 899 1319 a
917 1261 1036 1321 Christo
1049 1261 1178 1320 Domino
1191 1262 1308 1320 definita

212 1373 287 1431 sunt,
301 1363 410 1440 legibus
423 1362 563 1421 Ecclesia
577 1371 753 1422 statuuntur:
774 1372 947 1439 quapropter
960 1372 1061 1438 praeter
1074 1362 1212 1436 primatus
1226 1363 1305 1419 insti·

213 1463 360 1529 tutionem,
375 1480 437 1536 quae
452 1460 599 1520 Christum
614 1461 698 1519 habet
717 1472 870 1530 auctorem,
892 1460 1136 1538 metropolitarum
1149 1463 1179 1519 in
1195 1462 1306 1537 episco-

213 1580 276 1637 pos,
291 1573 319 1618 et
332 1562 552 1637 patriarcharum
573 1561 602 1618 in
622 1562 817 1638 metropolitas
827 1561 999 1640 jurisdictio,
1013 1559 1106 1632 qualis
1120 1562 1190 1619 olim
1204 1562 1307 1636 viguit,

214 1661 249 1718 ad
261 1660 354 1736 legem
367 1660 585 1718 ecelesiasticam
604 1657 752 1719 reserenda
771 1653 841 1718 est.³
881 1659 1036 1735 Privilegia
1053 1658 1134 1727 oleri,
1154 1678 1218 1732 quae
1232 1660 1308 1717 sacri

214 1758 322 1816 ordinis
336 1757 469 1835 dignitate
482 1760 617 1824 nituntur,
631 1756 740 1836 legibus
753 1760 953 1818 ecclesiasticis
968 1758 1109 1836 explicata
1118 1770 1184 1816 sunt
1197 1770 1225 1816 et
1239 1758 1309 1816 defi·

215 1861 288 1915 nita:
310 1868 339 1913 et
351 1859 449 1915 munia
462 1876 560 1915 eorum
574 1856 728 1934 adsignata.
756 1857 899 1917 Ordinnm
913 1858 1126 1935 Religiosorum
1141 1859 1307 1941 immunitas

214 1968 242 2013 et
260 1958 327 2032 jura
347 1956 447 2014 iisdem
469 1957 554 2014 ctiam
574 1966 675 2015 statuta
694 1968 768 2016 sunt.
810 1959 886 2016 Tota
905 1957 1029 2029 denique
1050 1957 1150 2033 politia
1163 1957 1307 2015 Ecclesiae

213 2055 323 2131 legibus
336 2064 446 2112 constat
458 2064 486 2112 et
499 2053 682 2131 explicatur.⁴

253 2158 282 2210 8.
305 2153 350 2210 De
365 2154 447 2211 rebus
461 2152 663 2229 temporalibus
686 2174 752 2215 cum
765 2156 958 2232 spiritualibus
973 2155 1111 2213 connexis
1124 2155 1204 2233 leges
1219 2155 1308 2212 eccle·

215 2253 263 2309 siae
278 2272 355 2330 saepe
369 2263 465 2330 agunt,
479 2273 514 2309 v:
536 2273 571 2329 g:
593 2252 628 2311 de
648 2252 755 2312 sedibus
778 2254 949 2330 praediisque
970 2255 999 2312 in
1023 2273 1118 2312 sacros
1139 2274 1210 2313 usus
1224 2254 1307 2320 datis,

214 2352 260 2408 rel
271 2353 301 2410 in
314 2355 548 2412 sustentationem
562 2371 706 2412 sacrorum
720 2355 930 2412 ministrorum:
952 2372 990 2411 ex
1003 2373 1038 2412 eo
1058 2354 1136 2411 enim
1150 2353 1227 2426 quod
1241 2351 1307 2410 Deo

213 2449 382 2517 dicerentur,
404 2452 538 2527 praesules
559 2451 699 2510 Ecclesiae
723 2463 894 2512 censuerunt
913 2452 1067 2513 curandum
1085 2463 1118 2512 ut
1137 2454 1307 2512 donatorum

213 2549 349 2607 voluntati
363 2549 520 2616 satisfieret,
531 2560 560 2607 et
572 2569 617 2608 res
631 2552 682 2609 rite
696 2551 965 2610 administrarentur.
1008 2551 1086 2610 Hinc
1099 2551 1240 2611 definiunt
1249 2570 1306 2623 quo

214 2664 307 2706 rerum
321 2659 424 2707 eventu
436 2648 549 2706 collatio
562 2649 692 2708 beneficii
706 2652 743 2709 sit
759 2653 845 2719 irrita,
860 2651 905 2709 vel
918 2651 1025 2710 fructus
1039 2670 1098 2710 non
1111 2651 1179 2710 fiant
1191 2669 1307 2727 posses·

214 2748 298 2813 soris,
313 2747 357 2804 vel
371 2748 432 2824 ipse
442 2750 507 2825 jure
520 2748 599 2820 quod
612 2748 741 2807 habuerit
761 2749 857 2807 cadat:
879 2749 930 2807 sed
952 2759 981 2808 et
1000 2750 1136 2808 mulctant
1152 2749 1306 2823 aliquando

215 2844 425 2918 delinquentem
449 2846 589 2906 fructuum
612 2857 700 2923 parte,
720 2858 816 2925 utpote
835 2868 958 2922 quorum
984 2850 1232 2926 percipiendorum
1256 2851 1306 2926 jus

250 3035 292 3097 (l)
316 3033 398 3082 icor.
410 3035 458 3083 xiv.
472 3037 513 3083 40.

249 3120 291 3184 (2)
312 3118 412 3177 Ibidem,
423 3119 457 3168 xi.
469 3121 509 3169 st.
543 3120 586 3170 “lt
603 3121 624 3170 is
642 3123 673 3184 by
692 3137 750 3170 ours
761 3122 959 3186 achnowledgsd
971 3125 1024 3175 that
1041 3125 1082 3175 the
1094 3127 1210 3191 Apostles
1221 3126 1261 3175 did
1279 3127 1306 3176 in

214 3219 286 3268 every
298 3203 390 3253 chureh
402 3203 511 3253 institute
520 3202 567 3253 and
580 3202 664 3253 ordsin
677 3220 745 3254 some
762 3205 818 3254 ritas
830 3205 879 3254 and
890 3216 999 3257 customs
1010 3209 1107 3271 sarving
1118 3209 1154 3258 sor
1163 3209 1205 3258 thu
1213 3209 1307 3259 seemli·

214 3304 271 3338 nsss
281 3290 310 3339 of
319 3289 412 3339 chureh
424 3289 550 3351 regiment,
557 3287 639 3338 which
650 3290 707 3339 ritas
718 3290 767 3339 and
776 3300 884 3341 customs
896 3291 953 3356 they
965 3292 1028 3342 bsvo
1040 3302 1084 3343 not
1094 3294 1235 3344 committed
1247 3301 1306 3344 untc

213 3374 335 3436 writing.”
369 3373 492 3424 Hoolrer's
505 3375 572 3425 Bccl.
584 3373 673 3438 Polity,
683 3376 698 3426 1.
710 3376 725 3425 i.
737 3391 761 3425 n.
778 3376 817 3425 14.

250 3460 292 3523 (³)
312 3466 326 3489 “
335 3461 400 3509 Sunt
420 3462 528 3524 episcopi
547 3476 633 3510 omnes
645 3461 729 3511 ordina
740 3477 810 3526 paras
821 3477 876 3512 can.
886 3464 909 3510 6.
921 3478 988 3512 caus
1000 3468 1023 3513 7.
1035 3473 1119 3527 quart
1135 3469 1156 3513 l.
1190 3465 1307 3515 Fuisssnt

214 3542 286 3590 etiam
298 3557 391 3603 omncs,
412 3559 463 3592 uno
479 3544 578 3608 dempto
591 3543 710 3595 Pontifica
722 3545 841 3604 Maximo,
853 3547 895 3611 qui
904 3549 959 3611 jure
970 3549 1054 3598 divino
1065 3550 1196 3614 primatum
1214 3550 1241 3599 in
1259 3549 1307 3598 Ec·

213 3625 285 3676 alesia
298 3634 370 3685 tanet,
383 3642 452 3689 pares
460 3628 636 3694 jurisdictione,
654 3631 675 3679 si
695 3630 757 3680 nihil
771 3632 827 3696 jura
846 3633 950 3696 positivo
967 3634 1129 3684 ecclesiastico
1145 3634 1306 3685 constitutum

213 3711 344 3775 aliquando
354 3712 464 3762 luissst’'
499 3712 617 3764 Bernardi
628 3715 721 3765 dbsort.
734 3718 758 3764 3.
770 3732 822 3779 cap.
837 3719 857 3765 1.
875 3718 905 3766 de
924 3719 1017 3780 origine
1028 3728 1052 3770 et
1064 3728 1107 3770 rat
1120 3719 1237 3784 Archiap·
1248 3728 1307 3770 tom.

212 3797 228 3845 i.
240 3794 374 3847 commin
384 3800 427 3862 Jus
438 3797 505 3848 Eccl.
519 3800 587 3849 uuir.

248 3883 291 3946 (4)
305 3889 320 3912 ‘⁴
330 3881 462 3945 Tooehing
482 3884 565 3946 things
586 3884 668 3935 which
690 3886 779 3948 belong
796 3894 822 3936 to
838 3887 965 3951 disciplina
982 3890 1030 3939 and
1047 3891 1157 3940 outwrrd
1168 3892 1253 3955 polity,
1265 3890 1307 3940 tbs

211 3966 304 4016 church
316 3968 375 4016 hath
386 3968 509 4033 authority
520 3979 545 4018 to
557 3970 627 4019 melre
638 3985 738 4028 canons,
750 3971 818 4029 lawa,
830 3972 877 4021 and
889 3973 986 4023 decrscs
997 3990 1058 4024 even
1077 3990 1104 4023 aa
1124 3990 1162 4024 we
1180 3975 1236 4025 rsad
1254 3975 1307 4025 that

212 4052 238 4100 in
250 4052 291 4101 the
303 4054 416 4117 Apostles
434 4055 506 4104 timm
523 4055 542 4104 it
554 4054 603 4104 did.
637 4055 729 4105 Which
747 4056 820 4106 kinds
838 4057 867 4107 oi
881 4058 940 4107 lawa
961 4060 1011 4124 (sor
1028 4076 1055 4108 as
1066 4059 1141 4111 much
1153 4077 1181 4111 as
1193 4061 1252 4126 they
1264 4077 1306 4112 ars

212 4137 299 4184 notin
317 4137 462 4189 themselves
478 4155 607 4203 necessary
625 4148 650 4190 to
668 4140 801 4206 sdration)
826 4156 882 4205 may
901 4143 961 4192 atter
981 4144 1039 4208 they
1056 4160 1097 4194 ars
1114 4145 1185 4196 made
1203 4147 1234 4196 bs
1254 4148 1306 4198 also

211 4220 321 4352 pbaoged
333 4237 360 4272 as
377 4223 418 4272 tbs
435 4225 566 4277 differancs
584 4226 613 4276 ol
626 4226 697 4277 times
717 4242 744 4277 cr
763 4228 845 4292 places
861 4228 924 4279 sholi
943 4228 1061 4294 require.”
1096 4230 1218 4283 llcclrer's
1238 4232 1306 4284 Eeol

233 4305 300 4364 olits,
313 4307 328 4357 l·
340 4306 374 4357 iii.
385 4323 410 4357 n.
425 4308 462 4358 10.
