2766 4996
502 413 559 473 DE
579 411 863 473 PASSIONIBUS.
1189 422 1228 475 37

176 585 227 640 71.
242 579 373 637 Tristitia
380 577 517 636 minuitur
529 577 711 637 delectatione
725 578 1052 656 aliquasuperveniente‚
1063 577 1149 637 sedet
1161 579 1241 637 lietu

137 697 365 751 nonnunquam:
385 696 448 750 quaa
468 679 546 736 enim
566 685 679 752 pectore
698 690 792 734 manet
811 677 915 745 clausa,
936 696 985 736 cor
1009 678 1082 736 solet
1100 679 1227 737 obruere.

137 780 186 837 Sic
200 778 379 854 Augustinus
392 775 476 833 amici
496 784 616 835 mortem
635 775 749 848 plorans
768 776 799 833 in
811 777 880 849 solis
893 776 1043 853 gemitibus
1055 786 1083 834 et
1094 777 1233 854 lacrymis

136 878 261 950 aliquam
274 875 402 948 requiem
416 865 598 932 inveniebat¹
639 874 711 932 Aliis
722 873 934 934 condolentibus
943 876 1050 933 levatur
1062 877 1229 952 plerumque

138 977 263 1041 animus,
276 992 343 1033 nam
356 983 385 1030 et
396 991 469 1031 onus
482 972 568 1030 dividi
582 972 701 1038 videtur,
717 983 745 1028 et
757 971 903 1032 delectatio
915 992 952 1032 ex
970 992 1069 1032 eorum
1081 973 1231 1032 dilectione

139 1074 274 1135 nascitur.
316 1070 376 1131 Sed
397 1072 526 1129 solamen
545 1072 637 1147 majus
657 1069 761 1128 afflicto
781 1072 877 1129 animo
895 1072 927 1129 fi:
945 1090 983 1131 ex
999 1073 1152 1130 celestium
1164 1091 1230 1130 cou-

140 1172 335 1247 completione,
349 1181 392 1227 est
405 1171 481 1228 enim
496 1168 606 1226 “Deus
620 1170 703 1227 totius
717 1169 928 1238 consolationis,
943 1172 992 1243 qui
1004 1172 1166 1229 consolatur
1177 1188 1232 1228 nos

143 1273 173 1329 iu
199 1271 277 1327 omni
302 1268 475 1326 tribulatione
502 1262 646 1325 nostra'’²
685 1267 764 1325 Hinc
788 1269 965 1344 Augustinus
993 1269 1029 1328 de
1060 1288 1092 1326 se
1118 1270 1229 1326 scribit:

143 1378 163 1404 ⁶⁶
175 1367 328 1425 Videbatur
339 1366 421 1434 mihi,
435 1368 460 1423 si
474 1373 508 1422 se'
519 1366 566 1423 ille
585 1366 726 1423 mentibus
745 1367 848 1423 nostris
861 1368 984 1425 veritatis
997 1368 1089 1444 fulgor
1102 1369 1230 1444 aperiret,

139 1479 252 1525 autnon
262 1485 307 1523 me
316 1483 465 1523 sensurum
475 1464 564 1522 luisse
578 1463 659 1522 illum
671 1463 807 1532 dolorem,
822 1476 870 1523 aut
878 1476 952 1523 certe
965 1486 1017 1542 pro
1029 1467 1120 1524 nihilo
1133 1467 1230 1524 tolera·

141 1559 283 1624 turum.''³
324 1573 343 1599 “
355 1564 390 1621 In
403 1563 640 1638 contemplatione
652 1564 775 1620 veritatis
798 1565 922 1622 maxima
935 1564 1080 1623 delectatio
1094 1566 1229 1622 consistit.

143 1664 248 1722 Omnis
267 1673 361 1720 autem
374 1661 522 1721 delectatio
535 1660 662 1720 dolorem
681 1662 799 1738 mitigat,
819 1673 849 1719 et
867 1661 931 1720 ideo
950 1664 1150 1738 contemplatio
1161 1663 1232 1719 veri·

141 1764 203 1819 tatis
217 1762 327 1837 mitigat
339 1760 488 1826 mutiam
508 1759 554 1817 vel
576 1759 711 1826 dolorem,
726 1770 754 1817 et
773 1770 848 1817 tanto
861 1763 952 1836 magis
966 1771 1069 1833 quanto
1083 1761 1234 1836 perfectius

141 1861 244 1932 aliquis
267 1869 312 1916 est
333 1868 439 1915 amator
460 1859 625 1934 sapientiae:
647 1868 676 1914 et
696 1856 761 1915 ideo
783 1859 914 1915 homines
936 1876 973 1913 ex
999 1858 1234 1932 contemplatione

142 1958 250 2023 divina,
265 1965 294 2012 et
312 1955 410 2015 future
429 1956 617 2024 beatimdinis,
637 1957 668 2013 in
687 1955 907 2013 tribulationibus
927 1955 1058 2032 gaudent,
1078 1953 1235 2013 secundum

143 2053 323 2114 illudJacobi
336 2053 360 2112 l.
383 2064 391 2090 ‘
402 2053 497 2113 Omne
510 2055 644 2131 gaudium
656 2054 825 2122 existimate,
839 2054 936 2112 fratres
949 2057 1016 2124 mei,
1025 2074 1090 2113 cum
1104 2056 1134 2113 in
1147 2064 1232 2113 tenu-

144 2156 236 2212 tiones
249 2154 339 2211 varias
352 2152 507 2212 incideritis
517 2153 537 2210 τ’
558 2165 587 2212 et
605 2153 681 2226 quod
700 2163 744 2211 est
762 2153 893 2229 amplius,
914 2155 997 2212 etiam
1017 2156 1090 2211 inter
1108 2157 1234 2228 corporis

142 2254 291 2320 cruciatus,
304 2251 470 2330 hujusmodi
482 2252 617 2328 gaudium
629 2253 783 2310 invenitur:
804 2253 877 2310 sicut
890 2253 1036 2311 Tiburtius
1049 2263 1156 2326 martyr
1170 2270 1235 2309 cum

146 2351 258 2409 nudans
272 2351 374 2427 plantis
383 2369 471 2428 super
480 2349 608 2410 ardentes
622 2370 726 2427 prunas
740 2350 890 2416 incederet,
904 2349 992 2419 ‹lixit3
1014 2350 1153 2408 ‘Videtur
1166 2350 1235 2407 mihi

144 2448 222 2522 quod
235 2468 319 2526 super
331 2469 430 2509 roseos
444 2449 530 2507 flores
543 2449 673 2507 incedam
692 2451 721 2507 in
741 2451 855 2508 nomine
872 2448 942 2509 Jesu
961 2449 1089 2508 curse!
1102 2441 1137 2476 ”⁴
1176 2448 1235 2506 Sed

143 2560 171 2606 et
184 2559 302 2624 prosunt
311 2548 438 2607 remedia
456 2549 559 2620 quibus
576 2567 679 2624 corpus
697 2548 813 2615 levatur,
827 2568 945 2606 somnus
959 2530 1074 2616 scilieet,
1088 2548 1232 2614 balneum,

143 2660 171 2704 et
183 2648 238 2704 alia
249 2647 432 2725 hujusmodi:
454 2666 542 2718 quum
551 2649 628 2705 enim
649 2648 758 2705 tristitm
776 2649 887 2723 corpori
906 2648 997 2715 laedat,
1012 2667 1062 2706 cor
1073 2647 1160 2704 veluti
1173 2666 1232 2703 arc·

144 2745 236 2814 tando,
251 2756 279 2804 et
291 2745 490 2823 opprimendo,
502 2745 638 2819 quidquid
648 2746 838 2804 conditionem
848 2746 921 2803 hano
934 2748 1062 2803 immutat
1071 2756 1098 2802 et
1108 2744 1235 2801 sublevat

146 2846 231 2902 animi
244 2845 378 2903 levamini
391 2845 476 2903 eu'am
489 2845 613 2902 inservit.
655 2844 713 2910 Qui
728 2846 812 2921 igitur
828 2854 977 2919 gravantur
997 2860 1117 2901 moerore
1136 2841 1238 2898 debent

146 2943 279 3000 remediis
292 2943 456 3020 hujusmodi
469 2944 519 3010 uti,
531 2943 582 3001 sed
595 2944 729 3002 orationis
738 2943 870 3019 praesidio
880 2943 1051 3018 praesertim:
1067 2951 1086 2977 ‘⁴
1096 2940 1238 2999 Tristatur

147 3042 250 3114 aliquis
264 3043 393 3100 vestuml
413 3037 521 3100 oret.'’⁶

184 3146 234 3199 72.
256 3140 385 3199 Tristifia
394 3139 523 3214 quaedam
537 3142 611 3198 bona
623 3152 674 3210 est,
686 3142 735 3213 qui
748 3142 824 3200 enim
833 3142 908 3200 bono
922 3142 1026 3199 amisso
1034 3141 1119 3208 dolet,
1127 3138 1196 3198 illud
1206 3158 1237 3195 se

146 3239 347 3316 magnifacere
361 3238 498 3298 ostendit:
514 3241 563 3312 qui
577 3241 651 3298 malo
664 3259 778 3316 pressus
792 3242 922 3305 tristatur,
936 3258 1051 3297 sensum
1064 3237 1238 3299 calamitatis,

147 3359 163 3393 a
177 3356 236 3409 quo
249 3356 335 3395 nemo
349 3339 457 3396 alienus
470 3340 507 3395 sit
518 3349 639 3414 oportet,
653 3337 821 3394 manifestat.
849 3337 931 3393 Licet
943 3337 1027 3411 igitur
1039 3334 1146 3399 dolere,
1157 3332 1239 3388 bonis

147 3437 212 3494 vitae
234 3436 320 3513 hujus
341 3437 461 3503 amissis,
484 3439 529 3496 vel
550 3437 618 3495 dum
638 3435 769 3493 arumnis
790 3435 959 3510 premimur:
986 3434 1028 3490 sic
1054 3433 1130 3492 enim
1155 3431 1240 3488 habet

147 3536 273 3593 hominis
293 3545 399 3594 natura.
441 3536 526 3602 Quod
549 3538 574 3594 si
594 3555 630 3593 ex
650 3535 717 3593 fidei
735 3535 842 3592 lumine
862 3553 896 3592 ea
914 3534 1058 3610 ploremus
1077 3533 1161 3601 mala,
1176 3551 1239 3604 quae

148 3633 245 3691 divino
262 3635 443 3693 adversantur
462 3635 572 3702 honori,
586 3646 615 3692 et
632 3653 696 3692 eum
717 3635 872 3693 animarum
892 3635 1004 3692 interitu
1022 3635 1239 3711 conjunguntur,

148 3733 255 3804 aequior
267 3745 296 3790 et
307 3734 430 3791 sanctior
443 3734 495 3791 erit
507 3734 594 3791 animi
607 3733 703 3792 dolor:
725 3743 856 3793 ceterum
869 3733 1024 3791 cavendum
1038 3751 1073 3790 ne
1083 3733 1146 3805 quis
1155 3733 1240 3789 abun·

148 3830 267 3890 :lautiori
282 3834 461 3890 absorbeatur
478 3824 612 3890 tristitia⁶

189 3935 239 3987 73.
261 3933 335 4006 Spes
349 3941 442 3990 motus
456 3942 499 3987 est
511 3932 596 3988 animi
611 3932 639 3988 in
652 3933 757 3989 bonum
771 3930 894 3989 sumtum
904 3930 1031 3995 arduum,
1046 3926 1122 3998 quod
1135 3927 1240 3995 quisse

148 4025 317 4104 adepturum
331 4039 418 4106 putat.
440 4030 478 4088 Ei
492 4031 644 4106 opponitur
657 4030 824 4106 desperatio,
836 4049 892 4102 qua
905 4030 968 4101 quis
982 4042 1148 4103 persuasum
1158 4023 1242 4082 habet

185 4202 229 4267 (¹)
248 4202 314 4253 Vide
324 4204 436 4255 consess.
448 4203 463 4252 Ι.
475 4203 507 4254 ir.
519 4221 539 4255 c.
553 4204 585 4252 iv.
652 4200 687 4261 (2)
706 4201 722 4248 2
735 4200 792 4249 001,
803 4201 820 4250 i·
833 4202 857 4250 ³.

186 4287 229 4352 (3)
249 4287 368 4352 S⁰ll¹⁰q¹¹·
380 4290 395 4340 ¹·
407 4290 424 4341 l·
437 4307 459 4342 ⁶·
470 4291 514 4341 1ll·
648 4289 685 4343 (4)
704 4288 730 4337 S.
741 4286 831 4336 Thom.
844 4287 859 4336 l.
873 4290 897 4337 2.
909 4301 950 4351 qu.
959 4285 1062 4338 xxxviii.
1070 4295 1112 4338 art.
1124 4286 1156 4339 iv.
1168 4285 1241 4353 ΜΡ

188 4374 231 4440 (5)
250 4371 303 4423 Jac.
316 4389 339 4424 r.
352 4375 389 4425 1³.
654 4374 691 4433 (6)
709 4371 725 4420 2
739 4372 796 4422 Cor.
809 4372 834 4422 ii.
846 4377 870 4424 7.

239 4439 323 4501 Vos.
341 4441 431 4502 1.-5
