2744 4980
157 441 196 492 20
518 438 575 495 DE
596 435 873 496 IGNORANTIA.

157 617 214 657 non
229 609 322 675 potest
335 599 401 665 dici,
416 602 491 672 quod
504 602 632 659 voluntas
646 600 750 659 directe
764 613 794 659 et
804 619 856 677 per
875 598 1022 657 solaretur
1042 600 1072 657 in
1086 608 1254 676 peccatum,

157 697 207 754 sed
220 718 272 774 per
292 698 432 755 accidens.
474 701 558 758 Unde
579 702 619 758 ibi
638 713 682 757 est
702 701 796 758 minor
815 707 1004 774 contemptus,
1026 709 1055 755 et
1074 717 1125 775 per
1148 713 1255 755 conse·

157 815 248 868 quens
261 798 355 853 minus
374 795 570 873 peccatum.''¹

196 901 246 952 28.
268 895 430 971 Ignorantia
451 917 512 970 quar
526 898 628 956 dicitur
641 897 843 956 concomitans
857 915 890 953 ea
910 908 953 953 est
973 915 1029 969 qua
1041 896 1152 953 sublata
1169 905 1252 951 actus

157 1013 236 1066 aque
251 995 345 1050 tieret:
367 1013 413 1052 ex.
429 1016 477 1072 gr:
502 1000 553 1054 “si
568 997 696 1055 voluntas
717 997 837 1073 alicujus
856 1006 932 1052 esset
951 997 993 1054 sic
1007 994 1157 1070 disposita,
1172 991 1253 1065 quod

156 1111 214 1149 non
227 1094 422 1168 prohiberetur
435 1096 469 1152 ab
482 1107 545 1153 actu
558 1096 711 1172 parricidii,
726 1097 810 1154 etiarn
831 1096 856 1152 si
877 1104 985 1170 patrem
999 1103 1184 1170 agnosceret:
1206 1094 1252 1169 ig·

156 1193 284 1249 norantia
297 1194 383 1269 patris
394 1213 451 1252 non
462 1207 505 1251 est
517 1195 583 1253 huic
594 1214 679 1252 causa
692 1196 811 1271 peccati,
822 1193 872 1250 sed
883 1194 1104 1251 concomitanter
1116 1210 1150 1248 se
1163 1191 1252 1248 habet

157 1288 191 1345 ad
205 1302 368 1364 peccatum:
391 1303 419 1349 ct
432 1292 496 1350 ideo
510 1294 572 1351 talis
585 1312 642 1350 non
656 1304 755 1368 peccat
768 1306 884 1370 propter
904 1292 1100 1368 ignorantiam,
1115 1289 1168 1347 sed
1182 1307 1250 1365 pec·

158 1397 202 1443 cat
215 1390 358 1464 ignorans,
373 1391 529 1448 secundum
543 1391 746 1470 philosophum
760 1394 790 1450 in
804 1394 885 1449 tertio
899 1380 1119 1448 11111100111111.”2

194 1491 243 1544 29.
265 1488 311 1545 Ile
332 1489 504 1566 negligentia
524 1511 586 1563 quae
607 1491 645 1547 sit
667 1509 750 1546 causa
771 1491 934 1568 ignorantiae
956 1488 1025 1546 dicit
1046 1489 1078 1545 S.
1093 1488 1248 1546 Thomas:

158 1587 249 1643 “talis
262 1587 436 1663 negligentia
449 1589 516 1646 sacit
528 1590 714 1666 ignorantiam
734 1591 826 1666 ipsam
847 1606 910 1645 esse
923 1587 1121 1655 voluntariam,
1137 1598 1168 1644 ct
1181 1605 1250 1664 pec-

156 1695 260 1752 catum,
275 1685 428 1745 dummodo
442 1689 479 1744 sit
491 1705 588 1746 eorum
603 1707 666 1761 quae
681 1689 744 1759 quis
758 1689 829 1745 scire
843 1698 953 1745 tenetur
972 1697 1000 1743 et
1013 1681 1158 1764 potest.”³
1198 1686 1249 1743 tt-

157 1793 249 1840 tamen
259 1787 283 1843 si
297 1786 361 1856 quis
371 1787 407 1843 dc
417 1805 451 1842 ea
460 1786 561 1853 doleat,
572 1798 601 1844 et
610 1786 734 1844 studium
745 1786 879 1862 deinceps
890 1779 945 1862 pro
953 1787 1060 1844 viribus
1067 1784 1212 1852 adhibeat,
1220 1787 1248 1843 ei

156 1882 321 1957 imputanda
333 1903 389 1942 non
404 1895 486 1942 erunt
497 1905 560 1957 quae
571 1904 608 1943 ex
621 1886 708 1961 priori
722 1886 894 1962 negligentia
904 1895 964 1944 orta
976 1896 1051 1942 sunt.
1080 1883 1248 1942 Vehemens

156 1981 258 2052 aliquis
272 1974 359 2038 animi
372 1995 467 2040 motus
480 1984 655 2041 inordinatus
669 2002 744 2059 saepe
759 1983 825 2042 lacit
844 1995 875 2041 ut
895 1985 959 2056 quis
979 1985 1113 2060 ignoraus
1134 1994 1247 2060 peccet,

155 2077 302 2153 cupiditati
322 2080 367 2136 vel
387 2080 452 2139 odio
472 2082 639 2140 inserviens.
682 2081 874 2158 “Ignorantia
892 2083 924 2139 fit
946 2082 1102 2141 voluntaria
1122 2083 1159 2139 ob
1184 2100 1248 2158 pas·

155 2178 277 2242 sionem,
298 2196 382 2250 quarn
402 2181 466 2253 quis
490 2180 548 2237 vult
567 2180 717 2238 deliberate
738 2183 837 2254 sequi:
860 2181 900 2239 illi
920 2182 997 2238 enirn
1018 2183 1067 2254 qui
1088 2179 1247 2238 secundum

155 2296 236 2333 suam
249 2278 411 2353 passionem
432 2289 571 2354 operatur,
593 2280 665 2338 bene
687 2281 870 2356 imputabitur
890 2282 983 2338 omnis
1004 2299 1107 2357 pravus
1126 2279 1247 2336 effectus

156 2376 202 2432 tali
216 2376 343 2450 passioni
357 2396 514 2445 connexus,
528 2378 595 2435 licet
608 2381 637 2436 in
651 2379 811 2455 particulari
825 2398 882 2438 non
896 2373 1082 2456 agnoscamr;
1097 2380 1166 2451 quia
1175 2380 1246 2436 'cum

155 2472 243 2530 homo
256 2474 419 2550 passionem
432 2477 555 2550 aliquam
569 2478 754 2554 amplexatur,
769 2488 975 2552 consequenter
991 2479 1054 2554 ipse
1068 2477 1249 2553 amplectitur

156 2591 255 2629 omnes
269 2572 386 2630 effectus
400 2578 589 2633 communiter
601 2596 637 2634 ex
651 2576 698 2634 illa
711 2579 844 2654 passione
858 2578 1067 2653 provenientes,
1082 2578 1132 2649 qui
1145 2578 1200 2634 etsi
1216 2577 1247 2632 in

155 2672 314 2748 particulari
328 2691 387 2729 non
400 2674 597 2750 praevidentur,
621 2676 810 2752 praevidentur
828 2676 925 2733 saltem
946 2678 976 2734 in
993 2670 1164 2734 consuso.'’⁴
1204 2674 1248 2731 Ita

156 2771 187 2826 S.
203 2771 379 2847 Alpbonsus.
421 2773 613 2849 “ignorantia
632 2775 664 2831 fit
682 2775 836 2832 voluntaria
855 2775 962 2838 mione
983 2776 1062 2852 pravi
1081 2774 1249 2840 habitus,-

154 2879 182 2925 et
196 2881 261 2926 tunc
275 2881 353 2928 actus
367 2872 432 2929 mali
446 2875 496 2944 qui
510 2891 546 2929 ex
560 2873 634 2930 malo
647 2872 742 2931 habitu
758 2874 936 2948 proveniunt,
951 2884 1017 2931 sunt
1029 2873 1132 2949 pariter
1144 2872 1247 2930 volun-

155 2968 432 3043 tarii—ignorantia
452 2971 483 3027 fit
496 2971 652 3028 voluntaria
671 2982 699 3027 et
719 2972 921 3049 culpabilis...
936 2974 961 3029 si
974 2972 1062 3030 homo
1083 2973 1113 3028 in
1135 2970 1248 3047 agendo

155 3064 330 3123 advertenter
342 3068 459 3144 negligit
472 3069 604 3127 adhibere
618 3069 882 3138 considerationem,
898 3090 982 3143 quarn
1004 3088 1048 3127 res
1064 3068 1172 3146 agenda
1186 3088 1246 3127 me·

153 3158 277 3221 retur.’'⁵
315 3167 476 3244 Ignorantia
489 3187 551 3240 quae
565 3168 668 3226 dicitur
681 3170 895 3235 concomitans,
906 3169 977 3228 nihil
991 3169 1105 3241 quidem
1120 3169 1204 3244 ponit
1218 3171 1248 3226 in

152 3276 200 3329 re,
224 3264 275 3321 sed
289 3283 373 3341 prava
388 3265 435 3323 illa
448 3266 598 3343 dispositio
612 3278 758 3343 peccatum
772 3281 824 3326 est.

192 3367 240 3420 30.
257 3364 401 3437 Equidem
416 3365 533 3424 dubitari
548 3386 605 3424 non
623 3376 715 3444 potest
735 3367 872 3440 quosdam
890 3385 1007 3444 peccare
1028 3385 1064 3424 ex
1079 3367 1248 3443 ignorantia,

155 3478 243 3531 quum
257 3461 390 3519 Christus
404 3465 483 3538 ipsos
498 3466 624 3535 quicum
646 3467 721 3522 cruci
736 3466 856 3523 fixerant
875 3465 1085 3538 quodammodo
1105 3482 1248 3523 excusan-

154 3556 205 3614 dos
219 3558 293 3634 apud
307 3560 420 3617 Patrem
433 3559 546 3618 habuit:
570 3570 589 3597 “
599 3562 692 3628 Pater,
703 3561 811 3622 dimitte
826 3563 891 3630 illis,
906 3583 965 3623 non
979 3566 1057 3623 enim
1071 3564 1164 3621 sciunt
1177 3563 1249 3635 quid

154 3647 308 3714 faciunt.’‘⁶
333 3658 444 3716 Eorum
458 3661 565 3717 crimen
575 3659 628 3717 hac
638 3662 744 3719 ratione
759 3664 921 3721 extenuavit
931 3664 963 3720 S.
973 3664 1092 3721 Petrus:
1108 3671 1127 3697 ‘⁴
1137 3662 1248 3727 fratres,

154 3757 215 3813 scio
228 3758 295 3829 quia
308 3775 360 3833 per
373 3759 558 3834 ignorantiam
573 3758 690 3826 lecistis,
702 3760 775 3817 sicut
787 3770 815 3818 et
827 3763 972 3840 principes
986 3753 1119 3819 vostri.’'⁷
1147 3761 1247 3818 Nemo

154 3867 248 3915 autern
263 3856 367 3915 dixerit
380 3875 429 3915 eos
443 3858 523 3916 omni
538 3876 652 3914 vacasse
665 3857 757 3936 culpa.

190 4060 233 4123 (1)
246 4061 262 4108 1.
274 4063 298 4108 2.
309 4079 332 4124 q.
343 4062 416 4111 lxxvi.
426 4069 470 4111 art.
482 4061 513 4110 iv.
527 4059 599 4128 Resp.
750 4061 792 4127 (9)
806 4059 906 4122 Ibidem,
918 4073 962 4114 art.
974 4064 990 4114 1.
1004 4064 1077 4130 Resp.

190 4143 231 4208 (³)
246 4145 260 4193 1.
272 4149 296 4194 2.
308 4161 348 4207 qu.
362 4147 437 4196 lxxvi.
449 4155 491 4195 art.
506 4146 539 4196 iii.

190 4231 232 4292 (1)
245 4229 270 4276 S.
288 4229 433 4292 Alphonsus
449 4230 537 4281 Theol.
550 4229 611 4279 ldor.
625 4230 640 4281 l.
653 4245 675 4281 1.
693 4238 760 4281 treet.
772 4230 803 4280 do
822 4232 878 4282 Pec.
888 4248 909 4281 c.
925 4235 944 4282 l.
963 4230 1028 4282 Dub.
1040 4235 1062 4280 1.
1072 4247 1096 4282 n.
1108 4233 1132 4279 4.

190 4311 349 4377 1011111111.
551 4304 799 4379 (0111111111.
966 4315 1124 4381 (1111111.
1140 4318 1179 4364 11.

212 4538 311 4569 *ts
