2744 4980
562 1117 706 1179 CAPUT
726 1122 781 1181 111.

480 1335 519 1374 DE
540 1334 741 1377 consolatam
760 1336 862 1378 nubta·

171 1516 218 1568 13.
242 1510 454 1571 Couscmurm
468 1512 561 1571 dubia
574 1525 618 1571 est
637 1517 787 1591 suspensio
794 1514 896 1593 judicii
909 1516 944 1573 de
957 1519 1051 1592 operis
1064 1517 1170 1576 malitia
1182 1517 1219 1576 ob

126 1612 270 1669 rationum
282 1610 434 1680 delectum,
446 1631 497 1669 seu
511 1631 651 1688 pugnarn:
666 1624 773 1672 certum
784 1616 859 1672 enim
869 1614 1010 1691 judicium
1019 1617 1220 1674 conscientiam

126 1723 233 1767 certam
247 1711 321 1768 facit
364 1711 397 1768 Si
414 1711 536 1768 rationes
556 1712 613 1769 sint
632 1713 756 1771 adverse
776 1724 805 1770 et
823 1714 971 1789 oppositae,
986 1714 1118 1791 positive
1137 1715 1221 1772 dubia

129 1818 249 1865 vocatur
262 1810 447 1867 conscientia:
468 1810 611 1886 negative
624 1809 691 1869 verd
705 1811 798 1879 dubia,
813 1812 837 1868 si
849 1810 972 1869 ratioms
983 1822 1081 1870 neutra
1093 1831 1130 1869 ex
1145 1820 1222 1889 parte

129 1908 299 1963 habeantur.
341 1908 482 1965 Dubitatio
504 1909 550 1965 vel
573 1911 688 1984 respicit
703 1913 762 1988 jus,
785 1910 830 1967 vel
851 1910 923 1967 facta
944 1912 1085 1986 specialia.
1128 1911 1161 1967 Si
1179 1910 1222 1975 eei

127 2006 233 2061 veritas
254 2005 388 2064 indubio
408 2008 445 2064 sit
464 2007 565 2082 posita,
587 2008 703 2065 dubium
723 2007 940 2086 speculativum
960 2010 1035 2067 solet
1054 2011 1168 2068 vocari:
1197 2010 1222 2066 si

127 2107 171 2162 rei
195 2104 332 2162 honestas
354 2105 443 2163 dubia
462 2107 510 2173 sit,
532 2106 652 2164 dubium
665 2107 836 2185 practicam
856 2115 979 2164 vocatur.
1020 2108 1138 2166 Dubitat
1157 2109 1223 2181 quis

127 2203 306 2280 speculative
326 2216 424 2263 utrum
442 2205 535 2262 valeat
553 2206 744 2282 baptismusa
763 2207 891 2264 sectariis
915 2205 1054 2282 Baptistis
1076 2205 1218 2265 cdlatus:

129 2305 266 2380 practice,
282 2314 379 2363 utrum
394 2305 414 2362 ii
427 2304 478 2376 qui
498 2305 532 2362 ab
553 2304 610 2363 illis
624 2307 654 2363 in
675 2324 764 2379 aquas
784 2304 925 2364 submersi
946 2315 1022 2374 sunt,
1044 2306 1148 2364 iterum
1168 2307 1224 2364 sint

132 2401 277 2460 abluendi.

171 2506 217 2558 14.
240 2501 297 2567 Qui
312 2502 438 2576 practice
451 2501 560 2561 dubitat
576 2502 610 2561 de
632 2503 753 2561 actionis
769 2502 928 2570 honestate,
943 2513 1054 2582 peccat,
1069 2506 1094 2562 si
1108 2504 1218 2562 dubita·

127 2604 206 2660 tione
221 2601 310 2658 animi
324 2601 401 2659 haud
415 2600 545 2677 deposita
558 2612 631 2680 agat,
646 2621 678 2660 se
692 2602 769 2660 enim
788 2600 925 2678 peccandi
939 2603 1098 2663 discrimini
1112 2603 1221 2679 objicit,

127 2701 251 2772 ideoque
266 2699 426 2776 periculum
441 2719 534 2759 amare
556 2703 753 2760 convincitur:
777 2701 868 2767 “Qui
881 2703 940 2776 agit
960 2701 1114 2767 scienter,'’
1130 2702 1224 2773 iuquit

126 2801 161 2856 S.
176 2801 351 2867 Antoninus,
368 2798 427 2857 “id
447 2800 482 2857 de
497 2820 556 2873 quo
569 2800 679 2860 dubitat
688 2819 752 2857 esse
773 2801 902 2866 mortale,
917 2808 1101 2874 permanente
1116 2798 1224 2857 dubita·

128 2903 219 2968 tione,
234 2899 392 2957 mortaliter
411 2910 521 2975 peccat,
542 2901 683 2959 sumendo
703 2900 820 2976 proprie
840 2909 869 2956 et
887 2900 984 2956 stricte
1003 2899 1222 2965 dubitationem,

128 3013 216 3076 prout
228 3001 354 3057 rationes
368 3010 435 3056 sunt
448 3018 530 3071 aequa
544 3000 736 3075 ponderantes
750 2997 785 3056 ad
799 3008 948 3070 utramque
962 3011 1083 3076 partem,
1098 3018 1151 3057 nec
1165 3016 1225 3055 ma·

129 3102 175 3175 gis
190 3099 317 3157 declinat
330 3101 395 3171 quis
417 3097 453 3156 ad
473 3118 560 3158 unam
582 3111 692 3176 partem
713 3118 797 3172 quam
821 3098 856 3157 ad
877 3093 1011 3156 aliam.”l
1052 3099 1086 3156 st
1106 3097 1224 3164 dubitet,

128 3212 226 3255 utrum
240 3200 278 3256 sit
291 3208 450 3274 peccatum,
466 3201 536 3270 quin
556 3199 592 3257 ad
613 3199 762 3257 mortalem
777 3199 823 3255 vel
842 3197 937 3254 levem
957 3198 1021 3273 ejus
1034 3197 1172 3254 malitiam
1186 3204 1224 3251 at·

128 3297 238 3363 tendat,
255 3297 368 3355 videtur
382 3298 552 3374 plerumque
572 3299 674 3356 leviter
694 3314 822 3372 peccare,
843 3297 994 3353 nonenim
1013 3296 1181 3371 gravitatem
1194 3293 1224 3351 in

129 3417 165 3454 ea
175 3398 317 3473 agnoscit.
340 3396 505 3455 ‚Caeterum
519 3398 607 3455 animi
621 3385 819 3473 dispositionis
829 3404 859 3452 et
871 3394 1089 3453 consuetudinis
1101 3395 1173 3452 ratio
1183 3402 1227 3452 est

132 3495 271 3552 habenda.
323 3495 432 3553 Mulier
460 3515 524 3568 quae
557 3497 650 3553 mariti
678 3494 897 3553 familiaritatem
924 3494 1068 3568 quandam
1094 3493 1225 3560 admittit,

135 3606 230 3652 utrum
244 3595 330 3652 liceat
342 3594 438 3661 dubia,
452 3613 511 3652 non
524 3602 569 3652 est
581 3595 664 3652 sacile
678 3595 789 3672 peccati
802 3593 930 3653 mortalis
944 3593 1121 3653 damnanda:
1144 3591 1223 3667 quod

138 3696 161 3751 si
175 3694 211 3751 de
225 3695 290 3770 ipsa
303 3695 431 3772 conjugii
444 3702 543 3752 natura
556 3704 585 3752 et
600 3694 657 3752 fine
678 3703 784 3772 agatur,
807 3694 893 3751 animi
914 3694 1051 3753 dubitatio
1064 3693 1143 3769 gravi
1156 3691 1228 3749 adeo

136 3794 203 3851 nixa
216 3795 338 3859 ratione,
352 3803 503 3869 peccatum
517 3794 635 3855 mortale
650 3803 745 3870 potest
758 3793 903 3851 inducere.

180 3898 226 3950 15.
249 3892 463 3969 speculativam
477 3892 683 3952 dubitationem
703 3893 846 3969 deponere
866 3900 961 3969 potest
979 3892 1055 3962 quis,
1070 3887 1228 3964 prasertim

138 3992 216 4050 rudis
230 4003 259 4049 et
272 3995 400 4069 ignarus,
421 3992 598 4061 confessarii,
614 3992 659 4051 vel
679 3994 811 4069 pastoris,
828 3991 939 4068 judicio
954 4007 1040 4047 suum
1059 3985 1226 4054 emendans,

138 4105 165 4149 et
180 4092 314 4150 firmans:
337 4110 403 4150 nam
413 4094 573 4151 animarum
587 4103 712 4151 rectores
725 4093 755 4148 in
765 4091 885 4148 aliomm
898 4089 1019 4147 salutem
1032 4089 1129 4165 positi,
1140 4086 1228 4147 duces

440 4296 483 4363 (l)
499 4300 509 4345 l
524 4313 574 4362 par.
586 4297 623 4348 tit.
633 4297 668 4348 iii.
677 4313 698 4347 c.
709 4311 733 4345 x·
746 4298 759 4354 ξ
772 4310 797 4345 x.
810 4294 870 4358 Reg.
880 4294 912 4345 vi.
