2744 4980
349 402 467 468 runis
487 366 1010 471 recensuerint-enuere.
1168 412 1227 469 aaa

136 570 274 646 Dionysii
287 570 385 647 exigui
395 570 593 647 temperemus
601 571 705 640 versio,
720 569 895 634 Isidoriusto
904 571 1022 644 scilicet,
1031 591 1117 647 quern
1126 584 1227 651 poetes

135 669 262 731 Isidorus
284 687 322 731 ex
343 678 451 729 asmata
472 667 633 746 Hispeuiea
653 669 822 733 collectione
840 671 975 749 vulgarit,
988 685 1019 733 et
1031 673 1148 751 prisce,
1161 691 1225 747 quae

135 767 294 827 isidoriana
319 767 492 842 aliquamdiu
518 769 660 845 posterior
692 769 812 832 ridetur.
853 770 1015 850 Dionysius
1037 772 1182 851 Exiguus.
1208 794 1225 832 a

135 867 305 929 monachatu
318 869 357 929 ita
369 867 464 928 forsan
471 868 640 945 appellatus,
651 869 752 941 quinto
764 881 888 934 menate
898 873 1014 942 eoeculo,
1023 891 1126 934 novam
1137 871 1225 935 edidit

135 969 306 1034 versionem,
323 976 352 1026 et
369 966 568 1029 collectionem
588 985 740 1039 canonum,
761 969 950 1033 Sardemibns
969 984 998 1031 et
1009 973 1151 1033 Africanis
1170 989 1226 1031 una

134 1085 200 1127 cum
219 1067 328 1126 ceteris
349 1065 443 1127 editis.
485 1066 604 1131 Addidit
624 1069 709 1128 etiam
728 1070 895 1146 pontificum
915 1071 1051 1149 epistulas
1070 1069 1224 1135 decretales

134 1183 204 1238 qnae
217 1167 248 1224 in
261 1165 394 1226 Romano
407 1165 534 1227 archivio
554 1168 668 1245 reperit,
684 1168 816 1231 aSirioio
829 1187 919 1243 usque
939 1169 975 1231 ad
988 1173 1171 1232 summeium
1183 1171 1223 1234 ll.

133 1266 324 1326 Accesserunt
336 1263 525 1343 Dionysiana
539 1267 663 1327 versioni
677 1266 738 1327 aliae
758 1269 947 1345 posteriorum
967 1269 1134 1346 pontificum
1148 1271 1223 1346 epis·

133 1362 206 1430 tols,
220 1363 296 1425 unde
309 1363 473 1426 Hadriana
492 1364 622 1426 collectio
642 1376 740 1425 vocata
759 1377 813 1436 est,
834 1387 923 1441 quum
938 1367 1100 1428 Hadrianus
1121 1368 1145 1428 Ι.
1160 1385 1223 1428 eam

133 1464 175 1521 sic
193 1473 305 1525 auctam
319 1462 426 1523 Carolo
440 1466 484 1525 M.
506 1476 607 1525 octavo
629 1476 752 1526 exeunte
774 1468 889 1535 steculo,
904 1467 1056 1536 tradiderit,
1078 1479 1223 1541 tamqnam

132 1561 262 1622 codicem
279 1581 440 1624 eumenum.
483 1563 669 1624 celebrantur
682 1567 768 1626 etiem
787 1565 971 1626 collectiones
984 1567 1136 1635 Africano,
1152 1566 1221 1626 Gal·

132 1662 241 1729 licane,
262 1661 438 1741 Hispaniae,
459 1682 521 1736 qum
542 1652 826 1725 doctorum'virorum
846 1667 1044 1725 ecclesiasticae
1064 1665 1221 1742 discipline

130 1759 322 1823 susdioeomm
341 1780 428 1840 opera
447 1765 553 1840 sepius
573 1763 748 1839 prodierunt.
790 1763 939 1823 Celebrior
957 1765 1030 1823 inter
1049 1763 1223 1839 Hispanicas

129 1859 163 1916 S.
178 1859 319 1923 lsidomm
333 1860 538 1939 Hispalensem
551 1873 706 1931 auctorem,
727 1864 773 1921 vel
793 1863 894 1923 saltem
916 1864 1104 1941 probatorem,
1118 1860 1221 1921 habere

131 1957 257 2019 videtur.

170 2061 200 2117 ³.
222 2059 293 2118 Post
304 2077 409 2120 aunum
423 2063 483 2120 829
497 2060 573 2121 edita
585 2072 630 2119 est
642 2059 756 2121 Isidori
776 2059 967 2130 Mercatoeis,
981 2061 1028 2121 vel
1042 2061 1221 2140 peccatoris,

128 2154 271 2226 collectio,
284 2158 452 2236 Mamaea,
466 2170 498 2221 ut
510 2159 629 2220 videtur.
671 2159 744 2227 Quis
757 2159 842 2221 inerit
854 2161 916 2237 ejus
936 2171 1042 2227 auctor,
1065 2161 1180 2233 quodve
1193 2162 1220 2219 ei

129 2257 294 2326 consilium,
308 2258 338 2318 iu
351 2251 544 2318 controversia
557 2271 609 2318 est.
652 2257 686 2317 ld
708 2256 774 2318 rard
797 2270 877 2318 extra
897 2277 1014 2320 ornnem
1037 2258 1219 2318 dubitationis

129 2356 222 2415 aleam
235 2366 279 2415 est
290 2358 426 2434 positum,
440 2358 564 2435 plurima
575 2358 646 2416 salsa
659 2375 725 2417 enm
739 2359 813 2416 veris
827 2356 1023 2426 admiscuisse,
1037 2368 1067 2417 et
1079 2359 1220 2417 emenn'tie

128 2456 295 2514 nominibus
323 2457 493 2533 publicasse,
525 2458 633 2534 legum,
659 2466 828 2534 petrumque
854 2458 946 2517 verbis
972 2458 1076 2534 supina
1103 2459 1221 2517 venistis

128 2554 310 2629 pontificibus
323 2556 441 2616 tributis.
483 2556 680 2634 Supposititiae
689 2557 774 2633 igitur
788 2557 1116 2637 mensenatupepistolas
1129 2558 1220 2632 ponti·

127 2653 218 2713 ticum
231 2673 248 2710 a
261 2653 411 2714 Clemente
434 2673 525 2727 nsque
544 2654 579 2713 ad
600 2656 798 2731 sylvestrum
819 2658 878 2714 imo
892 2666 999 2717 caeteroe
1013 2674 1114 2714 omnes
1127 2673 1220 2727 nsque

128 2750 165 2809 ad
178 2753 323 2822 Siricinm,
347 2757 474 2830 exceptis
495 2754 527 2812 S.
549 2752 667 2813 Damasi
687 2754 721 2812 ad
742 2754 893 2813 Paulinum
913 2753 1021 2812 litteris.
1063 2752 1221 2812 isidoriana

127 2852 270 2920 collectio,
293 2872 356 2926 quae
383 2853 456 2912 nihil
482 2853 680 2930 praeseferebat
701 2851 767 2911 fidei
788 2850 1002 2930 disciplineque
1024 2864 1090 2910 tnnc
1112 2851 1218 2928 vigenti

126 2950 285 3010 admodum
298 2951 460 3021 adversum,
474 2953 608 3028 paulatim
629 2952 747 3011 invaluit
766 2953 795 3011 in
815 2953 928 3011 saeculis
942 2953 1008 3012 artis
1027 2951 1130 3009 criticoe
1145 2949 1221 3008 haud

126 3051 275 3111 studiosis.
317 3051 491 3112 Hincmarue
511 3052 685 3111 Rhomensis
706 3070 754 3110 eas
777 3051 892 3123 quidem
915 3052 1022 3129 respuit
1043 3069 1078 3110 eo
1098 3049 1175 3123 quod
1188 3051 1218 3109 iu

130 3149 240 3210 Codice
268 3149 426 3210 Cumanum
452 3170 510 3211 non
535 3153 744 3228 reperirenturt
764 3168 819 3222 qna
845 3150 880 3208 de
907 3170 992 3211 causa
1018 3151 1127 3225 rejectae
1154 3160 1220 3207 sunt

127 3251 213 3308 etiam
227 3250 262 3307 ab
275 3252 418 3328 episcopis
433 3250 589 3310 Gallicanis
602 3253 631 3310 in
652 3269 737 3309 causa
751 3248 873 3308 Rcdtndi
887 3250 1017 3325 episcopi
1031 3248 1218 3306 Suessionen·

126 3349 179 3406 sis.
222 3349 338 3408 Sensim
352 3360 445 3409 tamen
459 3351 521 3409 sine
531 3369 617 3409 sensu
627 3351 655 3408 in
664 3349 807 3426 plerisque
820 3349 983 3425 regionibns
997 3345 1127 3406 adhibite
1141 3355 1217 3413 sunt,

129 3446 242 3506 adeom
253 3449 359 3507 sacculo
369 3448 463 3508 medio
478 3449 543 3518 ΧΙ.,
559 3449 619 3508 Leo
634 3449 687 3506 [X.
702 3466 751 3505 eas
765 3447 899 3506 citaverit.
1191 3452 1232 3527 (pfl.-

168 3551 198 3604 4.
219 3547 321 3606 Plures
334 3547 469 3625 deinceps
483 3557 585 3607 secutae
606 3558 673 3606 sunt
691 3546 885 3615 collectiones,
899 3544 991 3604 donec
1004 3543 1099 3604 medio
1112 3545 1217 3603 saeculo

129 3646 199 3704 ΧΠ.
217 3646 398 3714 Gratianus,
412 3647 569 3706 monachus
589 3644 804 3713 Benedictinus,
825 3643 920 3706 Clusii
943 3657 1035 3713 natus,
1058 3643 1219 3705 Concordi-

128 3765 180 3804 am
193 3745 434 3806 discordantium
451 3745 620 3814 Cononem,
644 3766 707 3821 qute
728 3765 804 3806 nuuc
825 3759 940 3805 vocatur
960 3743 1121 3804 Decretum
1136 3742 1219 3821 (voce

132 3846 224 3903 minus
247 3845 383 3925 propria,)
410 3845 539 3906 ediderit
582 3846 689 3906 “Tota
714 3846 776 3904 haec
802 3844 963 3911 collectio,”
991 3845 1084 3916 inquit
1102 3841 1217 3906 Devoti,

130 3945 281 4004 “eonfiatn
306 3956 350 4005 cst
371 3965 409 4004 ex
430 3946 502 4006 locis
527 3946 559 4004 S.
583 3946 746 4023 Scriptura,
767 3962 804 4001 ex
830 3944 986 4002 canonibus
1013 3940 1220 4015 quinquaginta

129 4044 344 4120 Apostolorum,
359 4063 396 4104 err
410 4046 537 4105 conciliis
558 4045 736 4122 generalibus
756 4063 788 4100 ac
809 4042 1030 4119 particularibus,
1045 4058 1081 4097 ex
1095 4037 1218 4096 decreta-

129 4143 203 4200 libus
227 4143 411 4203 Summorum
426 4144 609 4213 Pontificum,
632 4162 670 4202 ex
693 4141 826 4218 operibns
847 4150 968 4217 patrum,
992 4141 1218 4216 scriptorumque

130 4242 401 4311 ecclesiasticorum,
419 4247 456 4303 ex
475 4226 557 4304 tibris
579 4243 658 4304 luris
679 4241 772 4302 civilis
795 4240 1000 4307 Romanomm,
1021 4236 1219 4314 capitularibus
