2744 4980
200 425 256 480 194
514 416 570 475 DE
593 415 717 475 MISSA
737 413 971 474 AUDIENDA.

199 585 262 645 ciali
273 583 425 645 {sauvitate
439 591 660 639 commemorata
672 591 725 646 est,
740 598 803 652 quae
824 581 854 637 in
875 578 972 636 codice
990 578 1105 649 antiquo
1126 577 1304 636 Sacramen-

199 694 290 742 torum
311 681 448 739 Romane
468 680 610 738 Ecclesia
629 679 758 735 refertur.
801 677 965 754 Epiphania
985 675 1060 751 apud
1081 674 1248 733 Orientales
1269 691 1304 734 et

197 781 398 841 occidentales
418 797 533 854 semper
554 779 607 835 suit
628 777 789 843 celebris‚a
808 776 889 833 tertio
902 776 1002 833 saltem
1015 775 1132 833 seculo.
1175 776 1296 833 Annuu-

199 881 323 939 tiationis
337 878 393 935 diei
406 879 513 935 mentio
537 877 658 933 occurrit
676 877 707 933 in
727 874 840 950 synodo
860 874 998 933 Trullana
1013 891 1088 931 anno
1110 877 1188 939 692;
1211 875 1242 930 iu
1261 893 1293 933 ea

199 979 309 1037 scilicet
320 985 418 1052 utpote
431 976 512 1042 sesta,
522 975 604 1032 licuit
616 974 787 1032 sacrificium
800 973 912 1039 offerre,
923 971 1000 1045 quod
1011 971 1107 1030 Graeci
1121 991 1180 1030 non
1193 971 1290 1029 olfere-

199 1079 268 1135 bant
280 1077 447 1152 plerumque
461 1092 512 1149 per
525 1072 787 1149 Quadragesirnam,
802 1074 858 1131 nisi
881 1072 1004 1129 sabbatis
1017 1082 1046 1129 et
1059 1069 1161 1129 diebus
1175 1069 1290 1129 domin·

202 1177 260 1233 cis:
283 1172 382 1232 sedda
396 1173 458 1248 ejus
479 1173 588 1249 origine
608 1191 666 1230 non
690 1181 807 1239 constat,
831 1189 919 1243 quum
940 1169 975 1227 de
996 1189 1030 1227 ea
1050 1181 1199 1243 tamquam
1223 1170 1289 1228 festo

201 1275 324 1332 solemni
333 1274 394 1349 jam
404 1280 472 1330 noto
481 1272 613 1343 loquatur
626 1270 765 1346 synodus.
794 1269 906 1327 Pascha
915 1267 1144 1327 Resurrectionis
1155 1270 1190 1326 ab
1202 1270 1290 1345 Apos-

201 1373 322 1430 tolorum
343 1380 468 1446 tempore
488 1369 541 1427 suit
561 1370 746 1427 celebratum:
772 1378 870 1425 octava
891 1367 937 1425 die
958 1368 1171 1443 deponebantur
1191 1387 1208 1424 a
1227 1387 1291 1426 neo-

199 1470 297 1547 phytis
312 1479 405 1526 vestes
419 1468 498 1535 albae,
513 1467 589 1525 uude
611 1469 724 1526 occasio
738 1477 799 1525 orta
812 1476 855 1524 est
867 1485 930 1522 eam
944 1465 1056 1524 dicendi
1074 1466 1249 1524 dominicam
1264 1470 1290 1524 in

201 1569 287 1627 albis:
310 1567 397 1626 habet
419 1567 504 1623 etiam
525 1568 629 1624 festum
652 1566 707 1623 hoe
730 1584 866 1642 magnum
892 1575 1019 1623 octavam
1040 1563 1292 1632 hebdomadarum,

201 1686 259 1726 uon
273 1668 351 1725 enim
364 1666 419 1723 nisi
434 1676 498 1740 post
511 1676 575 1722 octo
588 1664 780 1723 hebdomadas
799 1664 903 1722 desinit
925 1673 1037 1739 tempus
1055 1656 1219 1722 Paschale.v
1249 1664 1292 1722 De

199 1766 387 1825 ascensionis
402 1762 520 1822 Domini
533 1763 605 1820 sesta
618 1763 800 1835 dic·loquitur
813 1764 845 1819 S.
854 1761 1058 1838 Augustinus‚²
1072 1781 1134 1835 quae
1150 1762 1184 1819 ad
1199 1764 1292 1838 Apos-

203 1864 316 1922 tolieam
331 1871 440 1921 aetstm
454 1860 530 1920 haud
544 1862 774 1920 inverosimiliter
786 1862 913 1920 refertur.
945 1861 1130 1919 Pentecostes
1144 1861 1206 1919 dies
1220 1863 1293 1919 cele-

201 1962 260 2038 bris
282 1980 398 2038 semper
417 1962 520 2028 extitit,
548 1962 697 2018 cousuevit
722 1962 809 2028 euim,
831 1961 865 2017 ab
891 1962 953 2036 ipsa
979 1960 1181 2036 Apostolorum
1203 1971 1293 2025 atate,

199 2061 326 2138 Spiritus
350 2060 447 2117 Sancti
468 2059 584 2135 illapsus
607 2078 642 2117 eo
665 2057 711 2116 die
732 2060 876 2125 celebrari,
891 2077 948 2130 quo
967 2071 996 2116 et
1008 2059 1077 2117 olim
1090 2060 1139 2117 lex
1154 2061 1183 2118 in
1197 2072 1294 2117 monte

202 2159 282 2219 Sinai
296 2158 396 2216 tradita
409 2167 460 2214 est.
504 2157 621 2215 Festum
635 2158 784 2217 Trinitatis
798 2157 922 2234 speciale
937 2177 1011 2216 anno
1027 2162 1114 2224 1405,
1129 2160 1181 2217 sub
1201 2158 1295 2216 Bene·

202 2257 278 2317 dicto
293 2256 377 2315 XIII.
392 2256 497 2327 ubique
508 2256 637 2324 obtinuit,
647 2275 735 2330 quum
745 2259 807 2333 jam
818 2258 851 2315 ab
860 2275 934 2315 anno
948 2257 1293 2325 1334,aJoanueXX11.

201 2358 295 2433 prima
309 2355 462 2414 Dominica
475 2355 748 2414 Post-Pentecosten
762 2358 789 2414 ei
803 2356 1005 2431 adsignaretur,
1016 2357 1101 2414 variis
1114 2368 1198 2414 autea
1212 2357 1247 2415 de
1261 2377 1295 2414 eo

201 2453 463 2515 consuetudinibus.
485 2453 603 2511 Festum
617 2457 745 2530 corporis
756 2455 865 2513 Christi
875 2456 910 2513 ab
924 2454 1041 2514 Urbano
1051 2455 1105 2512 lV.
1117 2475 1192 2514 anuo
1207 2460 1294 2523 1264,

201 2551 370 2610 servandum
396 2553 501 2622 ubique
527 2561 661 2609 statutum
687 2564 739 2620 est,
761 2565 912 2630 postquam
938 2573 989 2631 per
1015 2573 1105 2613 anuos
1132 2555 1294 2613 octodecim

197 2651 303 2717 Leodii
326 2651 496 2708 celebratum
515 2661 589 2708 erat:
613 2662 640 2708 et
660 2653 795 2727 paulatim
819 2655 965 2730 processio
986 2653 1189 2712 consuetudine
1211 2657 1295 2712 intro·

196 2751 286 2819 ducta
299 2760 351 2807 est.
393 2751 561 2825 Assumptio
571 2750 700 2826 Virginis
714 2754 845 2811 asaeculo
856 2752 956 2809 saltem
967 2764 1065 2811 octavo
1079 2753 1213 2811 celebrari
1227 2774 1294 2812 cou-

202 2852 303 2916 suevit,
319 2848 362 2906 vel
383 2850 554 2925 probabilius
575 2869 591 2905 a
610 2845 719 2908 sexto.²
760 2851 877 2909 Festum
898 2851 1035 2910 Omnium
1056 2852 1225 2911 Sanctorum
1240 2855 1293 2911 ori·

200 2949 296 3024 ginem
310 2946 469 3023 desumpsit
481 2966 518 3004 ex
531 2945 623 3005 dicato
638 2950 745 3025 templo
765 2951 867 3009 Romae
888 2949 964 3008 dicto
986 2951 1146 3018 Pantheon,
1168 2954 1247 3023 quod
1266 2955 1293 3010 iu

199 3047 306 3104 cultum
320 3047 380 3102 veri
393 3046 460 3112 Dei,
474 3064 548 3103 anuo
563 3051 632 3113 687,
653 3049 793 3107 transtulit
812 3050 978 3108 Bonifacius
988 3049 1053 3117 IV.,
1072 3051 1199 3123 reliquiis
1220 3071 1291 3109 mar-

200 3156 296 3221 tyrum
323 3145 361 3202 ibi
388 3144 533 3220 depositis.
577 3145 735 3222 Gregorius
762 3147 817 3207 lll.
844 3149 981 3224 deinceps
1007 3148 1112 3206 festum
1145 3149 1213 3207 lecit
1238 3152 1288 3207 toti

102 3276 107 3283 ·
201 3245 339 3302 Ecclesia
354 3262 516 3311 commune,
531 3255 558 3301 ot
582 3244 740 3322 Gregorius
760 3248 813 3305 lV.
838 3247 913 3306 diem
941 3252 953 3304 l
978 3247 1153 3306 Novembris
1173 3251 1200 3307 ei
1223 3249 1293 3306 cele·

199 3344 308 3402 brando
328 3344 431 3400 statuit.
475 3343 625 3402 Festorum
647 3343 756 3404 dierum
778 3346 1007 3405 celebrandorum
1026 3349 1161 3406 utilitates
1180 3348 1293 3405 laudaut

201 3441 410 3508 Oxonieuses,³
422 3445 608 3502 vetustiorum
623 3447 674 3516 qui
688 3446 831 3505 Puritanis
851 3447 1012 3504 restiterunt
1032 3458 1194 3524 prementes
1210 3450 1293 3504 vesti·

233 3627 276 3692 (l)
296 3627 373 3676 Serm.
386 3627 474 3677 cclxxi.
486 3628 546 3676 alias
557 3629 639 3678 cxviii.
651 3637 675 3679 et
687 3630 752 3681 cxix.

232 3713 272 3779 (2)
292 3710 385 3760 Beued.
396 3709 467 3760 XIV.
479 3711 509 3760 de
519 3710 607 3772 Fastis,
619 3729 671 3778 cup.
686 3719 709 3764 8.
721 3731 746 3764 n.
758 3716 801 3765 29.
900 3710 905 3719 '

136 3794 137 3798 ’
233 3794 273 3862 (3)
295 3795 400 3846 Pulchro
420 3794 502 3859 Pusey
521 3811 613 3845 morem
635 3797 765 3863 antiquum
788 3799 913 3862 Ecclesiae,
930 3803 973 3866 qui
993 3804 1057 3854 idem
1075 3811 1166 3863 manet,
1177 3804 1292 3867 exponit!

197 3886 212 3910 ‘⁴
221 3879 291 3930 Each
303 3877 390 3928 Lord's
398 3879 446 3942 day
458 3878 515 3942 they
528 3895 581 3928 roso
592 3879 653 3930 with
664 3881 733 3941 Him,
745 3883 794 3933 and
806 3883 871 3943 thus,
882 3886 944 3950 ‘day
957 3896 1018 3937 unta
1030 3888 1077 3951 day
1091 3885 1184 3939 uttered
1197 3885 1293 3951 speech,

197 3965 246 4015 and
257 3964 328 4026 night
340 3971 400 4014 unto
412 3964 484 4027 night
496 3965 596 4015 showed
607 3966 751 4029 knowledge
761 3967 775 4026 ;’
793 3969 841 4018 aud
860 3986 887 4020 as
903 3971 944 4021 the
955 3988 1014 4036 year
1030 3973 1117 4023 flowed
1128 3987 1171 4032 on,
1182 3970 1225 4021 the
1236 3971 1294 4021 Fes-

196 4049 268 4099 tivuls
279 4049 307 4098 of
321 4065 366 4099 our
377 4049 442 4100 Lord
461 4050 502 4100 did
519 4059 564 4101 not
580 4050 669 4117 simply
680 4062 867 4105 commemorate
890 4056 930 4120 (in
948 4058 1050 4108 modern
1067 4058 1168 4125 phrase)
1193 4065 1294 4107 ‘events

197 4132 280 4185 which
291 4135 350 4186 toolr
402 4152 430 4186 ce
445 4136 508 4187 1800
519 4153 590 4201 years
601 4136 663 4200 ago}
675 4139 829 4190 bntshowed
847 4139 908 4191 Him
920 4149 945 4191 to
963 4142 1025 4192 their
1043 4143 1145 4209 purified
1165 4143 1257 4202 hearts,
1270 4159 1295 4191 u

196 4234 257 4270 oren
271 4214 330 4269 then
398 4220 441 4282 ing
453 4221 506 4271 into
518 4221 560 4271 the
572 4223 655 4283 world,
667 4225 735 4281 born.
743 4225 867 4289 suffering,
880 4226 963 4291 dying,
972 4227 1056 4292 rising,
1069 4228 1220 4291 ascending;
1237 4227 1293 4290 they

196 4303 285 4366 longed
297 4304 333 4352 ior
345 4304 393 4354 His
405 4305 511 4366 coming,
523 4307 580 4370 they
591 4306 695 4358 suffered
713 4308 740 4359 iu
752 4308 801 4360 His
810 4308 930 4369 Passion3
948 4310 1004 4376 they
1017 4328 1070 4362 ross
1088 4313 1148 4364 nith
1162 4312 1292 4364 Himrrom
