2744 4980
427 383 484 444 DE
505 382 682 444 DECIMIS
704 381 951 443 SOLVENDIS.
1170 388 1227 444 221

576 679 810 722 uolumenum.

179 849 228 904 65.
249 845 321 912 Qua
336 845 474 904 Ecclesiae
488 855 585 904 extant
597 849 684 906 vetita
702 845 737 904 de
758 847 918 923 nuptiarum
939 846 1126 905 celebratione
1140 847 1229 926 impe·

141 943 264 1003 dimenta
286 944 417 1003 dicuntur
438 944 632 1022 impedientia,
654 947 699 1004 vel
721 943 891 1004 dirimentis.
932 946 988 1013 Qui
1002 947 1037 1004 iis
1060 945 1230 1023 posthabitis

140 1045 251 1120 nuptias
264 1045 336 1102 inire
350 1053 494 1112 attentant,
509 1046 620 1103 violatae
633 1046 705 1122 legis
713 1045 754 1102 rei
769 1056 854 1112 sunt;
876 1064 928 1103 nec
943 1044 1098 1118 quidquam
1112 1064 1231 1123 prorsus

141 1142 278 1211 efficiunt,
305 1143 330 1200 si
355 1142 593 1220 impedimentum
621 1144 757 1202 dirimens
783 1145 883 1201 obstet.
925 1145 1011 1202 Vetat
1036 1144 1169 1202 Ecclesia
1195 1163 1232 1203 ue

140 1243 245 1318 nuptiae
258 1243 425 1301 solemniter
437 1242 613 1301 celebrentur
626 1244 661 1301 ab
675 1241 806 1300 Adventu
819 1261 909 1315 usque
930 1243 964 1300 ad
978 1243 1054 1301 diem
1068 1243 1229 1320 epiphaniae

140 1341 298 1410 exclusive,
313 1353 342 1399 et
353 1361 370 1399 a
382 1341 427 1399 die
438 1343 567 1401 cinerum
580 1360 671 1415 usque
685 1340 721 1399 ad
733 1351 861 1400 octavam
881 1341 994 1417 pascbae
1008 1342 1167 1410 inclusive;
1189 1345 1233 1401 in·

143 1441 305 1518 telliguntur
317 1451 409 1499 autem
424 1442 617 1500 solemnitates
628 1441 789 1519 nuptiarum
803 1441 900 1508 vetari,
915 1459 1019 1518 nempe
1030 1441 1135 1518 nuptiis
1149 1442 1235 1500 bene·

141 1540 249 1607 dicere,
271 1539 363 1597 Missa
383 1559 435 1618 pro
456 1559 565 1618 sponso
587 1551 615 1599 et
637 1558 744 1616 sponsa
766 1539 913 1607 celebrata,
937 1541 1072 1619 nuptialia
1091 1541 1234 1599 celebrare

142 1639 282 1706 convivia,
296 1657 432 1716 sponsam
447 1638 563 1698 domum
584 1639 728 1698 traducere
748 1657 854 1715 pompa
874 1639 994 1711 quadam
1014 1649 1044 1697 et
1063 1638 1234 1698 festivitate:

143 1739 386 1797 “matrimonium
412 1748 506 1797 autern
527 1741 753 1816 omnitempore
776 1737 904 1796 contrahi
925 1734 1065 1814 potest.”¹
1112 1736 1182 1798 Ideo
1205 1740 1236 1798 ni

145 1838 240 1896 obstet
252 1837 383 1914 specialis
397 1837 583 1905 consuetudo,
597 1847 718 1914 possunt
736 1854 851 1914 semper
863 1837 998 1923 celebrari
1014 1837 1118 1913 nuptie
1132 1838 1187 1895 ritu
1207 1839 1237 1896 in

144 1936 253 1994 Rituali
266 1936 395 1995 Romano
409 1938 591 2014 praescripto:
613 1955 666 1995 nec
688 1937 816 1994 illicitum
838 1945 884 1993 est
896 1954 1031 2013 sponsam
1051 1934 1168 1993 domum
1184 1946 1242 1994 tra·-

144 2034 248 2093 ducere
271 2037 333 2094 sine
354 2054 470 2113 pompa,
495 2036 539 2095 vel
563 2036 774 2094 matrimonium
792 2053 1002 2101 consummare,
1026 2035 1156 2106 quamvis
1177 2034 1234 2093 hoc

143 2134 240 2192 ninus
253 2145 398 2211 congruat.
440 2134 499 2194 Sed
513 2135 547 2194 de
561 2136 607 2194 his
621 2136 808 2213 opportunior
821 2136 875 2192 erit
893 2135 973 2193 locus
986 2131 1099 2191 dicendi
1120 2134 1150 2192 in
1164 2141 1234 2191 trac·

144 2242 201 2290 tatu
215 2231 251 2290 de
265 2234 461 2295 Matrimonio.

598 2405 639 2470 (l)
661 2404 709 2455 nit,
720 2403 791 2454 Rom.
