2744 4980
445 371 502 432 66
523 371 807 432 Passrouruus.
843 335 847 346 ’
1134 381 1171 434 aa

76 548 106 595 et
118 537 305 612 sapientium,
325 533 389 594 ideo
412 537 442 594 in
463 537 567 595 horum
587 534 717 595 laudibus
730 545 759 592 ct
770 536 923 594 honoribus
936 538 1067 595 homines
1080 541 1172 615 magis

76 628 304 694 delectantur.’'¹
343 634 417 692 Aliis
430 634 633 693 benefaciendo
647 633 816 692 delectamur
828 637 865 693 ob
877 636 1039 693 charitatem
1053 655 1110 709 qua
1122 656 1172 695 eos

77 733 289 810 amplectimur,
300 743 418 809 etspem
429 752 514 806 quam
524 732 653 790 fovemus
666 733 813 801 mercedis,
825 745 854 791 et
865 735 1002 810 optimam
1015 735 1044 793 iu
1058 737 1172 808 quibus·

77 832 146 890 dam
161 842 269 890 uaturae
282 829 406 889 indolem
421 830 456 888 ad
468 831 615 889 benefacta
626 832 769 906 proclivis.

121 935 172 989 66.
195 930 268 995 Quae
281 930 353 990 mira
366 928 504 998 videntur,
519 939 548 986 et
560 929 685 988 difficilia
704 930 855 997 intellectu,
869 932 1081 1003 inquisitionem
1103 932 1172 991 dum

80 1036 248 1106 provocant,
275 1037 383 1085 secreta
408 1027 529 1102 quadam
554 1027 738 1086 delectatione
759 1029 869 1086 titillant
893 1032 1028 1098 animum,
1055 1051 1118 1104 quae
1144 1033 1173 1090 16

82 1146 218 1204 magnam
242 1128 401 1202 prorumpit
421 1126 555 1195 laetitiam,
578 1128 604 1184 si
628 1127 806 1202 investiganti
826 1129 971 1204 explorata
996 1130 1044 1187 liat
1062 1131 1172 1187 veritas.

84 1225 166 1284 lliuc
179 1226 227 1298 qui
240 1227 308 1283 novi
322 1225 391 1299 quid
404 1224 616 1292 adinvenerunt,
630 1234 709 1282 extra
721 1244 752 1282 se
770 1226 955 1285 delectatione
968 1231 1039 1304 rapti
1052 1229 1174 1305 plemm-

85 1342 145 1397 que
155 1325 209 1382 visi
221 1334 296 1380 sunt.

124 1427 174 1482 67.
197 1422 231 1480 Id
250 1423 366 1480 interest
384 1421 554 1480 discriminis
574 1424 646 1480 inter
664 1421 876 1482 delectationem
898 1445 960 1498 qum
980 1445 1017 1485 ex
1043 1427 1173 1485 sensibus

84 1521 226 1579 derivatur
246 1530 275 1578 et
293 1540 357 1578 earn
377 1540 440 1594 que
460 1531 555 1579 mente
576 1523 739 1599 percipitur,
754 1524 789 1580 ob
812 1525 936 1581 coelestia
949 1527 1049 1597 quibus
1063 1534 1175 1584 omatur

84 1621 180 1677 anima
192 1619 278 1686 dona,
292 1619 369 1692 quod
382 1620 429 1677 illa
441 1621 530 1697 pariat
541 1620 693 1688 fastidium,
714 1621 775 1679 haec
798 1624 920 1680 animam
933 1623 1027 1681 divina
1039 1625 1104 1682 beet
1115 1622 1175 1680 dul·

85 1718 197 1776 cediue.

124 1822 176 1874 68.
198 1818 328 1875 Fuemut
339 1819 494 1877 severiores
507 1819 622 1891 quidam
632 1818 798 1896 philosophi
811 1821 859 1891 qui
872 1838 986 1876 omnem
1000 1837 1031 1877 se
1044 1837 1177 1896 respuere

85 1917 308 1973 delectationem
323 1917 470 1992 jactabant,
491 1916 552 1983 sed,
579 1927 610 1975 ut
629 1918 662 1973 S.
686 1918 814 1975 Thomas
847 1917 923 1984 dicit,
941 1918 1014 1975 male
1040 1920 1069 1976 in
1095 1937 1129 1974 ea
1146 1936 1177 1974 re

87 2015 182 2072 virtuti
206 2014 421 2072 cousuluerunt:
451 2025 544 2072 “cum
566 2016 641 2073 enim
661 2017 757 2103 nullus
779 2017 870 2091 possit
890 2017 984 2074 vivere
1005 2018 1066 2074 sine
1085 2017 1178 2089 aliqua

88 2112 217 2170 sensibili
230 2122 258 2169 et
270 2114 407 2188 corporali
429 2112 623 2180 delectau'one‚
637 2116 663 2171 si
682 2115 724 2172 illi
745 2114 794 2186 qui
814 2112 917 2171 docent
937 2134 1036 2173 omnes
1058 2114 1178 2172 delecta·
1276 2112 1283 2131 ”

90 2214 179 2271 tiones
200 2230 266 2268 esse
286 2212 385 2280 malas,
407 2211 652 2288 deprehendantur
672 2213 779 2285 aliquas
801 2212 1000 2270 delectationes
1023 2215 1178 2289 suscipere,

91 2311 182 2385 magis
201 2309 333 2367 homines
352 2311 388 2368 ad
407 2310 608 2369 delectationes
628 2324 710 2368 erunt
728 2311 879 2386 proclives,
900 2313 1033 2387 exemplo
1050 2330 1178 2388 operum,

92 2409 242 2466 verborum
255 2408 381 2467 doctriua
394 2402 632 2486 praetermissam
671 2410 727 2467 Est
736 2411 820 2485 igitur
829 2409 977 2468 delectatio
985 2411 1111 2477 innoxia,
1120 2411 1179 2466 imo

93 2520 119 2563 et
132 2507 216 2575 bona,
231 2526 292 2578 quae
305 2509 407 2565 rationi
420 2489 578 2577 conveniat,
593 2519 620 2566 et
633 2508 784 2566 horniniad
798 2511 929 2566 virtutum
943 2510 1107 2568 exercitium
1122 2509 1180 2565 aui·

92 2624 152 2663 mos
172 2606 324 2683 adjiciant:
345 2606 396 2663 sed
416 2608 542 2682 pessima
562 2618 605 2664 est
624 2626 732 2675 eorum,
754 2608 831 2679 “qui
850 2607 977 2664 laetantur
989 2628 1054 2665 cum
1067 2606 1181 2665 malese-

92 2705 189 2772 ceriut,
204 2714 233 2762 et
245 2704 373 2761 exultant
384 2706 414 2762 iu
427 2707 510 2763 rebus
524 2698 704 2781 pessimis.”³
743 2705 801 2763 Pro
814 2707 914 2783 majori
927 2707 1076 2763 voluntatis
1090 2704 1182 2761 delec-

92 2804 194 2861 tatione
210 2822 268 2876 qua
282 2803 412 2860 virtutem
425 2805 612 2880 amplectitur,
622 2804 762 2879 acceptior
775 2815 818 2859 est
830 2804 911 2869 Deo;
926 2803 975 2859 sed
989 2821 1051 2874 quae
1066 2803 1183 2859 sentitur

93 2901 221 2976 voluptas
242 2921 300 2959 nou
321 2911 364 2959 est
385 2920 485 2960 norma
501 2902 664 2979 judicandi:
685 2902 789 2976 saepius
809 2902 886 2958 enim
905 2903 1000 2960 animo
1019 2901 1105 2959 veluti
1117 2901 1184 2958 latet

94 3000 288 3058 delectationis
302 3002 355 3059 vis.

132 3103 181 3156 69.
204 3099 299 3157 Dolor
311 3109 405 3158 motus
420 3109 464 3156 est
476 3102 562 3158 animi
581 3119 618 3157 ex
638 3099 714 3157 malo
734 3101 882 3174 praesenti:
906 3101 1006 3157 “sicut
1017 3099 1052 3157 ad
1066 3099 1184 3156 delecta·

96 3199 199 3255 tionem
214 3196 272 3256 duo
287 3199 477 3270 requiruntur,
491 3198 599 3255 seilicet
610 3199 771 3273 conjunctio
791 3198 867 3263 boni,
882 3208 910 3254 et
931 3199 1074 3273 perceptio
1088 3197 1185 3271 hujus·

96 3297 170 3353 modi
184 3297 414 3373 conjunctionis3
435 3299 473 3354 ita
492 3298 576 3354 etiarn
597 3295 631 3352 ad
651 3294 777 3352 dolorem
800 3293 856 3350 duo
875 3295 1062 3364 requiruntur,
1080 3293 1187 3349 seilicet

98 3395 260 3471 conjunctio
282 3394 401 3470 alicujus
424 3395 501 3462 mali,
522 3392 598 3466 quod
618 3411 652 3449 ea
670 3392 776 3447 ratione
802 3400 846 3446 est
870 3391 985 3456 malurn,
1007 3390 1073 3462 quia
1098 3392 1188 3466 privat

101 3492 211 3564 aliquod
231 3493 349 3559 bonum,
370 3503 398 3548 et
415 3493 559 3569 perceptio
580 3488 744 3566 hujusmodi
763 3485 1019 3566 conjunctionis.”⁴
1059 3490 1188 3547 Tristitia

103 3592 198 3648 arctius
225 3591 347 3648 sumitur
371 3610 423 3666 pro
449 3591 536 3648 animi
558 3608 644 3646 seusu
666 3588 766 3646 intimo
791 3606 828 3644 ex
853 3607 882 3645 re
909 3590 1015 3664 ingrata
1040 3597 1186 3664 concepto.

106 3688 221 3754 Quando
242 3689 352 3746 tristitia
373 3689 526 3746 rationibus
549 3687 804 3764 supernaturalibus
823 3688 928 3754 nititur,
948 3697 976 3744 et
995 3688 1066 3744 intra
1084 3687 1188 3744 limites

107 3788 236 3853 consistit,
250 3788 377 3844 animum
391 3797 470 3862 parat
477 3787 580 3844 laetitiar
593 3807 600 3842 :
615 3795 634 3821 ‘⁶
647 3804 709 3857 que
720 3786 796 3842 enim
806 3785 961 3843 secundum
976 3785 1071 3843 Deum
1081 3783 1190 3840 tristitia

110 3895 152 3951 est,
165 3885 360 3961 penitentiam
373 3885 404 3942 in
413 3885 532 3943 salutern
546 3884 674 3943 stabilem
688 3877 865 3959 operatur.'’⁵
891 3884 1000 3941 “Beati
1013 3883 1062 3955 qui
1075 3883 1187 3956 lugent:

138 4118 177 4183 (l)
190 4117 218 4166 S.
229 4116 321 4169 Thom.
333 4119 356 4180 l,
368 4123 392 4171 2.
403 4135 443 4185 qu.
455 4120 532 4170 33311.
545 4127 588 4170 art.
600 4136 624 4170 v.
658 4118 732 4184 Rcsp.

140 4203 177 4268 (2)
196 4203 296 4255 ibidem.
314 4220 354 4269 qu.
363 4206 447 4256 xxxiv.
458 4215 501 4256 art.
514 4205 529 4254 1.
564 4205 639 4271 Rccp.
857 4200 900 4267 (6)
919 4200 1027 4251 Ρων.11.
1043 4201 1081 4252 lt.

148 4288 178 4353 24)
197 4287 224 4336 S.
237 4288 329 4339 Thom.
342 4293 363 4339 l.
375 4293 400 4338 2.
412 4307 453 4355 qu.
465 4307 542 4341 xxxv.
555 4298 597 4340 art.
611 4290 627 4340 i.
662 4286 736 4356 Resp.
856 4288 897 4354 (5)
916 4285 1054 4337 303361.
1067 4287 1106 4336 10.
