2744 4980
385 359 442 418 DE
464 359 666 419 GENTIUM
688 358 958 420 COMMERCIO.
1159 367 1217 422 245

125 526 207 583 ritur.
249 523 397 596 Equidem
409 524 457 582 ubi
471 525 604 584 nullalex
611 534 685 583 vetat
691 543 849 602 egressum,
860 525 993 587 neutralis
1007 525 1123 584 facultas
1133 529 1219 587 libera
1267 590 1276 605 ,

125 634 241 690 manet;
255 624 377 695 ideoque
390 632 484 698 potest
495 625 560 697 quis
574 625 630 683 alio
649 643 680 682 se
700 625 837 693 conferre,
852 625 897 682 vel
916 625 1084 692 studiorum,
1105 628 1151 685 vel
1170 646 1219 686 ne·

125 724 281 800 gotiorum,
295 723 341 780 vel
353 722 500 782 recreandi
510 725 597 783 animi
611 742 704 781 causa.
747 723 805 782 Ubi
818 723 865 782 lex
878 733 962 792 vetat,
976 724 1136 783 obedientia
1149 745 1218 802 prce·

126 821 231 883 standa
242 830 296 890 est,
310 839 408 895 eaeque
429 821 580 899 implenda
593 833 661 880 suut
673 821 849 880 conditiones
870 841 932 895 quae
946 822 982 881 ad
1004 818 1117 884 veniam
1130 828 1219 902 impe·

127 920 257 980 trandum
277 921 440 998 exiguntur.
481 923 615 980 Attamen
640 921 769 979 duriores
794 933 860 979 sunt
884 923 963 998 leges
989 941 1052 995 quae
1078 926 1156 983 cives
1182 927 1221 982 ita

125 1019 228 1096 ligant,
248 1020 274 1076 si
287 1019 400 1097 publica
412 1029 441 1077 et
457 1022 550 1096 gravis
564 1038 649 1078 causa
663 1039 720 1078 uon
733 1017 861 1097 urgeat:¹
882 1021 933 1079 sed
946 1031 974 1078 et
984 1023 1105 1099 iujustre,
1119 1025 1145 1082 si
1154 1023 1220 1083 odio

128 1119 292 1195 Religionis
312 1127 341 1176 et
362 1119 475 1195 pietatis
498 1118 630 1187 serantur,
652 1119 778 1191 utique
801 1121 831 1177 iu
851 1120 956 1198 Augila
979 1121 1050 1180 olim
1071 1123 1221 1200 viguerunt

127 1232 228 1276 contra
251 1217 426 1276 catholicos.
468 1216 514 1275 Ad
533 1218 655 1276 alienam
668 1227 780 1294 gentem
795 1221 914 1278 mansire
934 1221 1003 1279 licet
1017 1219 1142 1280 utilitatis
1163 1240 1221 1280 suae

129 1336 227 1383 causa,
242 1318 353 1390 quoties
367 1315 396 1374 id
408 1316 441 1375 fit
453 1317 559 1390 absque
583 1318 678 1393 patriae
700 1311 896 1377 detrimento?
935 1318 1085 1395 Flagrante
1099 1321 1173 1378 bello
1187 1320 1239 1378 ad,

128 1416 257 1474 hostium
270 1424 359 1474 castra
372 1415 488 1473 transire
503 1416 591 1492 turpis
605 1424 648 1472 est
660 1413 799 1473 desertio:
822 1415 873 1473 sed
892 1417 941 1488 qui
956 1418 985 1474 in
1000 1428 1127 1494 tempore
1141 1420 1219 1495 pacis

130 1534 221 1573 novas
245 1522 375 1587 quaerunt
392 1513 486 1582 sedes,
500 1516 575 1574 sicut
596 1513 712 1593 plurimi
731 1532 768 1570 ex
789 1515 915 1591 Europae
936 1517 1089 1592 provinciis
1109 1518 1139 1575 iu
1160 1518 1221 1576 dies

131 1614 237 1680 solent,
251 1614 382 1672 videntur
395 1632 481 1690 posse
500 1615 622 1673 civitatis
637 1616 704 1691 jura
717 1614 746 1671 in
759 1633 834 1672 uova
853 1616 968 1690 regione
982 1634 1118 1687 quarere,
1133 1636 1223 1690 quum

133 1713 264 1786 alioquin
277 1713 331 1772 sibi
343 1713 460 1786 suisque
481 1714 530 1772 vix
553 1722 658 1787 queant
678 1713 747 1770 satis
768 1709 942 1772 consulere.³
982 1713 1127 1787 Equidem
1146 1716 1224 1775 nulla

129 1823 238 1871 naturae
252 1813 314 1889 lege
328 1810 363 1870 ad
384 1812 557 1872 manendum
577 1813 606 1869 iu
626 1813 715 1889 patria
729 1821 867 1881 tenemur,
882 1812 1007 1886 alioquin
1021 1832 1106 1880 nemo
1126 1824 1224 1891 posset

128 1923 260 1985 unquam
273 1913 412 1989 migrare:
434 1921 463 1969 et
475 1911 617 1970 fidelitatis
636 1928 703 1987 erga
722 1912 881 1988 principem
901 1914 1011 1970 muneri
1024 1913 1222 1981 satisfacimus,

130 2012 160 2067 si
173 2012 201 2068 ei
215 2009 282 2068 dum
295 2011 324 2068 iu
337 2012 400 2088 ejus
413 2009 519 2069 ditione
542 2028 698 2077 versamur,
722 2011 959 2086 obtemperemus,
973 2022 1002 2069 et
1020 2012 1049 2069 in
1068 2030 1162 2070 rerum
1177 2030 1224 2069 au·

132 2110 235 2186 gustiis
249 2128 306 2168 nou
319 2109 501 2169 deseramus:
524 2108 574 2166 sed
588 2118 692 2166 mutata
705 2127 743 2168 ex
762 2129 844 2183 oequa
863 2128 947 2168 causa
960 2109 1140 2180 habitatione,
1158 2113 1223 2189 jure

133 2209 254 2266 naturali
263 2209 346 2268 uobis
357 2209 523 2267 consulendi
534 2208 647 2276 utimur,
659 2226 733 2266 novo
744 2208 925 2286 agnoscendo
932 2209 1064 2285 imperio.
1106 2209 1140 2268 Id
1148 2209 1225 2268 vide·

133 2317 178 2365 tur
189 2307 341 2368 dicendum
354 2308 465 2366 etiamsi
477 2310 541 2381 quis
551 2308 743 2384 jurameutum
762 2307 902 2366 fidelitatis
916 2309 1093 2383 praestite'rit3
1117 2326 1184 2366 nam
1196 2309 1225 2367 id

135 2407 168 2464 fit
193 2407 228 2464 ad
239 2407 439 2484 obligationem
461 2408 567 2465 civium
587 2405 743 2464 naturalem
769 2405 945 2472 firmandam,
969 2408 1063 2482 potius
1084 2425 1169 2478 quam
1190 2409 1226 2466 ad

135 2525 238 2563 novam
265 2505 465 2573 inducendam,
492 2505 613 2577 ideoque
636 2505 835 2580 explicandum
858 2515 902 2561 est
923 2523 975 2580 pro
1000 2504 1076 2563 illius
1103 2507 1223 2566 ratione.

135 2604 330 2664 Durissimum
343 2606 416 2664 soret
428 2605 463 2663 iis
487 2605 536 2678 qui
555 2622 592 2661 ex
606 2604 724 2681 Europa
736 2605 792 2661 huo
813 2605 944 2680 migrant,
967 2623 1024 2663 non
1048 2623 1133 2682 posse
1147 2608 1225 2665 cives

136 2706 298 2762 Americaui
320 2705 391 2777 heri,
415 2723 502 2777 quum
526 2704 668 2762 nonnullis
682 2706 712 2762 in
733 2704 855 2760 Statibus
869 2705 1066 2778 possessiones
1082 2704 1174 2761 soreut
1186 2706 1227 2762 in-

136 2812 229 2869 certae,
243 2814 272 2860 et
285 2805 339 2880 ipsi
355 2803 485 2880 plurimis
499 2803 615 2861 obnoxii
628 2802 721 2860 forent
730 2800 930 2860 incommodis.

174 2905 224 2959 20.
246 2902 280 2960 ld
293 2905 377 2961 etiam
398 2904 502 2976 inquiri
517 2910 619 2978 potest,
642 2912 736 2959 utrum
756 2901 831 2958 bello
853 2910 914 2958 orto
937 2902 1010 2958 inter
1022 2901 1226 2977 rempublicam

135 3003 217 3078 cujus
231 3004 309 3059 cives
323 3003 388 3061 lacti
402 3014 477 3071 sunt,
491 3013 518 3059 et
532 3001 660 3078 patriam,
675 3001 786 3078 possint
799 3011 895 3057 contra
914 2999 987 3057 hanc
1008 3001 1094 3059 armis
1108 3010 1225 3058 certare.

135 3101 202 3159 Hoc
217 3113 320 3179 negant
340 3102 425 3179 Angli
442 3101 620 3180 jurisperiti:
642 3118 793 3158 censemus
816 3109 910 3155 tamen
930 3118 980 3156 eos
1003 3118 1089 3175 posse
1113 3101 1225 3172 quoties

169 3298 177 3351 t
184 3295 210 3358 1)
231 3293 310 3342 “The
323 3292 456 3354 Sovereigu
468 3293 555 3341 cbuses
568 3292 606 3341 his
618 3306 706 3356 power,
715 3289 763 3339 eud
781 3288 881 3338 reduces
893 3288 932 3337 his
949 3290 1053 3354 subjecte
1065 3298 1090 3339 to
1101 3305 1133 3339 sn
1145 3291 1224 3356 iusup·

136 3378 243 3442 portcble
256 3378 358 3440 elevem,
370 3377 392 3426 is
406 3377 437 3426 he
449 3376 542 3427 refuses
554 3377 621 3427 them
630 3376 671 3426 the
682 3373 825 3440 permission
845 3373 873 3421 of
888 3373 984 3434 leaving
993 3373 1032 3423 his
1044 3374 1183 3426 domininus
1195 3378 1231 3427 sor

136 3461 199 3510 their
210 3476 266 3509 own
280 3460 423 3522 advantage,
432 3460 504 3509 when
517 3459 548 3509 he
560 3459 638 3521 might
649 3465 720 3521 greut
732 3458 750 3506 it
760 3466 786 3506 to
798 3456 865 3505 them
876 3456 978 3505 without
995 3456 1194 3521 inconvenisuce,
1205 3477 1231 3512 or

136 3545 228 3606 danger
241 3555 265 3593 to
279 3544 320 3593 the
332 3542 416 3593 state.”
450 3543 489 3593 De
502 3544 590 3593 Vattel
619 3541 680 3592 Law
691 3542 720 3591 ol
728 3540 842 3599 Natious,
855 3541 870 3588 l.
882 3540 899 3588 i.
910 3557 932 3590 c.
943 3540 993 3589 rix.
1006 3545 1020 3601 ᾗ
1032 3545 1093 3590 222.

171 3629 211 3692 (2)
230 3635 244 3658 “
255 3628 336 3692 every
349 3644 406 3678 man
419 3628 489 3677 hasa
507 3628 573 3689 right
590 3635 614 3675 to
632 3627 685 3690 quit
702 3625 741 3674 his
758 3634 871 3688 country,
889 3625 915 3673 in
932 3624 1002 3674 order
1019 3634 1046 3676 to
1062 3627 1132 3677 settle
1144 3629 1169 3679 iu
1183 3647 1231 3696 any

136 3713 212 3771 other,
223 3713 296 3763 when
308 3715 340 3777 by
350 3714 402 3763 thet
413 3722 474 3778 step,
485 3713 516 3762 he
527 3712 585 3761 doec
592 3720 635 3760 not
647 3727 737 3776 expose
747 3710 788 3760 the
799 3709 894 3759 weltere
902 3710 931 3759 os
939 3710 978 3759 his
985 3711 1114 3776 country.”
1132 3714 1234 3775 ibidem,

139 3803 153 3856 s
166 3800 225 3846 cao.
240 3798 264 3845 2.

173 3885 215 3948 (3)
236 3882 263 3932 ld
275 3883 384 3932 decisum
396 3890 433 3932 eet
450 3898 464 3931 a
482 3882 603 3946 Suprema
620 3881 695 3930 Curia
713 3880 835 3929 Maritima
852 3879 949 3942 anglie
960 3879 1107 3948 Admirolty
1118 3882 1190 3942 dicta,
1203 3884 1233 3935 de

136 3969 220 4030 Auglo
233 3976 364 4017 mercatore
376 3968 419 4031 qui
430 3968 490 4016 ciris
502 3968 580 4017 iactus
597 3966 768 4022 Americenus,
784 3979 862 4027 eoque
878 3964 949 4012 titulo
966 3966 1140 4016 commercium
1160 3971 1235 4030 gessit

136 4069 195 4102 cum
206 4051 275 4102 ludis
287 4052 460 4111 Orientalibus,
469 4052 534 4117 quod
545 4051 639 4102 civibus
647 4050 736 4112 Angli·
744 4058 803 4099 tunc
813 4064 862 4097 non
873 4049 966 4106 licebat,
972 4057 1074 4113 excepto
1082 4059 1146 4103 ctetu
1162 4054 1239 4118 dicto,

137 4137 202 4190 Euat
215 4136 291 4189 India
307 4138 450 4206 company.
484 4137 546 4187 Rem
557 4137 628 4187 refert
638 4134 762 4185 Wheaton
777 4133 885 4183 heatae
896 4149 928 4183 on
940 4133 1122 4187 intemctioncl
1133 4137 1191 4192 low.

654 4234 712 4290 22*
