2766 4996
140 408 200 463 370
419 402 476 462 DE
499 403 627 463 HERlS
647 401 707 460 ΕΤ
727 398 963 460 MANCIPIIS.

142 579 316 646 quapropter
338 571 387 642 qui
409 568 549 627 malevolo
569 577 637 627 sunt
657 569 774 645 iugenio
794 566 890 625 labore
910 576 980 625 sunt
1000 562 1175 629 edomandi3
1195 563 1239 635 qui

144 667 217 726 bona
230 677 295 724 sunt
308 667 403 725 indole
417 668 514 726 mitius
535 669 702 741 aequiusque
716 665 839 724 habendi
860 675 945 723 sunt:
969 672 989 700 “
999 664 1097 722 Servo
1110 661 1242 720 malevolo

146 777 249 823 tortura
261 777 290 823 et
302 766 470 844 compedes,
491 768 571 825 mitte
585 767 665 824 illum
685 767 715 822 in
736 765 933 840 operationem
955 781 994 821 ne
1008 772 1112 820 vacet:
1133 761 1244 819 murltmt

146 866 221 922 euim
236 865 375 923 malitiam
389 865 486 924 docuit
498 866 635 923 otiositas.
677 864 712 922 ln
731 880 820 939 opera
832 863 976 921 constitue
996 879 1088 919 eum:
1110 861 1155 917 sic
1173 860 1244 916 enim

146 961 283 1021 condecet
296 964 387 1022 illum.
430 963 554 1031 Quodsi
575 982 634 1021 non
647 960 814 1028 obaudierit,
834 980 921 1019 curva
941 960 1025 1018 illum
1047 958 1244 1035 compedibus,

147 1071 176 1118 et
188 1080 247 1121 non
266 1063 424 1139 amplifices
443 1082 529 1138 super
548 1080 663 1121 ornnem
683 1077 817 1118 carnem:
839 1077 940 1117 verum
960 1060 1026 1117 sine
1044 1058 1161 1136 judicio
1180 1055 1246 1114 nibil

150 1159 237 1218 facias
251 1181 347 1238 grave.
369 1163 403 1220 Si
416 1172 460 1220 est
473 1163 521 1218 tibi
535 1179 633 1218 servus
648 1158 750 1225 fidelis,
760 1159 798 1215 sit
808 1158 856 1216 tibi
870 1159 953 1230 quasi
964 1159 1065 1216 anima
1077 1169 1145 1215 tua:
1168 1155 1246 1227 quasi

149 1257 262 1316 fratrem
276 1261 318 1317 sio
330 1279 396 1319 eum
411 1256 543 1318 tracta.”¹
586 1258 670 1316 Hanc
689 1257 826 1315 rationem
839 1255 1010 1314 servandam
1024 1275 1095 1314 cum
1110 1255 1247 1314 Onesimo

150 1354 184 1411 ad
199 1355 285 1415 fidem
298 1376 438 1416 converso
458 1357 547 1414 voluit
558 1356 732 1433 Apostolus:
755 1355 843 1431 “jam
862 1372 921 1413 non
934 1363 966 1411 ut
985 1373 1119 1421 serrum,
1133 1353 1185 1410 sed
1197 1371 1245 1430 pro

150 1470 233 1509 servo
246 1457 425 1512 carissimum
446 1448 609 1511 fratrem.”⁸
649 1453 709 1510 Sed
722 1453 783 1511 bec
796 1471 853 1511 non
869 1452 991 1528 exigunt
1003 1463 1035 1511 ιιι
1048 1454 1143 1510 nimia
1155 1454 1192 1510 sit
1204 1469 1247 1509 ne·

154 1551 298 1610 cessimdo
310 1563 339 1609 et
351 1552 525 1611 familiaritas
538 1552 639 1610 berum
653 1553 726 1610 inter
738 1561 767 1608 et
779 1569 911 1609 servum:
933 1552 1004 1609 satis
1025 1561 1072 1607 est
1084 1561 1118 1608 ιιι
1130 1569 1195 1608 eum
1207 1551 1249 1606 be·

152 1650 239 1726 aigne
254 1661 359 1709 tractet.
394 1652 490 1718 Quum
505 1661 598 1710 autem
613 1652 662 1723 qui
679 1651 812 1707 dicuntur
824 1649 1019 1727 inspectores,
1035 1649 1166 1708 dominis
1179 1645 1247 1706 haud

153 1749 287 1818 consciis,
301 1751 450 1827 mancipiis
464 1751 613 1826 imponant
624 1747 736 1806 duriora
748 1766 845 1816 onera,
860 1748 904 1805 vel
923 1766 975 1805 eos
995 1749 1130 1806 severius
1147 1757 1176 1804 et
1188 1765 1244 1804 cru·

153 1845 245 1905 delius
260 1858 387 1916 tractent,
401 1849 510 1908 domini
532 1848 636 1907 debent
655 1846 785 1906 homines
805 1846 938 1905 humanis
960 1847 1093 1905 moribus
1115 1844 1244 1924 preditos

154 1945 285 2022 seligere,
300 1949 403 2020 quibus
417 1948 446 2006 id
459 1949 585 2006 muneris
598 1945 792 2004 demandetur.

193 2046 243 2100 95.
263 2046 420 2103 Servorum
433 2045 536 2103 delicta
548 2041 710 2120 castiganda
727 2053 804 2110 sunt,
824 2061 861 2100 ne
875 2043 1030 2118 impunitas
1045 2043 1189 2101 scelerum
1201 2060 1245 2118 pa·

156 2140 318 2201 traudorum
333 2143 423 2219 pariat
440 2143 596 2210 audaciam,
613 2143 698 2219 juxta
709 2162 778 2201 mox
792 2142 906 2199 recitata
924 2139 1130 2200 Ecclesiastici
1149 2140 1247 2197 verba:

155 2249 278 2299 attamen
291 2241 440 2300 crudelitas
453 2242 570 2325 omnino
583 2239 715 2299 evitanda
726 2249 779 2307 est,
793 2259 858 2298 nam
869 2248 967 2297 monet
979 2240 1141 2317 Apostolus
1155 2238 1245 2304 heros3

155 2348 187 2395 ιιι
197 2357 294 2412 arquos
313 2360 345 2399 se
359 2343 518 2416 prebeant:
541 2340 634 2398 “Vos
647 2339 757 2399 domini
776 2338 875 2396 eadem
895 2337 979 2395 facite
993 2338 1063 2405 illis,
1077 2339 1246 2395 remittentes

156 2436 265 2493 minas:
287 2440 411 2496 scientes
425 2440 492 2510 quia
510 2447 538 2494 et
551 2438 665 2495 illorum
686 2448 715 2496 et
734 2445 828 2494 vester
847 2435 991 2495 Dominus
1005 2437 1095 2494 estin
1107 2434 1203 2492 coelis:
1222 2443 1249 2490 et

155 2548 340 2606 personarum
354 2535 481 2608 acceptio
503 2552 561 2591 non
582 2543 626 2589 est
646 2535 722 2610 apud
743 2527 859 2592 eum.”³
899 2534 957 2600 Qui
970 2534 1057 2610 igitur
1079 2534 1121 2592 ira
1144 2531 1248 2608 abrepti

155 2645 253 2685 servos
266 2629 323 2689 levi
344 2630 379 2688 de
393 2648 478 2687 causa
490 2630 648 2696 verberant,
668 2632 715 2689 vel
735 2631 924 2690 verberandos
940 2628 1071 2709 jubent,⁴
1084 2641 1204 2708 peccant
1216 2646 1248 2686 eo

156 2728 270 2804 gravius
283 2748 342 2803 quo
363 2729 453 2787 levior
466 2739 509 2787 est
528 2747 622 2796 causa,
643 2741 672 2787 et
690 2731 847 2788 verberatio
866 2730 1074 2796 vehementior,
1094 2727 1248 2806 presertim

157 2845 223 2885 cum
237 2830 428 2887 membrorum
441 2827 486 2885 vel
505 2828 569 2885 vitae
589 2827 736 2903 periculo:
758 2845 810 2884 nec
830 2827 972 2886 ullatenus
987 2829 1064 2886 valet
1076 2845 1174 2886 coram
1187 2825 1248 2883 Deo

158 2927 314 2994 excusatio,
330 2926 406 2998 quod
419 2926 454 2983 de
468 2945 497 2983 re
512 2945 563 2982 sua
582 2935 688 3001 agatur,
703 2925 813 2982 etiamsi
826 2925 889 3003 lege
903 2926 981 2983 civili
994 2925 1074 2984 nulla
1087 2925 1248 2983 decernere·

159 3032 202 3078 tur
215 3039 300 3096 poeua
314 3021 431 3081 domino
444 3042 556 3081 servum
578 3024 754 3100 percutienti.
797 3021 967 3082 Cavendum
981 3025 1101 3082 omnino
1115 3043 1151 3083 ne
1166 3039 1251 3080 mem·

157 3119 213 3176 bris
227 3118 273 3176 vel
287 3120 342 3177 vita
362 3121 498 3197 privetur,
521 3122 632 3179 nisiex
654 3121 768 3197 publica
788 3123 954 3180 auctoritate
970 3121 1082 3198 judicio
1104 3121 1249 3199 legitimo:

158 3236 210 3275 uec
224 3219 301 3275 euim
315 3219 439 3294 privatus
454 3220 575 3292 quisque
589 3220 768 3295 irreparabile
778 3219 862 3278 debet
873 3219 976 3278 inferre
990 3215 1155 3278 damnum.⁵
1193 3216 1251 3275 Do·

158 3327 203 3373 cet
222 3318 254 3374 S.
276 3317 406 3375 Thomas
427 3318 512 3375 licere
535 3320 659 3395 patribus
682 3318 828 3375 verberare
851 3318 936 3386 filios,
959 3327 988 3374 et
1009 3317 1135 3376 dominis
1157 3315 1252 3381 heros,

159 3416 341 3473 correctionis
361 3436 455 3482 causa,
476 3435 543 3474 nam
572 3425 591 3452 ‘⁸
606 3416 707 3475 dicitur
726 3416 843 3474 Prover.
859 3418 933 3504 niii.⁴
953 3416 1029 3482 ‘Qui
1049 3417 1141 3492 parcit
1154 3416 1248 3491 virge,

158 3510 218 3567 odit
236 3512 326 3570 filium
340 3513 446 3572 suum!
468 3514 508 3572 Et
521 3515 593 3572 inira
606 3517 688 3573 xxiii.
710 3515 799 3572 ‘Noli
814 3515 977 3574 subtrahere
991 3534 1008 3572 a
1020 3534 1112 3591 puero
1126 3512 1251 3591 discipli·

193 3748 233 3813 (l)
246 3746 322 3796 Eccli.
332 3747 418 3796 miii.
430 3751 472 3796 28.
640 3755 680 3820 (2)
694 3754 798 3804 Philam.
811 3757 851 3806 16.
953 3754 996 3820 (3)
1010 3754 1076 3819 Eph.
1089 3753 1120 3803 vi.
1137 3756 1163 3802 9.

194 3835 236 3898 (t)
262 3833 308 3883 Est
326 3831 466 3897 Gurolopoli
482 3840 506 3882 et
522 3831 695 3884 Neo-Aurelia
714 3837 782 3887 locus
792 3840 934 3900 designatus
946 3854 995 3902 quo
1007 3839 1176 3905 seconl'erunt
1187 3839 1256 3893 servi.

156 3918 270 3968 herorum
278 3918 496 3985 jussadot'ereutes,
508 3926 536 3968 ut
546 3919 673 3984 plagarum
685 3931 766 3972 certus
782 3939 898 3973 numerus
910 3922 938 3972 iis
950 3923 1082 3986 infligatur.
1099 3923 1166 3972 Alibi
1178 3924 1253 3989 plage

158 4002 293 4064 irrogantur
305 4004 335 4053 ab
346 4003 481 4067 inspectore
493 4004 536 4068 qui
548 4020 672 4055 servorum
684 4006 745 4067 gerit
757 4022 850 4064 curam,
860 4007 912 4056 beri
930 4008 1037 4056 nomine.

192 4093 232 4154 (b)
252 4095 266 4120 “
276 4089 332 4140 'l'be
344 4099 433 4140 statute
445 4090 594 4153 regulations
605 4093 687 4141 follow
698 4093 739 4141 the
749 4092 878 4156 principles
890 4093 919 4142 ol'
932 4093 973 4143 the
986 4095 1042 4144 civil
1053 4095 1101 4144 law
1113 4095 1140 4144 in
1153 4094 1255 4144 relation

154 4181 180 4223 to
192 4175 277 4231 slaves,
295 4175 343 4224 and
361 4191 400 4224 are
413 4176 543 4239 sxucmely
556 4191 652 4234 severe;
671 4178 714 4226 but
731 4176 772 4226 the
790 4186 878 4226 master
896 4176 942 4226 lass
960 4193 993 4226 no
1010 4194 1093 4243 power
1105 4194 1164 4228 orer
1176 4177 1217 4228 lit's
1228 4192 1256 4228 or

156 4248 239 4302 llmb.”
256 4253 345 4304 Kent's
355 4254 451 4305 Comin.
464 4256 511 4305 vol.
522 4255 547 4305 ii.
555 4271 580 4308 n.
593 4257 651 4305 253.
