2744 4980
133 417 172 473 et
421 407 479 467 DE
493 302 660 468 ssER'l'lO
680 403 934 466 PRAECEPTO.

133 576 238 635 retibus
252 583 355 643 antem,
369 591 473 648 magno
481 592 546 631 cum
554 573 660 639 labore,
672 571 786 647 piscari,
798 580 873 628 certe
881 569 1043 628 habendum
1056 580 1100 627 est
1110 573 1224 630 servile.

134 676 285 752 Ingruente
299 675 464 732 necessitate
478 672 577 739 alecia,
592 689 713 743 quorum
726 670 809 745 copia
821 667 989 742 quibusdam
999 670 1067 726 anni
1079 679 1231 745 tempesta·

132 775 205 831 tibus
219 773 346 840 habetur,
368 773 471 847 piscari
494 769 612 827 indulsit
632 768 782 841 aliquando
797 768 931 825 Pontifex
951 766 1050 824 diebus
1075 768 1230 825 dominicis

133 872 264 936 festisvet
285 889 320 926 ea
333 879 426 927 tamen
440 868 603 926 conditione
616 876 647 924 ut
666 867 836 943 pauperibus
856 875 884 922 et
896 866 1083 923 vicinioribus
1097 867 1230 924 ecclesiis

134 971 294 1046 portionem
307 969 429 1042 piscium
443 959 564 1023 darent²

172 1071 223 1124 74.
244 1064 434 1123 Prohibentur
447 1067 532 1122 otiam
545 1064 608 1138 lege
631 1062 770 1120 Ecclesiae
793 1062 923 1133 quaedam
943 1081 1030 1137 opera
1053 1062 1188 1129 forensia,
1202 1074 1233 1120 nt

135 1173 202 1224 sunt
222 1171 373 1230 mercatus,
397 1165 541 1240 placitum,
559 1160 700 1237 judicium
721 1160 757 1217 ad
779 1171 911 1227 mortem,
932 1161 979 1218 vel
1000 1160 1035 1217 ad
1056 1179 1185 1237 prunam,
1206 1172 1234 1219 et

136 1262 269 1338 strepitus
289 1262 382 1318 omnis
399 1261 554 1339 judicialis,
576 1278 679 1336 nempe
702 1277 802 1317 omnes
825 1260 950 1316 actiones
976 1278 1041 1332 quae
1068 1259 1103 1315 ad
1131 1277 1232 1316 causas

134 1360 242 1427 civiles,
257 1358 303 1415 vel
316 1359 520 1418 ecclesiasticas
534 1360 687 1434 pertinent
730 1357 819 1414 Nulla
830 1367 925 1415 autem
939 1368 968 1415 et
986 1359 1065 1415 irrita
1078 1368 1234 1416 censentur

134 1468 193 1516 acta
202 1455 305 1534 judicii
317 1456 363 1514 die
377 1458 530 1516 Dominica
550 1457 639 1524 sacta3
660 1477 695 1513 v:
717 1474 754 1531 g:
777 1458 891 1513 testium
911 1457 1016 1525 citatio,
1030 1457 1076 1512 vel
1096 1475 1232 1524 examen,

134 1556 179 1614 vel
192 1556 333 1613 sententia
346 1549 479 1631 prolata²
518 1557 650 1613 Attamen
674 1556 699 1611 si
722 1555 880 1630 periculum
903 1555 1051 1612 immineat
1070 1574 1107 1611 ne
1124 1555 1234 1613 debitor

134 1654 179 1711 vel
197 1654 268 1710 latro
287 1653 385 1729 fugiat,
407 1656 501 1711 statim
522 1654 624 1712 confici
646 1662 755 1726 queunt
772 1653 942 1711 documenta
963 1638 1135 1711 necessaria.
1179 1654 1229 1712 Sic

134 1753 308 1810 facinorosus
324 1754 444 1824 quisque
458 1773 553 1810 coram
568 1753 732 1827 magistratu
746 1752 913 1810 constitutus
934 1761 1028 1828 potest
1039 1753 1070 1809 in
1082 1771 1230 1810 carcerem

135 1849 218 1916 trudi,
232 1848 369 1926 deinceps
378 1849 559 1926 judicandus,
574 1851 711 1908 instructo
724 1851 836 1908 interim
845 1850 954 1925 judicio
968 1851 1136 1908 summario.

174 1953 223 2006 75.
245 1947 363 2005 Bellum
382 1967 516 2005 exercere
536 1948 636 2005 diebus
649 1949 730 2006 sestis
744 1950 861 2007 vetitum
875 1959 935 2006 est:
957 1949 1033 2021 quod
1056 1950 1141 2006 etiam
1162 1958 1233 2006 tem·

135 2064 204 2121 pore
214 2044 362 2102 Adventus
375 2055 405 2102 et
415 2045 647 2122 Quadragesimae
661 2046 730 2104 olim
741 2040 941 2122 prohibitum.³
981 2047 1126 2105 Caeterum
1135 2066 1234 2105 neces·

132 2144 216 2203 nitate
228 2152 347 2220 urgente
370 2144 495 2215 quolibet
506 2143 552 2201 die
575 2153 731 2212 exercetur,
747 2153 806 2202 tum
826 2144 1017 2221 aggrediendo
1030 2145 1154 2213 hostem,
1171 2159 1232 2202 turn

136 2260 167 2298 se
181 2241 303 2309 tueud03
324 2242 365 2299 sic
379 2244 475 2299 omnia
484 2262 547 2315 quae
561 2240 596 2299 ad
608 2241 715 2300 bellum
729 2241 885 2319 gerendum
899 2244 1061 2301 necessaria
1076 2255 1152 2311 sunt,
1169 2244 1233 2302 fieri

135 2349 301 2416 possuutco
311 2341 486 2408 imminente,
499 2359 535 2399 r:
557 2360 591 2417 g:
614 2360 731 2417 aggeres
744 2344 847 2410 extrui,
858 2343 946 2399 lovere
960 2343 1020 2400 sodi
1034 2353 1088 2401 etc.
1133 2345 1233 2401 Excu-

135 2439 192 2494 sari
204 2439 290 2496 etiam
301 2437 431 2496 videntur
444 2439 660 2497 exercitationes
670 2441 806 2508 militares
820 2460 882 2514 quae
897 2451 1026 2516 tempore
1041 2444 1120 2517 pacis
1133 2442 1236 2500 diebus

136 2534 216 2592 sestis
239 2535 300 2592 fieri
326 2531 451 2594 solent:⁴
480 2536 530 2595 sed
551 2538 581 2593 in
601 2537 745 2613 plerisque
776 2540 893 2596 statibus
917 2539 1059 2597 soederatis
1089 2559 1186 2598 mores
1210 2549 1239 2596 et

136 2650 237 2689 sensus
250 2633 356 2692 civium
370 2635 404 2691 ab
417 2638 496 2693 omni
510 2634 675 2710 hujusmodi
688 2638 890 2695 exercitatione
904 2638 1002 2695 diebus
1017 2638 1170 2696 dominicis
1186 2638 1233 2695 ab·

137 2731 268 2789 horrent:
290 2751 356 2791 nam
367 2735 521 2810 etpublicae
532 2734 633 2792 latitia
643 2734 749 2793 indicia
758 2754 821 2808 quae
835 2737 1025 2793 anniversaria
1037 2736 1082 2794 die
1096 2731 1235 2795 libertatis

137 2841 308 2906 recuperata>
330 2830 390 2889 dari
412 2833 514 2900 solent,
537 2834 652 2889 nonnisi
666 2833 711 2891 die
732 2836 863 2906 sequenti
878 2845 1055 2910 prestantur,
1071 2838 1184 2907 quoties
1205 2836 1236 2891 in

137 2926 216 2985 diem
231 2928 412 2986 Dominicam
432 2930 571 2990 inciderit.

177 3028 227 3082 76.
249 3025 420 3099 Emptiones
433 3035 462 3082 et
473 3026 654 3083 venditiones
669 3027 809 3084 mercium
821 3028 852 3083 in
872 3028 993 3103 publicis
1006 3028 1130 3086 officinis
1145 3032 1232 3087 ctiam

133 3122 197 3198 jure
211 3124 349 3180 canonico
361 3131 506 3181 vetantur:
528 3124 555 3179 ei
568 3133 661 3180 tamen
674 3124 879 3182 consuetudine
893 3126 1019 3200 pluribus
1040 3127 1070 3183 in
1083 3128 1170 3183 rebus
1186 3128 1234 3186 de·

137 3232 267 3296 rogatum
280 3231 333 3279 est.
375 3222 414 3279 lis
427 3222 512 3296 igitur
524 3223 574 3293 qui
588 3223 808 3280 invalescentem
818 3222 1049 3281 consuetudinem
1064 3236 1236 3296 sequuntur,

139 3319 269 3379 molestia
281 3339 339 3379 non
357 3330 401 3378 est
412 3319 494 3378 facile
508 3319 673 3389 inserenda;
695 3340 784 3394 quum
804 3320 907 3378 damna
926 3341 989 3394 qnae
1009 3324 1051 3379 eis
1072 3341 1108 3379 ex
1123 3325 1237 3382 arctiori

137 3417 314 3477 observantia
325 3420 471 3488 orirentur,
485 3439 622 3478 unacum
644 3418 858 3487 consuetudine,
872 3421 1026 3478 tacentibus
1049 3423 1234 3497 presulibus,

138 3513 263 3584 inducta,
277 3535 327 3576 eos
341 3538 358 3575 a
370 3517 455 3595 culpa
467 3518 615 3577 videantur
627 3537 773 3577 excusare.

174 3687 216 3752 (l)
236 3687 267 3736 G.
279 3687 313 3737 iii.
325 3688 356 3737 de
367 3689 442 3740 seriis.

174 3772 217 3838 (2)
237 3770 301 3821 Oen.
313 3773 478 3840 Conquestcs.
513 3772 908 3836 Et1.uttndie‚cod.detoriis.
943 3781 958 3805 “
969 3774 1008 3838 By
1018 3782 1108 3825 statute
1120 3775 1162 3834 29,
1176 3775 1237 3827 Cor.

138 3856 164 3906 ii.
175 3872 196 3906 c.
209 3860 233 3914 t,
243 3865 360 3907 noonoet
376 3874 421 3908 orn
440 3860 470 3908 bs
487 3861 565 3920 mede,
578 3877 622 3910 nor
639 3877 736 3926 process
754 3861 838 3910 scrved
856 3877 924 3925 upon
940 3877 954 3910 s
973 3859 1083 3924 Sunday,
1100 3869 1188 3925 except
1200 3862 1237 3911 t'or

138 3946 242 4000 huson,
253 3940 343 4006 lelony,
355 3957 382 3990 or
393 3943 481 3992 brecch
498 3945 527 3992 ol
540 3943 581 3994 the
598 3943 696 4009 pesce.”
730 3944 878 3995 Bleclrstone
895 3946 911 3994 l.
923 3946 957 3995 iii.
975 3962 999 3995 n.
1017 3944 1077 3993 290.
1109 3952 1124 3975 ‘⁴
1135 3946 1237 3998 Astera

138 4025 264 4086 negligent
269 4022 363 4090 ωὀιρο,
373 4026 415 4076 the
426 4027 558 4078 defendant
566 4045 622 4092 may
630 4031 661 4079 be
672 4029 746 4079 telon
757 4045 790 4079 on
802 4046 816 4079 s
828 4029 957 4093 canday?
992 4028 1089 4094 Obitty,
1101 4029 1162 4080 ibid.
1170 4035 1239 4082 note·

175 4108 218 4172 (³)
238 4109 322 4159 Extra.
334 4108 363 4160 de
374 4115 464 4178 tregam
475 4117 574 4178 espace,
586 4113 647 4162 Can.
658 4119 759 4182 tregua.

175 4192 218 4256 (t)
238 4193 324 4259 Msyol
335 4196 427 4262 Expos-
440 4197 473 4248 iii.
484 4210 556 4261 prec-
568 4206 611 4248 srt.
619 4198 655 4249 iii.
