2744 4980
579 286 603 335 0

404 407 462 468 uu
483 388 920 476 cumvovbmcnvro.
1161 419 1218 475 uo

128 571 286 630 emendata
297 585 351 641 est,
366 592 403 632 ne
417 575 482 647 quis
495 573 602 643 absque
611 571 715 650 judicii
728 573 840 643 ordine,
854 577 921 644 vita,
930 576 1067 645 libertate,
1078 576 1125 636 vel
1138 579 1223 637 rebus

125 673 184 730 suis
197 668 368 749 spolietur.¹

167 774 237 829 133.
269 771 437 844 Aliquando
457 770 627 828 damnantur
652 771 740 842 aliqui
759 771 833 829 laesae
860 773 1014 849 majestatis
1034 774 1174 842 absentes,
1195 785 1225 834 et

126 880 241 945 propter
260 871 473 930 conmmaciam
490 870 721 945 proscribuntur:
744 889 816 942 quos
840 880 919 928 extra
933 872 1004 947 legis
1018 873 1222 948 protectionem

128 966 235 1026 idcirco
248 971 361 1044 positos
380 970 450 1027 olim
468 968 549 1026 licuit
567 969 702 1039 cuiquam
722 966 905 1027 interficere.²
944 970 1011 1028 lam
1030 969 1097 1028 verd
1116 972 1147 1030 id
1165 990 1223 1029 non

128 1065 200 1134 licet,
216 1068 273 1125 nisi
286 1069 422 1126 resistant
432 1086 483 1124 eos
493 1085 595 1142 capere
610 1067 779 1135 volentibus,
790 1069 836 1126 vel
849 1070 905 1126 nisi
919 1071 1012 1127 verbis
1025 1071 1182 1145 perspicuis
1190 1088 1225 1128 ea

130 1163 173 1221 frat
186 1185 203 1221 a
216 1167 365 1241 republica
377 1174 514 1242 potestas,
533 1184 596 1237 qus
611 1167 808 1240 gravissimam
822 1159 945 1243 postulat
957 1160 1097 1226 οιιιιιιιιιι.3
1138 1169 1224 1235 “Qui

132 1263 191 1321 sine
206 1265 305 1336 aliqua
317 1265 432 1340 publica
450 1263 692 1322 administratione
712 1266 873 1323 maleficum
886 1268 1030 1334 occiderit,
1044 1266 1121 1325 velut
1133 1267 1224 1325 homi·

131 1361 192 1419 cida
201 1362 395 1440 Judicabitur:
417 1374 446 1419 et
458 1371 534 1419 tanto
548 1362 669 1438 amplius
683 1374 788 1435 quanto
801 1364 856 1422 sibi
869 1374 1036 1440 potestatem
1051 1385 1068 1422 a
1086 1365 1150 1422 Deo
1164 1383 1223 1422 non

130 1479 295 1518 concessam
309 1480 444 1538 usurpare
466 1479 525 1520 non
548 1460 673 1519 timuit’'
715 1462 758 1520 lta
779 1463 811 1520 S.
836 1457 992 1532 Thomas‚⁴
1000 1464 1083 1540 juxta
1095 1472 1221 1522 mentem

131 1555 308 1636 Augustini.⁵

439 1757 503 1832 §V.
545 1757 593 1816 Dr
607 1775 815 1816 vvasuuonmr
829 1777 919 1817 uses.

176 1925 246 1978 134.
260 1919 306 1978 De
317 1921 443 1997 tyrannis
455 1921 578 1978 asseruit
589 1939 733 1979 nonnemo
743 1921 951 1993 quemlibeteos
961 1940 1046 1998 posse
1057 1921 1224 1991 interficere,

133 2021 220 2078 etiam
230 2020 383 2095 juramenti
403 2019 458 2076 fide
481 2020 619 2096 neglecta,
640 2039 724 2091 quam
747 2021 970 2096 propositionem
993 2021 1136 2079 damnavit
1157 2041 1225 2080 con·

134 2120 233 2178 cilium
258 2117 497 2177 Constantiense:
520 2118 678 2184 “Quilibet
699 2127 835 2194 tyrannus
855 2128 947 2194 potest
966 2131 995 2176 et
1006 2119 1089 2178 debet
1101 2121 1178 2179 licite
1191 2131 1221 2178 et

135 2218 275 2277 meritorie
307 2217 399 2275 occidi
419 2236 471 2295 per
491 2235 701 2289 quemcumque
721 2217 873 2274 vassallum
895 2237 979 2275 suum
1004 2219 1049 2276 vel
1069 2218 1224 2285 subditum,

136 2319 217 2375 etiam
231 2336 284 2393 per
296 2317 472 2375 clanculares
487 2316 605 2374 insidias
619 2326 647 2371 et
668 2315 784 2373 subtiles
803 2315 950 2373 blanditias
964 2305 1016 2374 vel
1039 2316 1225 2384 adulationes,

138 2435 191 2473 non
215 2415 343 2473 obstante
370 2434 553 2487 quocumque
576 2414 701 2490 praestito
719 2414 890 2490 juramento,
914 2433 965 2471 seu
986 2415 1225 2473 confoederatione

136 2513 213 2570 sactis
229 2533 296 2570 cum
310 2533 356 2582 eo,
377 2533 434 2571 non
456 2523 604 2589 expectata
626 2514 766 2571 sententia
786 2514 832 2569 vel
853 2514 985 2571 mandato
1000 2514 1107 2592 judicis
1130 2516 1225 2592 cujus·

137 2605 308 2685 cumque.’'⁶
349 2613 448 2670 Nostri
469 2615 526 2671 non
540 2613 658 2670 interest
676 2612 862 2684 questionem
875 2613 952 2671 illam
966 2612 1117 2682 discutere,
1132 2624 1225 2671 utrum

136 2801 204 2860 limb,
218 2803 302 2851 unless
315 2818 381 2867 upon
400 2803 442 2853 the
459 2802 556 2866 highest
567 2803 702 2871 necessity;
720 2802 767 2852 end
780 2802 820 2851 the
832 2804 989 2853 constitution
999 2803 1021 2852 is
1031 2819 1064 2852 en
1077 2811 1139 2852 ntter
1150 2810 1228 2852 strno-

131 2895 172 2946 κει
183 2896 209 2936 to
221 2903 272 2952 any
285 2887 400 2953 srbitrery
410 2904 492 2952 power
503 2889 531 2937 ol
538 2888 625 2949 lilling
636 2903 663 2936 or
676 2887 795 2948 maiming
807 2887 848 2935 the
857 2887 950 2950 subject
961 2885 1066 2935 without
1076 2885 1117 2934 the
1128 2901 1228 2949 express

131 2979 239 3021 verrent
250 2970 280 3020 oi
287 2970 359 3021 lew?
399 2972 497 3021 ibidem.
532 2972 599 3022 Dicit
616 2972 699 3036 Mayol
717 2980 772 3035 post
783 2970 937 3035 cajetanum.
971 2969 1049 3019 “Nec
1060 2977 1161 3019 excuset
1172 2985 1229 3020 euc-

129 3056 214 3105 toritss
229 3056 348 3120 principis
369 3057 416 3106 hoc
433 3057 579 3116 mandentis,
596 3057 690 3106 etiamsi
707 3056 742 3105 illi
759 3063 880 3105 constaret
896 3053 960 3117 quod
978 3054 1023 3104 iste
1039 3062 1145 3105 meretur
1162 3055 1229 3104 mille

124 3139 246 3190 mortes?
283 3141 377 3205 Expos.
388 3157 411 3191 v.
423 3157 494 3205 praec.
506 3149 550 3191 ert.
559 3142 576 3190 i.
608 3139 792 3191 Dicoseeondo.
827 3138 961 3189 Probatur.

165 3227 208 3290 (1)
225 3233 241 3257 ⁴⁴
251 3226 278 3275 N
280 3243 308 3275 or
319 3225 398 3290 (shall
407 3243 460 3295 orry
469 3228 575 3294 person)
587 3228 616 3275 be
627 3226 740 3291 deprived
753 3226 782 3275 ot‘
789 3225 839 3284 life,
850 3226 943 3287 liberty,
954 3241 981 3273 or
992 3232 1112 3289 property,
1123 3223 1229 3273 without

124 3310 180 3361 due
191 3327 290 3375 process
299 3312 327 3360 oi
335 3311 406 3361 law.”
441 3311 626 3370 Amendmeuts,
635 3319 678 3361 ert.
690 3326 712 3357 v.

168 3397 211 3460 (2)
232 3395 326 3459 Mayol.
338 3396 432 3460 Expos.
442 3413 465 3444 v.
478 3411 550 3461 proc.
560 3404 603 3446 art.
616 3396 632 3446 i.
655 3397 754 3456 Quaeres
762 3391 877 3443 secundo.
910 3399 925 3423 ‘¹
934 3391 1043 3454 Though
1061 3392 1184 3456 enciently
1196 3408 1228 3443 an

131 3481 261 3529 outlawed
273 3481 339 3530 selon
351 3497 402 3530 ves
412 3481 463 3531 aeid
475 3491 501 3530 to
511 3480 574 3531 heve
589 3484 667 3546 capot
684 3477 813 3546 lupinum,
824 3478 872 3527 sud
885 3477 964 3539 might
973 3478 1003 3526 be
1013 3476 1124 3527 knocked
1137 3493 1170 3527 on
1188 3477 1230 3528 the

135 3565 197 3616 heed
210 3568 259 3617 like
270 3583 286 3616 a
297 3568 361 3625 vrolf,
372 3569 404 3631 by
416 3584 465 3631 eny
477 3583 525 3617 one
536 3568 589 3617 thet
599 3567 689 3617 should
703 3573 767 3615 meet
778 3565 845 3623 him;
862 3565 965 3614 beceuoe
981 3564 1073 3626 having
1090 3564 1230 3616 renonnoed

134 3651 165 3701 sll
177 3651 233 3707 lew,
244 3650 276 3700 he
287 3667 338 3700 vves
349 3660 375 3701 to
386 3652 416 3700 be
426 3652 491 3702 dealt
503 3651 563 3702 vvith
574 3668 601 3701 es
612 3652 639 3701 in
656 3668 671 3701 e
689 3658 751 3700 stete
769 3650 798 3699 ot‘
810 3658 903 3708 nature,
921 3649 995 3700 when
1016 3665 1088 3713 every
1111 3666 1159 3699 one
1176 3649 1230 3702 thet

135 3735 223 3786 should
234 3736 287 3786 find
298 3736 351 3787 him
358 3737 438 3799 might
448 3738 500 3801 oley
512 3737 562 3787 him
571 3753 579 3787 ι
589 3746 630 3800 yet
639 3752 704 3796 nov,
711 3745 737 3786 to
750 3736 821 3786 avoid
833 3735 895 3786 such
902 3734 1067 3799 tutamento,
1075 3735 1095 3784 it
1109 3735 1230 3786 ishcldsn

136 3821 185 3871 thet
203 3837 237 3871 no
257 3838 316 3872 meu
336 3822 359 3872 is
379 3824 478 3873 entitled
499 3831 524 3873 to
543 3823 587 3873 titt
603 3823 656 3873 him
674 3821 1064 3887 wentoulyorvviliu1153bdtin
1076 3837 1104 3870 so
1115 3820 1192 3882 doing
1204 3821 1228 3870 is

138 3907 212 3970 musy
224 3906 252 3957 of
260 3909 365 3968 murder,
378 3910 461 3960 unless
472 3909 492 3959 it
502 3908 645 3973 heppensin
657 3908 699 3958 the
708 3908 847 3958 endeavour
857 3915 883 3957 to
894 3905 1034 3972 apprehend
1046 3902 1122 3954 him.”
1140 3903 1228 3956 Bust-

138 3999 211 4052 ocus,
223 3993 239 4042 l.
254 3994 286 4043 iv.
298 4009 323 4043 n.
335 3993 393 4042 32⁰.
413 3993 477 4043 Vide
487 4002 513 4043 et
523 3992 654 4042 Jsrsmism
662 3991 762 4057 Tsylor‚
770 3992 843 4042 Duct.
855 3991 921 4041 Dub.
933 3992 948 4041 l.
958 3991 992 4041 iii.
1002 3987 1057 4039 αἳ.
1069 4003 1092 4052 p
1106 3987 1161 4036 109.

173 4078 216 4143 (3)
236 4078 300 4128 Vide
312 4077 430 4136 Cerriere,
441 4078 471 4128 do
479 4077 574 4143 justitie
584 4084 609 4127 et
616 4078 681 4142 jure,
694 4077 741 4127 vol.
752 4076 777 4127 ii.
789 4092 814 4126 n.
826 4078 884 4125 770.

173 4161 214 4226 (4)
235 4166 259 4210 2.
271 4166 295 4212 2.
306 4179 348 4227 qu.
360 4163 419 4213 lxiv.
429 4163 517 4213 srt.iii.
551 4161 602 4213 Sed
612 4167 708 4213 contro.

172 4249 211 4312 (5)
230 4247 261 4297 L.
273 4249 288 4298 i.
300 4248 331 4299 de
342 4250 388 4299 civ.
400 4249 455 4298 Dei.
468 4265 489 4298 c.
501 4248 553 4298 xxi.
564 4256 589 4297 et
599 4263 620 4297 c
632 4247 699 4297 xxvi.

177 4333 218 4399 (0)
239 4334 305 4383 Sese.
319 4350 360 4385 xv.
371 4334 411 4384 die
424 4337 439 4384 0
450 4334 520 4396 tulii,
533 4334 605 4385 1414.
