2744 4980
427 413 484 474 DE
505 414 646 474 SEXTO
667 414 919 477 PRAEOEPTO.
1161 427 1216 484 127

124 581 206 640 donis
234 598 288 658 spe
314 597 419 655 magna
438 578 602 656 affulgente.
644 579 874 639 Concubiuaum
894 581 1074 657 plectendum
1094 584 1218 646 decrevit

126 678 278 738 concilium
291 676 491 738 Tridentinum
505 680 801 738 excommunicatione
811 691 877 756 post
885 680 992 737 tertiam
998 684 1184 745 monitionem
1194 679 1217 754 3¹

126 779 244 839 clericos
257 796 326 835 vero
339 778 556 837 concubinarios
570 779 650 835 tertia
663 788 740 855 parte
762 778 922 838 reddituum
936 779 1066 839 beneficii
1079 793 1145 859 post
1163 787 1218 861 pri·

129 897 200 938 nam
215 877 423 943 monitionem
443 886 509 954 post
521 876 679 936 secundam
692 879 823 937 omnibus
840 880 1034 955 proventibus,
1048 891 1077 939 et
1088 883 1219 942 beneficii

128 975 366 1036 administratione
379 975 613 1053 suspendendos;
634 975 757 1049 denique
771 979 806 1036 iis
817 977 980 1054 privandos,
994 996 1102 1052 eosque
1111 981 1219 1042 inhabi-

128 1077 166 1134 les
178 1085 209 1134 et
220 1074 355 1150 indignos
369 1073 405 1132 ad
417 1094 501 1133 omne
514 1075 686 1134 beneficium
699 1077 729 1133 iu
742 1087 888 1153 posterum
902 1076 1032 1145 declarat,
1047 1081 1071 1137 si
1085 1083 1220 1157 suspensi

126 1183 245 1252 pergant
257 1174 431 1233 concubinas
450 1175 581 1233 retinere.
623 1175 929 1236 Excommunicatione
950 1177 1036 1235 etiam
1055 1179 1221 1255 plectendos

49 1343 51 1346 Α
126 1275 232 1342 stamit,
247 1274 273 1331 si
285 1282 437 1349 postquam
450 1293 497 1331 cas
511 1273 697 1342 deseruerint,
712 1274 748 1332 ad
760 1294 875 1352 pravam
886 1276 1121 1336 consuetudinem
1132 1298 1223 1339 rever·

125 1364 245 1432 untur?
284 1371 374 1430 Nulla
387 1382 481 1432 autem
494 1391 579 1448 poena
591 1374 701 1433 videtur
714 1373 778 1449 ipso
788 1375 871 1441 sacto,
883 1376 936 1432 etsi
947 1376 1072 1453 publico,
1084 1378 1198 1436 incurri.

169 1475 238 1529 145.
264 1469 412 1550 Stuprum
432 1481 476 1529 est
499 1473 612 1530 violatio
627 1473 744 1548 virginis
764 1475 827 1549 ipsa
847 1473 945 1531 invita.
987 1475 1020 1532 Si
1034 1479 1221 1544 consenserit,

124 1582 171 1629 est
182 1570 309 1647 simplex
322 1571 481 1638 iomicatio,
496 1573 627 1642 quamvis
641 1573 762 1648 gravior,
783 1583 812 1629 et
828 1572 980 1644 aliquando
994 1577 1112 1650 speciali
1126 1576 1223 1634 induta

129 1671 238 1729 malitia
253 1671 291 1729 ob
315 1670 473 1737 infamiam,
487 1689 638 1728 moerorem
659 1682 817 1747 parentum,
832 1672 919 1739 rixas,
935 1672 1044 1745 aliaque
1058 1676 1226 1750 gravissima

130 1789 193 1842 quae
207 1769 274 1828 iude
287 1778 445 1842 sequuntur
457 1769 540 1826 mala.
583 1769 670 1848 Apud
690 1771 722 1827 S.
738 1770 884 1829 Thomam
905 1789 1092 1843 quecumque
1106 1775 1224 1850 virginis

132 1868 248 1927 violatio
261 1878 389 1946 stuprum
402 1863 529 1926 dicitur.³

132 2067 188 2124 rita
201 2064 358 2134 abducitur,
372 2066 470 2124 insciis
483 2067 568 2123 etiam
581 2068 754 2141 parentibus,
769 2066 905 2123 tutoribus
920 2077 968 2124 aut
980 2069 1049 2126 viro.
1077 2070 1110 2127 Si
1124 2080 1225 2147 sponte

120 2163 259 2222 'discedat
271 2183 337 2224 cum
350 2166 468 2232 amasio,
483 2164 550 2242 suga
565 2164 683 2234 dicetur,
704 2165 868 2238 nullamque
883 2185 986 2224 novam
1000 2167 1066 2225 inde
1080 2169 1226 2227 contrahet

136 2263 281 2322 lomicatio
294 2264 442 2325 malitiam.

175 2367 241 2421 147.
263 2362 401 2423 Incestus
414 2361 516 2419 dicitur
529 2363 619 2420 coitus
640 2382 705 2421 oum
720 2364 939 2440 consanguinea,
959 2363 1004 2420 vel
1024 2363 1112 2433 affini,
1135 2385 1225 2439 usque

135 2460 168 2519 ad
179 2470 311 2534 quartum
325 2463 453 2540 gradum.
496 2459 562 2526 Quo
575 2462 705 2537 proprior
724 2470 768 2519 est
789 2461 902 2537 gradus,
916 2480 951 2518 eo
972 2465 1085 2539 gravius
1106 2474 1150 2522 est
1162 2483 1227 2542 pec·

136 2570 237 2626 catum
258 2561 380 2635 ideoque
400 2563 430 2620 in
450 2559 628 2618 consessione
648 2560 865 2637 exprimendum
888 2578 952 2619 esse
971 2562 1088 2637 gradum
1112 2575 1226 2624 conten·

137 2659 204 2719 dunt
217 2659 343 2738 theologi
356 2662 397 2719 illi
411 2661 460 2732 qui
472 2647 696 2717 circumstantias
709 2671 895 2738 aggravantes
908 2663 1070 2720 necessario
1082 2664 1227 2740 explican-

137 2759 184 2817 das
198 2758 306 2818 dicunt.
348 2760 436 2818 Juxta
454 2759 520 2817 illos
540 2759 644 2835 pariter
664 2758 862 2816 declarandum
881 2767 934 2825 est,
949 2768 1041 2815 utrum
1060 2759 1143 2818 luerit
1161 2780 1227 2819 con·

137 2859 292 2936 sanguinea
312 2861 356 2918 vel
383 2859 486 2917 affinis.
529 2858 622 2916 Nobis
645 2857 755 2916 videtur
774 2856 877 2934 gradus
897 2856 1006 2933 primus
1029 2861 1228 2936 consanguini-

139 2960 199 3016 tatis
222 2959 383 3018 necessaria
403 2957 618 3035 exprimendus,
640 2976 668 3014 v.
685 2976 718 3034 g:
740 2957 764 3013 si
784 2955 868 3012 frater
880 2974 946 3013 cum
966 2974 1072 3025 sorore,
1087 2959 1132 3017 vel
1151 2969 1229 3036 pater

139 3077 202 3117 cum
215 3058 275 3116 lilia
287 3059 480 3124 concubuerit,
493 3057 537 3114 vel
551 3057 627 3114 filius
641 3075 706 3114 cum
717 3064 803 3113 matre
815 3074 824 3122 3
845 3057 880 3115 ab
893 3056 938 3113 his
948 3057 1026 3115 enim
1040 3067 1138 3117 natiue
1148 3058 1228 3116 valde

139 3157 287 3224 abhorret;
308 3159 350 3216 sic
363 3159 447 3216 etiam
468 3155 621 3214 dicendum
640 3157 665 3213 si
685 3155 760 3213 iilius
774 3174 840 3213 eum
860 3173 992 3222 noverea,
1006 3156 1051 3212 vel
1064 3175 1152 3233 gener
1165 3176 1228 3215 cum

140 3275 220 3313 socru
234 3257 350 3315 coierit:
365 3259 395 3315 in
409 3258 454 3315 his
467 3256 545 3314 enim
558 3256 739 3331 agnoscimus
753 3253 893 3311 diversam
904 3253 1018 3312 malitiae
1032 3257 1169 3330 speciem.
1183 3257 1233 3314 ln·

139 3366 232 3413 cestus
246 3355 320 3414 inter
333 3368 469 3433 cognatos
489 3354 649 3429 spirituales
662 3373 690 3410 v.
705 3371 739 3429 g:
761 3351 834 3409 inter
852 3353 992 3428 patrinum
1013 3362 1041 3408 et
1060 3373 1124 3411 eam
1145 3373 1230 3426 quam

139 3456 168 3513 in
181 3456 323 3531 baptismo
335 3457 471 3531 suscepit,
485 3453 637 3529 specialem
659 3452 742 3509 habet
760 3449 897 3509 malitiam
916 3451 1076 3511 necessarid
1091 3451 1233 3513 declaran-

140 3552 214 3611 dam.
256 3555 385 3613 Incestus
409 3556 482 3612 inter
502 3563 638 3628 cognatos
658 3551 783 3628 legales:
807 3569 835 3607 v.
857 3570 890 3629 g:
912 3551 985 3609 iuter
1005 3551 1185 3630 adoptantem
1207 3566 1236 3613 et

142 3651 311 3729 adoptatam,
324 3664 369 3711 est
380 3655 465 3712 etiam
479 3651 630 3730 peculiaris
644 3651 762 3727 speciei,
777 3651 880 3728 pariter
893 3650 1082 3728 explicandus.
1125 3654 1234 3713 Tactus

177 3822 215 3884 (l)
235 3820 300 3870 Sess.
314 3821 362 3870 xiv.
371 3839 393 3870 c.
406 3821 455 3870 viii.

178 3906 219 3969 (2)
240 3903 301 3954 Non
314 3904 401 3969 puduit
413 3902 582 3954 Alexandrum
593 3901 719 3966 Campbell
731 3901 755 3950 in
768 3901 932 3966 disputatione
944 3919 1001 3952 oum
1012 3903 1126 3967 episcopo
1136 3902 1235 3955 Cincin·

144 3990 237 4039 nateosi
249 3990 302 4040 hec
314 3990 389 4039 veluti
401 3990 509 4038 fomenta
519 3987 629 4037 criminis
641 3986 774 4044 adducerc;
791 3994 816 4035 ct
826 3986 851 4034 in
864 4002 966 4050 pravum
977 4003 1078 4036 sensum
1095 3987 1236 4052 detorquere

144 4075 221 4123 sancti
233 4074 365 4139 Alphonsl,
376 4074 419 4138 qui
433 4089 461 4122 ea
470 4073 537 4131 citat,
549 4073 628 4120 verba.

178 4160 218 4224 (³)
232 4162 259 4207 2.
271 4162 297 4208 2.
308 4175 350 4223 qo.
362 4159 417 4208 cliv.
427 4166 472 4207 art.
483 4157 516 4206 vi.
526 4156 647 4220 stuprum
658 4153 762 4215 Anglics
782 4153 871 4202 dicitur
880 4151 1001 4205 debcaclc:
1014 4171 1075 4223 ναμε
1085 4156 1174 4209 dicitur
1186 4161 1237 4210 vio·

146 4243 210 4294 lenta
221 4244 331 4294 mulieris
348 4245 527 4309 cujuscumque
538 4240 649 4292 violatio:
668 4235 802 4288 adductiore
814 4246 851 4287 cst
867 4238 888 4287 si
906 4241 987 4303 puella
999 4241 1075 4292 invita
1092 4243 1238 4297 obducatur:

147 4326 291 4397 elopcment,
302 4329 323 4379 si
334 4328 434 4379 decedat
445 4314 532 4392 sponte
543 4321 745 4391 comparentibus
757 4322 929 4373 nescientibus.
1221 4356 1225 4365 .
1283 4356 1298 4417 ⁴
