2744 4980
404 428 462 491 nu
482 430 622 491 seruo
642 432 894 493 ermenero
1136 442 1193 499 iss
1270 422 1273 427 ’

101 597 194 656 tiendo
206 597 275 655 uelit
287 597 437 664 remittere,
451 615 517 654 nam
530 616 565 655 ea
577 604 621 654 est
632 597 745 655 foedcris
755 600 917 676 nuptiarum
931 608 1037 669 namra,
1048 609 1079 658 ut
1090 613 1192 661 neuter

101 699 203 773 conjux
217 697 310 772 possit
323 696 373 771 jus
385 696 417 754 in
436 694 554 754 alterum
575 698 741 756 nanterre:
764 710 934 773 quapropter
945 697 1045 757 meritd
1059 700 1190 761 damnate

102 807 142 852 est
152 796 332 871 propositio:
355 792 505 871 “Copula
523 814 589 853 cum
608 798 768 874 conjugata,
788 797 982 854 consentiente
1000 800 1110 865 merito,
1129 802 1206 859 non'

103 905 140 950 est
152 893 322 953 adulterium
334 911 341 959 3
363 893 483 966 ideoque
492 891 597 951 sufficit
609 894 640 953 in
653 896 832 955 confessione
846 895 939 953 dicere
948 915 979 954 se
988 915 1052 954 esse
1065 898 1186 956 fornica·

103 988 205 1049 tum.’‘¹
247 991 403 1050 Remittere
424 991 539 1065 quidem
560 1001 654 1068 potest
675 996 792 1052 maritus
811 993 914 1051 damna
926 996 982 1054 sibi
994 1015 1032 1053 ex
1051 996 1188 1055 adulterio

104 1093 250 1150 obventma
261 1111 268 1157 3
290 1089 341 1146 sed
354 1092 452 1162 nequit
465 1091 579 1148 soederis
592 1094 733 1153 sanctitati
744 1093 891 1170 derogare.

138 1195 204 1247 141.
228 1190 353 1248 Gravius
366 1200 410 1246 est
422 1190 589 1248 adulterium
604 1193 715 1262 quoties
728 1202 845 1265 uterque
857 1194 982 1269 conjugii
992 1195 1105 1252 viuculo
1118 1196 1186 1270 liga·

104 1298 147 1356 tur,
161 1308 230 1347 nam
243 1289 364 1347 duorum
377 1290 534 1365 conjugunt
545 1290 684 1348 violantur
691 1288 766 1368 jura,
781 1301 809 1347 et
818 1290 875 1347 duo
886 1291 992 1348 foedera
1004 1294 1184 1369 nuptiarum:

100 1387 212 1463 proinde
225 1387 255 1445 id
268 1386 431 1446 confitendo
443 1386 641 1446 declarandum
661 1399 713 1446 est.
755 1389 818 1446 Viri
838 1389 1004 1448 adulterium
1017 1392 1130 1467 gravius
1143 1400 1188 1451 est

96 1487 222 1544 mulieris
237 1486 382 1552 adulterio,
397 1506 483 1559 quum
498 1487 544 1544 ille
567 1488 656 1545 animi
679 1487 778 1545 robore
798 1506 830 1544 sc
849 1488 983 1545 adversus
1003 1490 1185 1565 cupiditatem

90 1587 204 1643 munire
225 1584 342 1651 debean
364 1586 425 1644 haec
446 1586 606 1644 infirmitate
626 1587 802 1658 aliquatenus
821 1580 1000 1644 excusetur.²
1041 1586 1184 1648 ceterum

88 1685 221 1742 mulieris
234 1694 392 1759 peccatum,
407 1686 443 1742 ob
456 1685 565 1763 prolem
578 1687 715 1743 incertam
728 1696 757 1742 et
769 1685 902 1752 dedecus,
916 1687 1113 1761 gravissimum
1127 1689 1185 1763 ple·

85 1801 216 1856 rumque
229 1792 370 1841 censetur.

133 1887 205 1940 142.
227 1883 361 1940 Mechiae
380 1884 495 1940 nomine
509 1884 723 1940 fornicationem
743 1870 871 1950 includis
879 1885 1058 1941 concubitum
1079 1885 1186 1942 scilicet

81 1982 181 2039 soluti
198 2000 263 2039 cum
276 1982 375 2048 soluta,
390 2001 426 2039 ex
443 1983 630 2039 Hebraeorum
644 2000 697 2040 usu
711 1983 808 2057 plures
822 1993 959 2039 asserunt.
1001 1982 1107 2054 Liquet
1119 2001 1182 2040 earn

83 2099 178 2156 grave
192 2082 299 2139 crimen
313 2080 446 2149 habitam,
460 2090 489 2137 et
501 2081 592 2156 poenis
606 2082 780 2157 gravissimis
791 2082 928 2156 punitam.
971 2082 1004 2138 Si
1018 2101 1074 2154 qua
1087 2081 1182 2158 puella

89 2180 121 2236 in
136 2180 348 2238 matrimonium
361 2179 445 2236 ducta
458 2181 575 2255 virginei
589 2179 698 2238 decoris
712 2182 810 2238 amissi
824 2199 871 2236 rea
890 2181 1072 2246 inveniretur,
1086 2180 1181 2237 decre-

93 2290 150 2336 tum
164 2289 223 2336 est:
247 2279 391 2355 “ejicient
410 2298 473 2335 eam
493 2288 573 2336 extra
595 2279 669 2336 sores
691 2278 795 2336 domus
816 2279 902 2353 patris
925 2279 979 2345 sui,
1003 2278 1180 2352 etlapidibus

93 2379 213 2436 obruent
226 2379 279 2436 viri
292 2378 412 2435 civitatis
426 2377 511 2444 illius,
521 2379 709 2435 etmorietur:
731 2379 865 2449 quoniam
874 2377 1026 2434 fecitnesae
1039 2377 1069 2434 iu
1082 2379 1180 2443 lsrael,

93 2488 123 2533 ut
135 2477 320 2537 fornicaretur
333 2478 363 2533 in
376 2475 462 2533 domo
475 2478 560 2551 patrie
574 2471 667 2532 sui.'’³
707 2477 741 2534 ln
756 2477 842 2534 Novo
855 2476 1040 2534 Testamento
1054 2477 1182 2535 interitus

94 2587 211 2634 aetemus
221 2576 306 2652 hujus
315 2576 441 2633 criminis
452 2576 507 2632 reis
516 2595 592 2651 supe
602 2576 766 2632 intentatur:
790 2584 809 2610 ‘⁶
821 2575 866 2632 An
882 2576 997 2634 nescitis
1012 2576 1079 2648 quia
1087 2576 1168 2647 iniqu

93 2693 210 2751 regnum
232 2675 289 2732 Dei
310 2693 369 2733 non
395 2673 600 2750 possidebunt?
643 2674 740 2731 Nolite
763 2694 871 2731 errare:
904 2674 1007 2745 Neque
1028 2675 1181 2744 fornicarii,

94 2792 184 2846 neque
198 2774 282 2833 idolis
295 2775 461 2840 servientes,
475 2792 567 2844 neque
581 2773 858 2849 adulteri-regnum
879 2772 934 2830 Dei
948 2768 1182 2848 possidebunt.”⁴

95 2873 227 2930 “Omnis
242 2874 403 2938 fornicator,
418 2883 465 2928 aut
478 2871 741 2930 immundus—non
754 2873 838 2929 habet
847 2871 1038 2928 hereditatem
1053 2872 1082 2927 in
1094 2889 1182 2946 reguo

94 2969 201 3030 Christi
229 2982 256 3028 et
277 2967 380 3030 Dei.”⁵
420 2971 564 3041 Equidem
585 2971 759 3028 vitiumhoc
780 2989 937 3046 repugnare
957 2971 1059 3028 rationi
1076 2980 1105 3027 et
1123 2970 1181 3045 legi

92 3069 192 3129 divinae
206 3072 306 3142 liquet,
328 3088 416 3142 quum
429 3089 517 3145 vagus
537 3070 701 3127 concubitus
722 3071 856 3147 primario
876 3069 927 3127 fini
946 3070 1038 3128 coitus
1051 3070 1180 3135 humani,

93 3171 264 3246 generationi
278 3171 386 3228 scilicet
398 3169 486 3244 prolis
497 3179 525 3225 et
538 3168 708 3236 educationi,
719 3179 872 3245 repugnem
894 3168 961 3225 huic
973 3169 1050 3226 euim
1064 3167 1180 3225 nonnisi

93 3280 228 3345 perpetuo
254 3269 417 3327 coeuntium
438 3267 542 3326 foedere
566 3278 594 3324 et
616 3269 729 3326 vinculo
752 3269 819 3324 satis
843 3267 1008 3324 consulitur.
1050 3266 1136 3330 Quod
1157 3265 1182 3320 si

92 3368 231 3426 interdum
245 3370 420 3443 contingeret
432 3386 466 3423 ea
478 3367 605 3423 adhiberi
624 3365 796 3423 adminicula
809 3364 911 3436 quibus
925 3364 997 3439 proli
1011 3382 1048 3420 ex
1062 3364 1180 3421 fornica·

93 3469 164 3525 tioue
179 3470 398 3544 prospiceretur,
413 3485 447 3523 ea
467 3485 529 3538 quae
549 3465 617 3523 huic
640 3465 714 3522 inest
733 3464 838 3522 malitia
860 3483 918 3521 non
939 3462 1004 3521 ideo
1027 3462 1179 3529 tolleretur,

93 3585 178 3639 quum
193 3585 288 3642 perse
310 3577 339 3624 et
360 3566 527 3642 plerumque
550 3564 666 3639 obijciat
686 3564 795 3640 prolem
818 3554 1000 3621 discrimini.⁶
1041 3562 1119 3621 Hinc
1133 3562 1181 3621 de·

92 3665 201 3723 finitum
214 3677 258 3723 est
270 3674 368 3724 contra
381 3663 545 3740 Beguardos
559 3675 588 3721 et
601 3655 771 3740 Beguinas‚⁷
790 3681 853 3720 eam
867 3680 930 3719 esse
944 3673 1091 3738 peccatum
1105 3680 1180 3720 mor·

93 3764 162 3822 talc:
185 3775 214 3822 et
226 3764 358 3824 damnata
370 3774 414 3822 est
426 3763 460 3819 ab
473 3763 640 3821 Innocentio
660 3763 714 3822 XI.
728 3764 887 3841 propositio
907 3780 1049 3834 sequeus:
1072 3762 1179 3819 “Tam

126 3938 167 4004 (l)
188 3939 262 4005 Prop.
271 3939 301 3989 la.
313 3940 375 3990 inter
386 3938 513 3988 damnatos
526 3940 556 3987 eb
568 3937 713 3987 Innocentio
722 3937 767 3986 XI.

126 4022 167 4087 (2)
187 4024 214 4071 S.
227 4024 293 4086 Aug.
304 4025 320 4074 l.
332 4024 356 4074 ii.
367 4024 397 4074 de
409 4022 551 4075 adulterinis
562 4021 693 4086 conjugiis,
705 4037 726 4070 c·
738 4021 787 4069 viii.

126 4109 167 4173 (8)
190 4109 262 4158 Dent.
276 4109 334 4158 xxii.
346 4112 386 4157 at.
556 4107 598 4170 (t)
619 4107 628 4153 1
642 4106 698 4154 Cor.
711 4105 741 4153 vi.
755 4107 778 4152 9.
953 4103 996 4168 (5)
1015 4101 1111 4167 Eph-v.
1125 4105 1149 4153 5.

128 4194 170 4258 (6)
192 4193 254 4242 Vide
267 4194 293 4242 S.
305 4193 395 4244 Thom.
406 4191 430 4240 ⁸2.
443 4196 467 4241 2.
475 4207 516 4256 qu.
529 4191 585 4241 cliv.
596 4197 639 4240 ert
651 4190 677 4239 ii.
712 4189 786 4254 Resp.

128 4277 170 4343 (7)
188 4278 345 4329 clementina
355 4275 400 4329 Ad
409 4280 530 4338 nomam,
542 4276 578 4326 tit.
590 4274 620 4323 de
628 4272 754 4386 hprcticis.
1237 4290 1316 4702 Ι

609 4356 644 4409 te
