2766 4996
292 447 348 506 DE
370 446 728 507 OBLiGATIONlBUS
749 438 1081 523 numerosum.
1175 452 1234 509 ³5³

142 612 337 673 difficultatem
346 614 444 672 babes
453 614 542 672 laicos
550 610 683 680 habendi,
694 615 802 674 ancille
816 617 846 674 in
857 616 1023 674 famulatum
1033 622 1231 679 assumentum

143 722 173 770 et
185 730 274 785 quum
297 715 454 771 animarum
472 731 541 771 cura
559 711 714 788 Religionis
734 715 930 780 committatur,
945 713 1068 771 loemiuae
1088 730 1234 771 sacrorum

141 829 292 870 munerum
315 812 465 870 occasione
485 810 587 868 domus
608 811 716 886 passim
731 810 933 888 ingrediuntur.
976 809 1119 869 Ceterum
1133 820 1232 887 optan-

141 908 210 967 dum
223 909 350 967 maxime
363 921 392 966 et
404 908 558 966 curandum
571 921 601 966 ut
613 908 661 966 lex
675 911 837 967 executioni
851 907 1045 966 demandetur.

183 1011 233 1065 59.
256 1007 303 1064 Ob
316 1009 451 1066 castitatis
464 1007 620 1076 custodiam
634 1008 681 1065 lex
695 1025 759 1078 quoe
779 1008 881 1066 dicimr
903 1005 1050 1065 ciuusuroe
1064 1006 1232 1066 monialibus

142 1105 269 1164 districte
284 1106 441 1183 injungitur
450 1101 473 1162 :¹
494 1106 632 1164 “nemini
647 1115 741 1164 autem
754 1104 1047 1174 sanctimonialium‚”
1062 1105 1154 1176 inquit
1165 1124 1232 1163 con·

142 1204 241 1263 cilium
256 1204 468 1272 Tridentium,
491 1213 511 1240 “
521 1205 606 1264 liceat
618 1216 685 1279 post
696 1203 904 1280 professionem
920 1205 999 1262 exire
1020 1204 1232 1269 amonasterio,

140 1305 226 1360 etiam
241 1302 275 1360 ad
289 1304 373 1361 breve
387 1315 509 1379 tempus,
524 1321 703 1376 quocumque
717 1314 865 1379 praetextu,
880 1304 988 1362 nisiex
1002 1302 1229 1379 aliqualegitima

140 1420 236 1467 censa,
251 1402 285 1458 ab
301 1403 438 1479 episcopo
461 1398 689 1476 approbandam
728 1403 760 1459 S.
783 1403 853 1461 Pius
876 1402 914 1459 V.
937 1400 1148 1465 Constitutione
1168 1420 1231 1474 quar

141 1501 260 1574 incipit:
282 1499 403 1569 Decori,
427 1505 440 1557 l
462 1499 533 1557 Feb.
557 1502 643 1567 loro,
658 1519 757 1558 causas
777 1502 902 1560 exeundi
922 1512 979 1558 tres
999 1501 1115 1576 agnovit
1126 1517 1232 1576 nempe

140 1600 236 1674 magni
249 1599 383 1666 incendii,
398 1600 494 1674 lepre,
506 1609 534 1654 et
547 1597 707 1674 epidemiae3
722 1608 752 1656 et
763 1601 903 1676 episcopi,
917 1608 945 1655 et
958 1599 1121 1674 Superioris
1136 1598 1232 1674 Regu·

140 1698 208 1755 iaris
227 1698 312 1756 simui
325 1699 420 1774 exegit
439 1697 593 1763 licentiam,
606 1696 631 1752 si
654 1698 855 1755 monesterium
868 1697 953 1754 fuerit
965 1695 1154 1770 Regularibus
1168 1697 1232 1752 sub

136 1797 247 1873 jectum
260 1815 267 1864 ς
288 1807 317 1854 et
330 1795 457 1871 quidem,
472 1793 586 1867 quando
599 1793 634 1850 de
648 1794 808 1852 infirmitate
822 1795 922 1870 agimr,
933 1793 1087 1868 inscriptis
1100 1790 1231 1859 dandam,

140 1895 195 1951 sub
217 1913 301 1970 poeuu
321 1894 624 1953 excommunicationis
648 1893 711 1967 ipso
731 1891 804 1950 iacto
825 1893 911 1967 Paper
931 1885 1105 1958 reservatio,³
1124 1902 1181 1947 tarn
1200 1891 1231 1947 in

141 1992 222 2051 aliter
234 1995 422 2070 egredientes,
435 2003 490 2050 tam
502 1994 531 2050 in
545 1991 686 2049 licentiam
699 1990 898 2057 concedentes,
907 1990 1084 2054 comitantes,
1096 1997 1123 2044 et
1135 2006 1232 2063 recep·

142 2091 274 2149 tendes.’'

181 2194 230 2249 60.
252 2191 298 2249 De
320 2191 450 2267 ingressu
473 2191 503 2247 in
527 2188 783 2246 sanctimonialium
809 2188 911 2245 domus
934 2186 1056 2244 decrevit
1080 2185 1232 2244 concilium

140 2289 360 2346 Tridentinum:
383 2288 526 2364 “ingredi
547 2298 640 2344 autem
660 2287 731 2342 intra
750 2296 831 2362 septa
843 2285 1006 2343 monasterii
1019 2284 1128 2340 nemini
1140 2282 1233 2345 liceat,

140 2388 347 2463 cujuscumque
360 2388 483 2462 generis,
498 2397 545 2444 aut
565 2384 744 2451 conditionis,
759 2402 857 2450 sexus,
872 2383 915 2440 vel
936 2383 1024 2439 aetatis
1044 2381 1157 2447 fuerint,
1171 2381 1233 2437 sine

140 2485 272 2561 episcopi
286 2484 330 2542 vei
343 2486 497 2561 superioris
514 2484 630 2543 licentia
652 2482 682 2541 iu
702 2483 814 2561 seriptis
827 2483 951 2549 obtenta,
966 2481 1018 2537 sub
1032 2480 1231 2538 excommuni-

141 2584 260 2642 cationis
282 2601 376 2659 poena,
399 2585 463 2660 ipso
485 2584 559 2642 sacto
579 2576 799 2640 incurrenda.'’⁴
839 2580 996 2656 Gregorius
1009 2578 1095 2637 Xlli.
1109 2575 1175 2635 huic
1189 2579 1231 2635 in·

141 2681 251 2739 inurens
265 2683 378 2741 decreto
391 2677 493 2739 vetuit⁵
505 2683 558 2738 sub
567 2681 667 2739 eadem
682 2699 768 2756 prena
780 2698 816 2737 ue
830 2681 894 2750 quis
904 2679 958 2735 uisi
974 2679 1003 2733 in
1012 2678 1124 2734 casibus
1133 2693 1231 2733 neces·

139 2782 233 2848 sariis,
242 2790 343 2839 etcum
356 2782 471 2838 licentia
483 2779 616 2852 praedicta
626 2779 827 2834 monasterium
841 2773 1023 2851 ingrediatur3
1037 2785 1066 2829 et
1075 2771 1232 2828 subeadenr

140 2880 323 2955 poeuevetuit
338 2878 506 2935 monialibus
528 2894 564 2933 ne
585 2875 671 2931 ullam
698 2891 850 2948 personam
871 2871 950 2929 aliter
972 2869 1158 2934 admitterent,
1173 2887 1230 2926 uon

176 3067 219 3130 (l)
228 3129 230 3133 Α
239 3064 364 3128 Bingium
372 3065 461 3114 letetur
472 3059 767 3130 coccias-dombr-iu
776 3058 886 3109 Ecclesia
894 3073 988 3122 sempor
999 3056 1083 3114 suisne,
1093 3063 1118 3105 et
1130 3052 1234 3116 virginer

139 3162 169 3196 eo
181 3148 280 3198 nomine
291 3147 420 3210 designem
431 3147 543 3210 quemvis
555 3146 617 3196 intre
628 3155 697 3210 septe
708 3144 775 3194 hsud
785 3143 908 3201 inciusss;
925 3141 967 3190 sed
979 3140 1005 3190 in
1022 3155 1052 3189 eo
1064 3138 1152 3188 fallitur
1169 3139 1235 3200 quod

139 3245 224 3283 votum
236 3233 333 3283 nulium
349 3230 465 3282 castitatis
485 3232 516 3279 sb
533 3229 563 3279 iis
577 3230 694 3280 emissum
706 3227 823 3294 prioribus
834 3227 882 3276 iliis
894 3224 988 3275 seculis
1000 3232 1084 3288 potet:
1102 3229 1116 3252 ¹·
1125 3221 1235 3270 Ascstics

138 3317 206 3367 there
223 3298 288 3366 visre
300 3318 392 3379 always
403 3314 429 3364 iu
441 3314 482 3364 the
494 3313 617 3364 Churcb.”
652 3311 809 3374 Antiquities,
821 3311 836 3359 l.
849 3310 890 3359 vii.
902 3325 923 3359 c.
936 3308 951 3357 i.
985 3306 1063 3355 “The
1075 3305 1176 3355 widows
1187 3304 1235 3353 und

140 3401 231 3464 virgins
243 3401 272 3451 oi
283 3400 324 3450 the
337 3397 445 3457 Churcit,
456 3397 505 3447 sud
521 3397 553 3446 sii
565 3397 625 3447 such
638 3414 665 3446 se
676 3394 789 3446 confincd
807 3393 952 3444 themselves
972 3401 997 3441 to
1008 3408 1023 3441 s
1034 3389 1113 3452 single
1126 3389 1174 3449 iiie,
1186 3389 1234 3438 und

140 3487 213 3538 mede
226 3484 372 3535 themselves
384 3480 540 3534 ennuchsior
551 3480 592 3530 the
605 3480 721 3542 kingdom
729 3481 759 3529 oi
766 3477 891 3528 llearcu's
902 3477 967 3536 seire,
978 3491 1043 3526 were
1054 3473 1173 3524 reclrooed
1186 3473 1238 3523 into

139 3572 181 3622 tire
193 3570 296 3620 number
314 3568 343 3617 oi
356 3565 490 3617 Ascetios.”
524 3564 624 3615 ibidem.
662 3567 717 3630 lpse
734 3563 761 3613 S.
774 3563 866 3619 Penius
877 3563 908 3613 ds
920 3561 1000 3612 viduis
1012 3560 1084 3610 iidem
1096 3575 1169 3623 quam
1183 3559 1235 3609 Deo

137 3655 297 3720 prestiterant
307 3650 397 3703 irritem
410 3649 553 3700 iacientibus
563 3648 628 3707 dicit,
641 3664 683 3698 eus
695 3645 876 3697 damnationem
889 3646 1017 3696 incurrere.
1055 3645 1067 3694 l
1081 3643 1147 3693 Tim.
1159 3659 1181 3690 r.
1197 3646 1235 3690 12.

139 3736 204 3786 Vota
215 3735 303 3786 emisse
315 3743 368 3785 tum
379 3733 475 3799 publice
487 3741 540 3784 tum
554 3732 667 3798 privetim
679 3729 796 3796 prioribus
809 3730 903 3781 secutis
920 3730 996 3793 liquet
1013 3743 1044 3777 ex
1062 3725 1149 3776 Siricio
1168 3725 1234 3788 Psps

139 3824 183 3887 qui
194 3832 279 3887 quarto
291 3821 382 3872 seculo
399 3819 499 3871 ineunte
510 3818 626 3879 scribens,
639 3818 748 3883 loquitur
763 3816 794 3866 de
811 3824 826 3848 ‘⁴
835 3817 926 3880 virgins
939 3811 1042 3871 reiste,”
1055 3821 1079 3861 st
1090 3811 1120 3859 de
1131 3817 1145 3840 ‘⁴
1154 3809 1234 3872 puelia

138 3924 192 3973 quc
204 3905 315 3957 noudum
328 3906 406 3956 veists
417 3914 461 3964 est,
474 3904 516 3954 sed
536 3915 693 3969 proposuerat
713 3901 747 3951 sic
758 3916 863 3957 menete,
875 3900 929 3948 licet
943 3897 1036 3947 nonsit
1049 3895 1075 3944 iu
1088 3892 1187 3942 Christo
1197 3906 1235 3939 vc·

137 3990 209 4044 iuts.'’
243 3990 291 4055 Ep.
304 4005 326 4040 x.
339 4004 392 4052 ccp.
404 3987 419 4035 i
431 3989 478 4036 coi.
489 3989 547 4036 688.
560 3987 625 4050 apud
636 3987 722 4036 Cooet.
734 3999 772 4046 cp.
786 3982 859 4031 Rom.
873 3978 969 4046 pontifi

175 4077 214 4140 (2)
232 4074 300 4123 Sess.
313 4090 370 4125 xxv.
382 4072 413 4122 de
425 4073 485 4134 lieg.
498 4087 519 4121 c.
531 4086 555 4120 v.

172 4163 212 4223 (3)
235 4159 298 4208 Vide
310 4158 406 4208 Girsidi
418 4157 511 4220 Espos
523 4155 538 4204 J
542 4155 592 4205 uris
608 4153 699 4203 Pontii.
708 4166 757 4215 par.
769 4149 795 4198 ii.
808 4151 822 4209 i
835 4147 892 4199 ciir.

174 4246 217 4311 (4)
236 4243 303 4292 Sess-
315 4257 373 4292 xxv.
388 4257 442 4306 esp.
453 4257 475 4288 s.
488 4240 520 4288 de
532 4239 592 4300 Reg.
603 4246 628 4288 et
639 4235 740 4287 Monisi.

173 4329 216 4395 (5)
237 4327 345 4378 Cunetio
364 4325 410 4376 Ubi
419 4322 520 4392 gratie

660 4399 717 4455 31·
