2744 4980
328 396 385 457 DE
406 395 660 457 POTESTATE
681 397 820 458 LEGES
840 398 1043 459 FERENDI.
1178 405 1231 460 lul

144 582 226 623 omne
248 581 286 620 ex
307 562 447 623 Ecclesiae
470 565 656 621 concessione
676 557 840 622 derivatur.¹
882 565 980 622 Nemo
1001 581 1059 621 uon
1082 562 1232 624 videtbaec
1293 594 1298 602 ·

142 663 259 721 nonnisi
274 663 308 719 ab
322 662 512 720 ecclesiastica
524 673 661 738 potestate
675 663 808 739 pendere.
850 663 917 739 lpse
937 665 1090 738 imperator
1102 663 1232 720 ethnicus

140 763 275 820 Aurelius
283 760 494 836 edesepiscopi
502 779 572 833 quas
580 761 848 837 occupabatPaulus
858 760 1139 820 Samoeotenustradi
1145 763 1236 837 jussit

131 862 164 918 ei
178 862 228 918 cui
242 860 372 936 episcopi
386 859 473 917 ltalioe
493 870 522 917 et
535 860 672 917 Romane
691 861 768 919 urbis
781 861 933 937 episcopus
951 878 998 918 eas
1016 855 1234 936 adjudicarent.’

133 958 228 1035 Apud
236 960 311 1036 juris
324 958 455 1016 canonici
468 959 573 1035 peritos
588 967 607 993 ‘⁶
619 959 761 1034 pertinent
772 959 807 1016 ad
821 960 980 1035 spirituales
1003 977 1048 1017 res
1068 977 1155 1016 sacrae
1169 976 1232 1031 que

125 1059 250 1116 scilicet
263 1057 328 1115 Deo
341 1068 370 1115 et
383 1057 528 1133 Religioni
541 1067 609 1114 sunt
621 1068 800 1126 consecratae,
814 1068 846 1115 ut
864 1059 976 1117 divinus
996 1058 1088 1116 cultus
1101 1075 1232 1115 exercea-

130 1168 184 1214 tur
194 1161 210 1224 ;'
224 1156 312 1213 veluti
332 1156 469 1222 ecclesie,
483 1174 619 1228 sacraque
638 1176 714 1223 vasa,
736 1167 764 1214 et
785 1168 958 1224 omamenta‚
974 1158 1098 1230 itemque
1112 1175 1157 1214 res
1171 1157 1233 1214 roli-

130 1256 241 1330 glosa,
255 1254 357 1312 domus
370 1254 480 1312 scilicet
491 1264 520 1312 et
533 1255 603 1321 loca,
619 1256 649 1312 in
669 1256 771 1327 quibus
792 1254 837 1312 vel
858 1256 1014 1330 Regulares
1035 1256 1121 1314 vitam
1141 1255 1233 1314 tradu-

134 1363 218 1420 cunt,
233 1353 279 1411 rel
292 1371 430 1428 pauperes
444 1362 527 1426 atque
541 1354 638 1429 egroti
651 1365 791 1421 curantur,
806 1353 851 1409 vel
863 1353 992 1411 fidelium
1003 1353 1137 1410 cadavera
1150 1372 1231 1430 sepe·

137 1453 257 1510 liuntur.
299 1452 358 1508 Res
373 1453 543 1528 temporales
556 1450 753 1509 ecclesiastice
773 1463 839 1509 sunt
857 1451 972 1519 reditus,
994 1461 1021 1508 et
1043 1450 1122 1508 sundi
1142 1453 1231 1510 eccle·

138 1553 245 1608 siarum
258 1550 361 1622 quibus
381 1551 493 1608 aluntur
515 1551 621 1618 elerici,
636 1559 665 1608 et
677 1567 827 1626 pauperes,
841 1549 994 1623 omniaque
1017 1546 1051 1607 ad
1071 1549 1230 1626 Religionis

141 1669 224 1708 usum
238 1650 401 1707 necessaria
413 1643 659 1725 comparantur.”³

178 1752 207 1806 9.
229 1748 325 1824 Leges
337 1747 535 1806 ecclesiastice
549 1748 585 1806 dc
598 1750 682 1807 rebus
703 1766 780 1806 mere
801 1750 1002 1824 temporalibus
1016 1767 1073 1805 non
1093 1750 1228 1814 seruntur,

142 1849 195 1905 nisi
208 1858 348 1919 quatenus
360 1847 464 1905 liceant
476 1846 671 1905 determinant.
712 1846 852 1904 Ecclesiae
866 1857 909 1904 est
921 1847 1038 1905 definire
1057 1857 1150 1904 utrum
1164 1867 1230 1905 con·

143 1957 244 2003 tractus
258 1947 379 2023 injustus
392 1946 439 2011 sit,
453 1954 481 2003 et
493 1946 562 2004 vitio
574 1965 666 2004 usurae
681 1944 812 2012 inlectus,
824 1964 890 2003 nam
904 1964 941 2002 ex
951 1945 1048 2002 divina
1060 1945 1133 2022 lege,
1143 1965 1229 2019 quam

143 2047 201 2120 ipsa
223 2044 305 2102 tradit
323 2055 352 2102 et
370 2042 500 2110 custodit,
517 2043 631 2120 pendet.
673 2043 752 2102 Hinc
772 2044 865 2119 plures
880 2044 1043 2119 prodierunt
1057 2043 1229 2103 Pontificum

143 2153 168 2200 et
179 2143 367 2203 conciliorum
380 2142 500 2209 decreta,
524 2143 627 2216 quibus
650 2144 792 2200 vetabatur
813 2161 849 2200 ne
863 2142 960 2200 fideles
974 2141 1113 2215 quosdam
1126 2145 1230 2201 inirent

143 2251 297 2300 contractus
321 2242 388 2299 vitio
416 2259 519 2309 usurae,
543 2241 589 2298 vel
611 2243 673 2318 ejus
702 2241 828 2317 periculo
851 2251 879 2297 et
898 2243 994 2317 specie
1014 2258 1072 2297 nou
1092 2250 1227 2298 carentes.

144 2341 260 2397 Ratione
280 2324 365 2417 igitur
386 2343 494 2416 peccati
518 2341 659 2416 pertinent
677 2339 712 2397 ad
732 2340 892 2398 Ecclesiam
919 2359 982 2412 qure
1002 2338 1128 2412 alioquin
1150 2340 1228 2398 civili

144 2441 270 2515 potestati
283 2440 399 2498 omnino
412 2440 567 2515 subjacent.
595 2438 753 2497 Presulum
767 2457 823 2496 non
838 2448 881 2495 est
893 2456 938 2496 res
952 2436 1107 2497 mundanas
1121 2457 1227 2506 curare,

143 2538 188 2596 sed
211 2537 337 2596 divinam
361 2538 505 2612 explicare
527 2538 630 2614 legem,
646 2547 673 2593 et
694 2537 792 2595 fideles
812 2558 828 2594 a
850 2539 958 2612 peccati
980 2537 1107 2614 periculo
1127 2539 1227 2613 procul

146 2652 245 2694 tenere.
289 2636 374 2704 Quod
388 2638 412 2694 si
426 2637 461 2693 de
474 2648 591 2694 externa
603 2655 753 2712 regnorum
768 2637 874 2712 politia,
890 2646 918 2692 et
931 2637 1093 2715 principum
1106 2639 1229 2712 negotiis

144 2739 168 2794 in
181 2737 270 2795 sacris
284 2736 416 2803 comitiis,
431 2736 609 2802 mediocre,
624 2754 837 2807 nonnumquam
845 2745 989 2792 tractatum
1009 2737 1054 2800 sit,
1069 2746 1229 2810 temporum

146 2836 254 2893 illorum
268 2834 392 2894 conditio
403 2844 447 2893 est
458 2834 619 2911 spectanda,
629 2845 657 2892 et
670 2835 830 2910 principum
840 2834 868 2891 in
881 2833 991 2909 legibus
1005 2833 1060 2892 illis
1072 2831 1228 2890 condendis

144 2951 231 3009 opera
244 2935 291 2990 vel
304 2931 464 2992 aseensus.⁴

180 3036 227 3089 lo.
248 3031 294 3089 De
308 3033 474 3090 criminibus
488 3042 584 3089 contra
597 3031 683 3090 fidem
698 3051 826 3090 moresve
840 3042 926 3108 agunt
937 3032 1016 3109 leges
1031 3033 1227 3091 ecclesiastice

144 3132 295 3207 praesertim
307 3142 339 3190 ut
351 3130 445 3189 elerici
458 3133 488 3189 in
508 3130 603 3190 officio
624 3133 803 3198 retineantur,
818 3131 864 3188 vel
883 3133 907 3189 si
927 3132 1105 3204 deliquerint,
1124 3133 1230 3204 absque

144 3229 246 3287 ordinis
260 3230 398 3289 dedecore
411 3232 570 3306 puniantur.
615 3232 720 3289 Gravia
733 3232 817 3290 etiam
832 3230 969 3288 laicorum
984 3228 1095 3296 delicta,
1111 3228 1174 3302 quae
1189 3230 1229 3286 of·

145 3329 299 3388 sensionem
313 3328 426 3406 pariunt
438 3330 634 3407 plurimorum,
647 3330 757 3405 legibus
772 3338 946 3396 coercentur,
961 3339 989 3384 et
1003 3337 1113 3385 servato
1129 3327 1231 3404 judicii

144 3428 237 3487 ordine
264 3430 432 3505 plectuntur.
480 3428 573 3504 Leges
599 3439 692 3487 autem
719 3447 781 3500 quae
808 3428 926 3485 crimina
952 3426 1109 3502 respiciunt
1133 3426 1231 3484 divine

175 3632 187 3693 (
194 3632 219 3694 r)
229 3636 232 3643 ·
241 3629 305 3678 Vide
317 3627 395 3679 (lonc.
407 3629 475 3678 Trid.
488 3628 554 3678 Sese.
567 3629 616 3678 xiv.
627 3644 648 3678 c
660 3629 764 3678 videor.
776 3628 807 3677 de
824 3627 877 3676 Res.
897 3636 922 3677 et
940 3628 1039 3692 passim.
1074 3632 1088 3657 “
1096 3625 1133 3675 La
1144 3626 1231 3688 Iglesla

146 3714 206 3762 tiene
217 3715 288 3762 sobre
298 3731 328 3765 su
346 3714 492 3779 patrimonio
504 3713 560 3762 toda
572 3715 595 3763 la
607 3714 719 3777 acciony
732 3713 827 3763 arbitrio
839 3713 972 3772 exclusivo,
983 3727 1031 3777 que
1041 3712 1201 3776 corresponde
1217 3710 1234 3759 a

144 3798 222 3847 titulos
234 3806 276 3848 tan
289 3800 438 3858 iuviolables‚
450 3815 507 3863 para
519 3799 591 3848 baeer
602 3798 632 3847 de
645 3799 669 3848 e'l
681 3790 872 3848 lo'distribuciou
884 3815 900 3860 y
916 3797 1084 3863 eplicaciones,
1102 3811 1149 3859 que
1161 3805 1234 3856 lenge

144 3884 372 3945 porconrenientes,
383 3883 400 3933 a
412 3885 483 3934 todos
492 3885 528 3933 les
540 3885 632 3948 objetos
642 3884 681 3933 del
692 3885 758 3934 culto
769 3899 786 3947 y
798 3882 884 3948 plodad
896 3880 1034 3933 cristiana?
1052 3881 1153 3944 Enseyo
1165 3882 1233 3929 sobre

148 3968 170 4016 la
186 3968 391 4032 Supremeciadel
405 3970 480 4033 Pape,
492 3985 515 4033 p.
529 3971 585 4018 178.

181 4054 223 4118 (2)
243 4054 318 4117 Apud
331 4054 421 4103 Euseb.
435 4055 450 4102 l.
463 4055 502 4102 rii.
515 4054 571 4102 hiet.
584 4054 651 4103 Eccl.
660 4071 680 4104 c.
694 4070 752 4104 xxx.

178 4137 221 4201 (3)
240 4136 300 4185 lnst.
311 4139 414 4193 Canon..
429 4135 524 4193 Dereti,
537 4135 552 4184 l.
565 4118 591 4184 i'i.
604 4144 621 4184 t.
633 4137 649 4185 i.

179 4220 219 4286 (4)
239 4220 304 4270 Vide
317 4221 404 4272 Theol.
416 4219 505 4282 Dogm.
518 4228 585 4269 tract.
595 4218 627 4270 tle
638 4220 755 4272 Ecclesia.
767 4236 789 4271 c.
801 4221 850 4270 xir.

706 4325 760 4381 15*
