2744 4980
136 416 140 422 '
180 407 219 461 68
553 396 611 455 DE
631 396 746 455 LEGE
768 393 895 454 Nova,

179 571 285 630 carent,
299 563 402 638 saepius
415 561 515 620 fideles
528 564 679 621 monebant
691 579 741 619 eos
751 562 809 636 legi
822 579 880 617 non
894 561 1006 637 subjici,
1018 560 1068 618 sed
1078 562 1166 637 gratia
1175 562 1273 620 salutis

180 683 232 742 per
245 662 393 720 Christum
408 659 471 728 lrui,
486 663 555 733 quin
575 671 669 719 tamen
683 659 814 718 mandata
836 679 853 716 a
873 658 990 717 Christo
1013 659 1111 716 tradita
1127 671 1273 736 negarent.

181 764 231 821 Sic
244 759 445 838 explicandum
459 768 502 815 est
515 760 584 817 Divi
595 760 614 817 J
616 760 716 816 oannis
731 759 943 817 testimonium:
966 758 1058 815 “Lex
1078 778 1131 834 per
1146 759 1275 834 Moysen

180 861 245 920 data
257 871 318 918 est:
341 859 428 935 gratia
447 868 475 914 et
488 859 590 914 veritas
612 877 664 934 per
684 855 832 915 Christum
856 856 927 914 sacta
945 849 1039 914 est.”¹
1080 857 1169 914 Plura
1188 860 1275 915 etiam

181 960 265 1019 Pauli
273 957 435 1016 testimonia
444 955 564 1012 candem
575 956 794 1032 explicationem
805 956 963 1031 postulant:
985 976 1018 1012 v:
1040 975 1067 1031 g.
1090 965 1109 990 ‘⁶
1122 956 1192 1013 Non
1199 958 1277 1013 enirn

182 1058 311 1131 sublege
325 1055 403 1120 ostis,
418 1053 470 1110 sed
489 1053 541 1109 sub
564 1045 699 1128 gratia.”²
740 1053 858 1119 “Quod
880 1055 905 1111 si
927 1055 1025 1130 spiritu
1048 1053 1195 1121 ducimini,
1219 1075 1277 1113 non

183 1157 253 1213 estis
267 1155 320 1210 sub
332 1145 444 1227 lege.''³
484 1151 577 1226 Leges
591 1154 675 1210 etiam
695 1171 796 1210 omnes
816 1154 886 1211 latas
907 1151 974 1209 dicit
992 1153 1158 1228 Apostolus,
1173 1164 1205 1210 ut
1224 1155 1277 1210 im·

184 1255 297 1330 piorum
307 1251 427 1327 improbi
438 1268 531 1308 mores
541 1260 729 1318 coerceantur,
740 1251 927 1327 potiusquam
935 1254 1079 1328 justorum
1089 1252 1278 1326 regendorum

183 1369 286 1416 causa;
307 1350 338 1406 hi
355 1349 441 1416 enim,
462 1357 564 1424 sponte
583 1349 669 1406 veluti
688 1367 750 1416 sua,
764 1350 874 1407 virtutis
888 1360 976 1416 actus,
992 1368 1064 1422 quos
1084 1350 1163 1428 leges
1178 1353 1276 1428 praeci-

183 1451 274 1527 piunt‚
289 1455 438 1504 exercent:
460 1448 527 1518 quia
548 1453 567 1479 ‘⁶
577 1445 713 1524 lexjusto
726 1464 784 1504 non
797 1456 841 1503 est
853 1447 956 1522 posita,
971 1447 1023 1505 sed
1045 1449 1158 1526 injustis
1179 1461 1207 1506 et
1220 1469 1279 1508 non

182 1537 350 1606 subditis.”⁴
390 1544 518 1601 Libertas
541 1553 646 1613 autern,
666 1564 751 1617 quam
772 1546 802 1602 in
826 1544 942 1604 Christo
965 1550 1112 1606 consecuti
1136 1569 1281 1615 sumus,a

181 1647 254 1724 legis
267 1643 409 1702 Mosaicae
428 1643 614 1711 observantia,
638 1654 713 1702 tanta
733 1654 858 1713 nonest,
872 1654 904 1702 ut
925 1645 1123 1720 cupiditatibus
1146 1650 1279 1719 obsequi,

182 1746 257 1804 vela
271 1742 381 1801 Christi
394 1743 483 1819 ipsius
497 1740 635 1801 mandatis
648 1743 757 1802 resilire
771 1744 864 1811 liceat,
878 1743 990 1802 dicente
1005 1745 1162 1821 Apostolo:
1187 1747 1281 1803 “Vos

183 1847 261 1906 enirn
275 1844 305 1900 in
317 1843 472 1899 libertatern
485 1842 576 1900 vocati
588 1844 668 1910 estis,
689 1842 806 1900 iratres:
828 1852 937 1902 tantum
955 1862 993 1901 ne
1012 1844 1168 1903 libertatem
1189 1847 1219 1903 in
1233 1864 1281 1903 oc·

185 1944 331 2003 casionem
346 1940 419 1998 detis
433 1935 574 1999 carnis.”⁵

223 2046 273 2101 25.
289 2041 352 2099 Lex
366 2039 396 2098 N
398 2058 452 2098 ova
464 2048 572 2097 constat
581 2058 692 2099 morum
705 2040 820 2118 regulis,
831 2040 899 2098 fidei
913 2052 941 2097 et
953 2028 1192 2100 sacramentordm
1204 2061 1280 2118 prae·

184 2142 285 2217 ceptis.
327 2138 445 2197 Morum
471 2138 574 2216 regulo]
588 2139 730 2215 pleraque
753 2139 788 2196 ad
796 2140 845 2217 jus
865 2150 970 2199 naturae
984 2140 1151 2207 reseruntur,
1167 2153 1253 2217 prout
1266 2161 1281 2197 a

185 2240 294 2316 Moyse
308 2240 338 2297 in
351 2236 485 2316 decalogo
499 2238 553 2296 suit
565 2239 785 2315 promulgatum,
806 2249 834 2296 et
847 2260 863 2296 a
876 2238 994 2297 Christo
1008 2239 1136 2299 Domino
1150 2241 1281 2298 enuclea·

186 2340 241 2398 tius
255 2338 429 2415 expositum,
443 2339 586 2415 precipue
600 2338 631 2395 in
652 2356 783 2396 sermone
804 2356 889 2409 quern
904 2341 933 2396 in
946 2348 1042 2396 monte
1056 2339 1163 2397 habuit.
1198 2340 1282 2397 Man·

186 2437 251 2496 data
263 2436 400 2495 servanda
413 2436 535 2506 tradidit,
550 2446 581 2493 ut
594 2435 629 2493 ad
642 2438 728 2494 vitam
749 2436 841 2494 aditus
861 2447 983 2513 pateret:
1007 2446 1026 2472 ‘⁴
1036 2438 1070 2496 st
1083 2441 1126 2497 vis
1140 2438 1175 2494 ad
1192 2439 1281 2495 vitam

187 2537 307 2615 ingredi,
321 2553 403 2592 serva
415 2530 593 2594 mandata.''⁶
606 2535 798 2594 Dilectionem
812 2534 868 2594 Dei
882 2546 910 2593 et
922 2536 1056 2612 proximi,
1067 2546 1210 2608 tamquam
1224 2557 1282 2594 suae

186 2636 258 2715 legis
265 2635 366 2701 basim,
376 2636 486 2692 statuit:
503 2645 522 2671 ‘⁴
533 2635 643 2711 Diliges
652 2634 809 2694 Dominum
820 2634 916 2692 Deum
926 2645 1005 2691 tuum
1014 2652 1051 2692 ex
1065 2636 1215 2693 totocorde
1225 2646 1282 2702 tuo,

189 2736 322 2793 etintota
331 2734 425 2791 anima
434 2743 490 2802 tua,
499 2736 730 2792 etintotamentc
738 2744 794 2792 tua.
816 2732 882 2792 Hoc
892 2744 935 2790 est
944 2735 1112 2804 maximum,
1122 2747 1150 2792 et
1160 2737 1284 2810 primurn

190 2834 363 2892 mandatum.
383 2832 549 2893 Secundum
559 2843 653 2892 autern
660 2833 752 2892 simile
760 2843 803 2891 est
811 2834 893 2892 huic:
909 2832 1020 2910 Diliges
1029 2837 1196 2909 proximum
1205 2845 1285 2892 tuum

190 2934 265 2990 sicut
278 2927 451 3009 teipsum.’'⁷
492 2932 589 2993 “Hoc
603 2943 646 2991 est
658 2944 829 3011 preceptum
843 2950 950 2998 meum,
964 2944 995 2990 ut
1009 2932 1132 3010 diligatis
1147 2934 1283 3000 invicem,

190 3032 266 3090 sicut
278 3029 367 3088 dilexi
380 3021 482 3088 vos.”⁸
509 3032 688 3108 Quapropter
699 3032 853 3108 Apostolus
868 3032 923 3088 ait:
947 3033 1056 3090 “Alter
1071 3033 1183 3090 alterius
1197 3050 1287 3089 onera

184 3136 310 3207 portate,
324 3129 406 3185 etsie
420 3126 608 3205 adimplebitis
621 3130 713 3207 legem
729 3121 885 3187 Olrristi.'’⁹
925 3128 1069 3189 Credendi
1082 3132 1174 3206 legem
1189 3132 1288 3187 statuit

189 3224 340 3296 christus,
361 3226 474 3299 quando
487 3227 641 3305 Apostolos
662 3227 697 3284 ad
716 3227 877 3287 docendum
897 3231 994 3287 omnia
1006 3249 1067 3302 quae
1082 3231 1118 3287 iis
1137 3228 1287 3289 maudave-

192 3339 247 3397 rat,
261 3327 348 3395 misit,
361 3327 506 3386 sanctione
520 3326 630 3404 adjecta
643 3346 736 3403 poenoe
749 3338 872 3395 aeternae,
892 3328 927 3384 iis
948 3330 997 3401 qui
1009 3329 1201 3405 evangelicam
1216 3347 1288 3402 prae·

192 3426 363 3486 dicationem
386 3418 543 3504 rejicerent,
567 3427 741 3503 irroganda:
764 3429 842 3500 “qui
866 3445 934 3485 vero
957 3446 1015 3486 non
1038 3427 1197 3492 crediderit,
1219 3446 1287 3484 con-

193 3520 433 3584 demnabitur.”¹⁰
473 3527 655 3583 Sacramenta
674 3527 759 3584 etiarn
779 3527 833 3583 sub
853 3536 964 3584 aeternae
978 3527 1076 3584 mortis
1090 3545 1173 3601 poena
1186 3527 1288 3602 recipi-

194 3623 270 3685 enda
287 3625 390 3701 jussit:
413 3632 432 3659 ‘⁴
444 3625 547 3693 Amen,
565 3644 660 3694 amen,
684 3626 748 3684 dico
767 3627 826 3693 tibi,
847 3626 902 3682 nisi
921 3627 985 3697 quis
1008 3637 1121 3683 renatus
1142 3625 1229 3682 fuerit
1250 3644 1288 3682 ex

195 3724 429 3800 aqua‚ctSpiritu
439 3735 612 3793 sancto,non
621 3725 835 3802 potestintroire
846 3725 875 3782 in
885 3743 1005 3801 regnum
1013 3718 1131 3782 Dei.”¹l
1152 3733 1172 3759 ‘⁶
1182 3725 1287 3791 Amen,

246 3954 249 3959 -
286 3923 309 3990 ι)
328 3921 401 3974 Joau.
413 3924 428 3974 i.
441 3924 479 3975 17.
889 3927 929 3991 (2)
950 3924 1021 3974 Rom.
1034 3925 1066 3975 vi.
1079 3926 1118 3976 14.

297 4008 308 4072 )
328 4007 383 4058 Gal.
395 4024 418 4059 r.
431 4010 469 4058 ls.
864 4022 866 4026 ’
887 4010 929 4074 (4)
950 4011 960 4060 1
976 4008 1042 4058 Tim.
1052 4010 1067 4058 i.
1080 4012 1104 4058 9.

266 4093 308 4158 (5)
328 4093 382 4143 Gal.
392 4109 414 4142 v.
427 4094 467 4143 13.
884 4094 927 4159 (6)
947 4093 1006 4143 Mat.
1018 4093 1070 4144 xix.
1082 4097 1122 4143 17.

267 4178 309 4242 (7)
330 4177 391 4229 Mat.
402 4178 460 4229 xxii.
478 4181 520 4228 37.
887 4179 930 4244 (8)
944 4179 1017 4230 Joau.
1030 4194 1070 4229 xv.
1084 4182 1123 4228 12.

268 4262 309 4328 (9)
329 4262 384 4313 Gal.
396 4265 428 4313 vi.
440 4267 463 4312 2.
875 4265 934 4332 (10)
948 4262 1024 4315 Marc.
1037 4264 1086 4314 xvi.
1099 4265 1138 4313 16.

629 4350 680 4410 (11)
699 4348 773 4400 Joen.
785 4348 818 4400 iii.
831 4351 856 4400 5.
