<?xml version="1.0" encoding="UTF-8"?>
<!DOCTYPE html PUBLIC "-//W3C//DTD XHTML 1.0 Transitional//EN"
    "http://www.w3.org/TR/xhtml1/DTD/xhtml1-transitional.dtd">
<html xmlns="http://www.w3.org/1999/xhtml" xml:lang="en" lang="en">
 <head>
  <title>
</title>
<meta http-equiv="Content-Type" content="text/html;charset=utf-8" />
  <meta name='ocr-system' content='tesseract 3.04.00' />
  <meta name='ocr-capabilities' content='ocr_page ocr_carea ocr_par ocr_line ocrx_word'/>
</head>
<body>
  <div class='ocr_page' id='page_1' title='image "./theologiaemoral00kenrgoog_0423.png"; bbox 0 0 2744 4980; ppageno 0'>
   <div class='ocr_carea' id='block_1_1' title="bbox 555 1365 804 1425">
    <p class='ocr_par' dir='ltr' id='par_1_1' title="bbox 555 1365 804 1425">
     <span class='ocr_line' id='line_1_1' title="bbox 555 1365 804 1425; baseline -0.004 -2"><span class='ocrx_word' id='word_1_1' title='bbox 555 1365 699 1425; x_wconf 80' lang='lat' dir='ltr'><strong>CAPUT</strong></span> <span class='ocrx_word' id='word_1_2' title='bbox 720 1366 804 1424; x_wconf 90' lang='lat' dir='ltr'><strong>Vlll.</strong></span> 
     </span>
    </p>
   </div>
   <div class='ocr_carea' id='block_1_2' title="bbox 432 1614 939 1655">
    <p class='ocr_par' dir='ltr' id='par_1_2' title="bbox 432 1614 939 1655">
     <span class='ocr_line' id='line_1_2' title="bbox 432 1614 939 1655; baseline -0.002 -2"><span class='ocrx_word' id='word_1_3' title='bbox 432 1615 471 1653; x_wconf 78' lang='lat' dir='ltr'><strong>DE</strong></span> <span class='ocrx_word' id='word_1_4' title='bbox 492 1616 616 1655; x_wconf 60' lang='lat' dir='ltr'><strong>3¹1¹}chAE</strong></span> <span class='ocrx_word' id='word_1_5' title='bbox 638 1616 727 1654; x_wconf 69' lang='lat' dir='ltr'>ARTIS</span> <span class='ocrx_word' id='word_1_6' title='bbox 745 1614 939 1654; x_wconf 78' lang='lat' dir='ltr'><strong>CULTORIBUS.</strong></span> 
     </span>
    </p>
   </div>
   <div class='ocr_carea' id='block_1_3' title="bbox 133 1805 1300 4256">
    <p class='ocr_par' dir='ltr' id='par_1_3' title="bbox 133 1805 1300 3762">
     <span class='ocr_line' id='line_1_3' title="bbox 177 1805 1236 1887; baseline -0.005 -21"><span class='ocrx_word' id='word_1_7' title='bbox 177 1812 243 1866; x_wconf 86' lang='lat'>159.</span> <span class='ocrx_word' id='word_1_8' title='bbox 265 1808 441 1868; x_wconf 79' lang='lat' dir='ltr'><strong>Tuncnrnn</strong></span> <span class='ocrx_word' id='word_1_9' title='bbox 465 1814 637 1885; x_wconf 82' lang='lat' dir='ltr'>quicumque</span> <span class='ocrx_word' id='word_1_10' title='bbox 657 1810 789 1870; x_wconf 89' lang='lat' dir='ltr'><strong>medendi</strong></span> <span class='ocrx_word' id='word_1_11' title='bbox 810 1820 896 1868; x_wconf 90' lang='lat' dir='ltr'><strong>artem</strong></span> <span class='ocrx_word' id='word_1_12' title='bbox 917 1809 1095 1887; x_wconf 88' lang='lat' dir='ltr'><strong>profitentur,</strong></span> <span class='ocrx_word' id='word_1_13' title='bbox 1117 1807 1164 1864; x_wconf 88' lang='lat' dir='ltr'><strong>vel</strong></span> <span class='ocrx_word' id='word_1_14' title='bbox 1187 1805 1236 1862; x_wconf 86' lang='lat' dir='ltr'><strong>ali-</strong></span> 
     </span>
     <span class='ocr_line' id='line_1_4' title="bbox 134 1902 1300 1987; baseline -0.004 -22"><span class='ocrx_word' id='word_1_15' title='bbox 134 1926 219 1980; x_wconf 86' lang='lat' dir='ltr'>quam</span> <span class='ocrx_word' id='word_1_16' title='bbox 233 1907 368 1966; x_wconf 86' lang='lat' dir='ltr'><strong>adhibent</strong></span> <span class='ocrx_word' id='word_1_17' title='bbox 380 1929 496 1987; x_wconf 86' lang='lat' dir='ltr'>operam</span> <span class='ocrx_word' id='word_1_18' title='bbox 512 1913 546 1968; x_wconf 69' lang='lat' dir='ltr'><strong>‘in</strong></span> <span class='ocrx_word' id='word_1_19' title='bbox 566 1911 699 1968; x_wconf 79' lang='lat' dir='ltr'>remediis</span> <span class='ocrx_word' id='word_1_20' title='bbox 719 1908 861 1987; x_wconf 88' lang='lat' dir='ltr'><strong>parandis,</strong></span> <span class='ocrx_word' id='word_1_21' title='bbox 876 1911 920 1968; x_wconf 82' lang='lat' dir='ltr'><strong>uel</strong></span> <span class='ocrx_word' id='word_1_22' title='bbox 935 1911 963 1966; x_wconf 93' lang='lat' dir='ltr'><strong>in</strong></span> <span class='ocrx_word' id='word_1_23' title='bbox 980 1910 1108 1966; x_wconf 83' lang='lat' dir='ltr'><strong>sectione</strong></span> <span class='ocrx_word' id='word_1_24' title='bbox 1121 1905 1234 1963; x_wconf 89' lang='lat' dir='ltr'><strong>chirur·</strong></span> <span class='ocrx_word' id='word_1_25' title='bbox 1293 1902 1300 1913; x_wconf 89' lang='lat'>&#39;</span> 
     </span>
     <span class='ocr_line' id='line_1_5' title="bbox 133 2005 1234 2084; baseline -0.005 -21"><span class='ocrx_word' id='word_1_26' title='bbox 133 2008 207 2083; x_wconf 85' lang='lat' dir='ltr'><strong>gica,</strong></span> <span class='ocrx_word' id='word_1_27' title='bbox 222 2025 285 2063; x_wconf 86' lang='lat' dir='ltr'><strong>eam</strong></span> <span class='ocrx_word' id='word_1_28' title='bbox 306 2007 410 2066; x_wconf 83' lang='lat' dir='ltr'><strong>habere</strong></span> <span class='ocrx_word' id='word_1_29' title='bbox 433 2011 572 2077; x_wconf 75' lang='lat' dir='ltr'><strong>notitiam,</strong></span> <span class='ocrx_word' id='word_1_30' title='bbox 595 2030 653 2083; x_wconf 91' lang='lat' dir='ltr'><strong>qua</strong></span> <span class='ocrx_word' id='word_1_31' title='bbox 676 2009 787 2067; x_wconf 84' lang='lat' dir='ltr'><strong>valeant</strong></span> <span class='ocrx_word' id='word_1_32' title='bbox 808 2026 873 2066; x_wconf 88' lang='lat' dir='ltr'><strong>suas</strong></span> <span class='ocrx_word' id='word_1_33' title='bbox 887 2017 980 2084; x_wconf 90' lang='lat' dir='ltr'><strong>partes</strong></span> <span class='ocrx_word' id='word_1_34' title='bbox 1000 2006 1058 2065; x_wconf 79' lang='lat' dir='ltr'><strong>tunt</strong></span> <span class='ocrx_word' id='word_1_35' title='bbox 1079 2015 1108 2062; x_wconf 91' lang='lat' dir='ltr'><strong>et</strong></span> <span class='ocrx_word' id='word_1_36' title='bbox 1121 2005 1234 2076; x_wconf 84' lang='lat' dir='ltr'>absque</span> 
     </span>
     <span class='ocr_line' id='line_1_6' title="bbox 134 2101 1235 2184; baseline -0.004 -22"><span class='ocrx_word' id='word_1_37' title='bbox 134 2105 228 2163; x_wconf 90' lang='lat' dir='ltr'><strong>alieno</strong></span> <span class='ocrx_word' id='word_1_38' title='bbox 248 2107 374 2181; x_wconf 86' lang='lat' dir='ltr'><strong>periculo</strong></span> <span class='ocrx_word' id='word_1_39' title='bbox 391 2109 521 2184; x_wconf 89' lang='lat' dir='ltr'><strong>implere.</strong></span> <span class='ocrx_word' id='word_1_40' title='bbox 564 2107 678 2167; x_wconf 83' lang='lat' dir='ltr'>Debent</span> <span class='ocrx_word' id='word_1_41' title='bbox 699 2110 784 2167; x_wconf 89' lang='lat' dir='ltr'><strong>etiam</strong></span> <span class='ocrx_word' id='word_1_42' title='bbox 805 2107 993 2166; x_wconf 87' lang='lat' dir='ltr'><strong>necessariam</strong></span> <span class='ocrx_word' id='word_1_43' title='bbox 1016 2113 1151 2182; x_wconf 76' lang='lat' dir='ltr'><strong>prestare</strong></span> <span class='ocrx_word' id='word_1_44' title='bbox 1171 2101 1235 2159; x_wconf 89' lang='lat' dir='ltr'><strong>dili·</strong></span> 
     </span>
     <span class='ocr_line' id='line_1_7' title="bbox 134 2202 1233 2281; baseline -0.004 -20"><span class='ocrx_word' id='word_1_45' title='bbox 134 2206 258 2281; x_wconf 85' lang='lat' dir='ltr'><strong>gentiam</strong></span> <span class='ocrx_word' id='word_1_46' title='bbox 279 2206 309 2263; x_wconf 94' lang='lat' dir='ltr'><strong>in</strong></span> <span class='ocrx_word' id='word_1_47' title='bbox 332 2206 468 2265; x_wconf 78' lang='lat' dir='ltr'><strong>remediis</strong></span> <span class='ocrx_word' id='word_1_48' title='bbox 490 2207 667 2275; x_wconf 72' lang='lat' dir='ltr'>adhibendis,</span> <span class='ocrx_word' id='word_1_49' title='bbox 690 2225 727 2265; x_wconf 90' lang='lat' dir='ltr'><strong>nc</strong></span> <span class='ocrx_word' id='word_1_50' title='bbox 748 2225 840 2266; x_wconf 90' lang='lat' dir='ltr'><strong>errore</strong></span> <span class='ocrx_word' id='word_1_51' title='bbox 860 2205 1025 2278; x_wconf 86' lang='lat' dir='ltr'><strong>aliquo,ch</strong></span> <span class='ocrx_word' id='word_1_52' title='bbox 1044 2202 1233 2280; x_wconf 73' lang='lat' dir='ltr'><strong>negligentia,</strong></span> 
     </span>
     <span class='ocr_line' id='line_1_8' title="bbox 134 2299 1235 2364; baseline -0.003 -4"><span class='ocrx_word' id='word_1_53' title='bbox 134 2301 270 2361; x_wconf 88' lang='lat' dir='ltr'><strong>damnum</strong></span> <span class='ocrx_word' id='word_1_54' title='bbox 294 2303 373 2362; x_wconf 88' lang='lat' dir='ltr'><strong>alteri</strong></span> <span class='ocrx_word' id='word_1_55' title='bbox 394 2306 534 2364; x_wconf 83' lang='lat' dir='ltr'><strong>obveniat.</strong></span> <span class='ocrx_word' id='word_1_56' title='bbox 587 2304 726 2364; x_wconf 86' lang='lat' dir='ltr'><strong>Remedia</strong></span> <span class='ocrx_word' id='word_1_57' title='bbox 748 2306 848 2364; x_wconf 89' lang='lat' dir='ltr'><strong>tutiora</strong></span> <span class='ocrx_word' id='word_1_58' title='bbox 869 2315 898 2362; x_wconf 90' lang='lat' dir='ltr'><strong>et</strong></span> <span class='ocrx_word' id='word_1_59' title='bbox 922 2304 1042 2363; x_wconf 83' lang='lat' dir='ltr'><strong>certiora</strong></span> <span class='ocrx_word' id='word_1_60' title='bbox 1068 2299 1235 2361; x_wconf 87' lang='lat' dir='ltr'><strong>adhibenda</strong></span> 
     </span>
     <span class='ocr_line' id='line_1_9' title="bbox 134 2399 1234 2481; baseline 0 -25"><span class='ocrx_word' id='word_1_61' title='bbox 134 2413 210 2468; x_wconf 89' lang='lat' dir='ltr'><strong>sunt,</strong></span> <span class='ocrx_word' id='word_1_62' title='bbox 225 2419 313 2472; x_wconf 92' lang='lat' dir='ltr'><strong>quum</strong></span> <span class='ocrx_word' id='word_1_63' title='bbox 328 2421 445 2461; x_wconf 89' lang='lat' dir='ltr'><strong>munere</strong></span> <span class='ocrx_word' id='word_1_64' title='bbox 459 2423 522 2473; x_wconf 92' lang='lat' dir='ltr'><strong>suo,</strong></span> <span class='ocrx_word' id='word_1_65' title='bbox 537 2414 565 2461; x_wconf 94' lang='lat' dir='ltr'><strong>et</strong></span> <span class='ocrx_word' id='word_1_66' title='bbox 577 2407 668 2480; x_wconf 91' lang='lat' dir='ltr'><strong>pretio</strong></span> <span class='ocrx_word' id='word_1_67' title='bbox 686 2415 805 2481; x_wconf 89' lang='lat' dir='ltr'><strong>accepto</strong></span> <span class='ocrx_word' id='word_1_68' title='bbox 825 2404 985 2481; x_wconf 81' lang='lat' dir='ltr'><strong>obligentur</strong></span> <span class='ocrx_word' id='word_1_69' title='bbox 997 2401 1033 2459; x_wconf 86' lang='lat' dir='ltr'><strong>od</strong></span> <span class='ocrx_word' id='word_1_70' title='bbox 1053 2411 1162 2478; x_wconf 75' lang='lat' dir='ltr'><strong>egroto</strong></span> <span class='ocrx_word' id='word_1_71' title='bbox 1187 2399 1234 2456; x_wconf 82' lang='lat' dir='ltr'><strong>vel</strong></span> 
     </span>
     <span class='ocr_line' id='line_1_10' title="bbox 134 2497 1233 2579; baseline -0.001 -25"><span class='ocrx_word' id='word_1_72' title='bbox 134 2497 237 2555; x_wconf 85' lang='lat' dir='ltr'><strong>afflicto</strong></span> <span class='ocrx_word' id='word_1_73' title='bbox 251 2500 459 2558; x_wconf 88' lang='lat' dir='ltr'><strong>consulendum</strong></span> <span class='ocrx_word' id='word_1_74' title='bbox 474 2520 530 2574; x_wconf 86' lang='lat' dir='ltr'><strong>qua</strong></span> <span class='ocrx_word' id='word_1_75' title='bbox 543 2503 654 2560; x_wconf 88' lang='lat' dir='ltr'><strong>meliori</strong></span> <span class='ocrx_word' id='word_1_76' title='bbox 668 2505 811 2579; x_wconf 91' lang='lat' dir='ltr'><strong>potuerint</strong></span> <span class='ocrx_word' id='word_1_77' title='bbox 824 2503 941 2560; x_wconf 88' lang='lat' dir='ltr'><strong>ratione.</strong></span> <span class='ocrx_word' id='word_1_78' title='bbox 983 2499 1069 2567; x_wconf 85' lang='lat' dir='ltr'><strong>Quod</strong></span> <span class='ocrx_word' id='word_1_79' title='bbox 1082 2501 1108 2557; x_wconf 91' lang='lat' dir='ltr'><strong>si</strong></span> <span class='ocrx_word' id='word_1_80' title='bbox 1122 2501 1233 2557; x_wconf 87' lang='lat' dir='ltr'><strong>incerta</strong></span> 
     </span>
     <span class='ocr_line' id='line_1_11' title="bbox 134 2598 1232 2677; baseline -0.001 -24"><span class='ocrx_word' id='word_1_81' title='bbox 134 2598 217 2654; x_wconf 89' lang='lat' dir='ltr'><strong>certis</strong></span> <span class='ocrx_word' id='word_1_82' title='bbox 231 2611 408 2673; x_wconf 70' lang='lat' dir='ltr'><strong>praeponant,</strong></span> <span class='ocrx_word' id='word_1_83' title='bbox 423 2601 580 2676; x_wconf 91' lang='lat' dir='ltr'><strong>periculum</strong></span> <span class='ocrx_word' id='word_1_84' title='bbox 595 2601 680 2657; x_wconf 90' lang='lat' dir='ltr'><strong>veluti</strong></span> <span class='ocrx_word' id='word_1_85' title='bbox 694 2601 803 2668; x_wconf 79' lang='lat' dir='ltr'><strong>facturi,</strong></span> <span class='ocrx_word' id='word_1_86' title='bbox 815 2613 934 2677; x_wconf 83' lang='lat' dir='ltr'><strong>peccant</strong></span> <span class='ocrx_word' id='word_1_87' title='bbox 946 2599 1124 2675; x_wconf 83' lang='lat' dir='ltr'><strong>gravissime,</strong></span> <span class='ocrx_word' id='word_1_88' title='bbox 1139 2615 1232 2669; x_wconf 90' lang='lat' dir='ltr'><strong>quum</strong></span> 
     </span>
     <span class='ocr_line' id='line_1_12' title="bbox 135 2695 1231 2775; baseline 0 -22"><span class='ocrx_word' id='word_1_89' title='bbox 135 2699 298 2771; x_wconf 82' lang='lat' dir='ltr'><strong>proximum</strong></span> <span class='ocrx_word' id='word_1_90' title='bbox 312 2696 471 2757; x_wconf 85' lang='lat' dir='ltr'><strong>discrimini</strong></span> <span class='ocrx_word' id='word_1_91' title='bbox 486 2710 591 2757; x_wconf 90' lang='lat' dir='ltr'><strong>temere</strong></span> <span class='ocrx_word' id='word_1_92' title='bbox 601 2700 744 2775; x_wconf 89' lang='lat' dir='ltr'><strong>objiciant.</strong></span> <span class='ocrx_word' id='word_1_93' title='bbox 788 2700 853 2758; x_wconf 90' lang='lat' dir='ltr'><strong>Nec</strong></span> <span class='ocrx_word' id='word_1_94' title='bbox 860 2709 1031 2757; x_wconf 80' lang='lat' dir='ltr'><strong>excusantur</strong></span> <span class='ocrx_word' id='word_1_95' title='bbox 1039 2697 1108 2756; x_wconf 87' lang='lat' dir='ltr'><strong>licet</strong></span> <span class='ocrx_word' id='word_1_96' title='bbox 1117 2695 1152 2752; x_wconf 90' lang='lat' dir='ltr'><strong>de</strong></span> <span class='ocrx_word' id='word_1_97' title='bbox 1161 2715 1231 2771; x_wconf 87' lang='lat' dir='ltr'><strong>pan-</strong></span> 
     </span>
     <span class='ocr_line' id='line_1_13' title="bbox 134 2794 1233 2874; baseline 0 -24"><span class='ocrx_word' id='word_1_98' title='bbox 134 2796 249 2869; x_wconf 93' lang='lat' dir='ltr'><strong>peribus</strong></span> <span class='ocrx_word' id='word_1_99' title='bbox 263 2805 368 2871; x_wconf 88' lang='lat' dir='ltr'><strong>agatur,</strong></span> <span class='ocrx_word' id='word_1_100' title='bbox 391 2799 494 2871; x_wconf 91' lang='lat' dir='ltr'><strong>quibus</strong></span> <span class='ocrx_word' id='word_1_101' title='bbox 515 2817 595 2856; x_wconf 86' lang='lat' dir='ltr'><strong>suam</strong></span> <span class='ocrx_word' id='word_1_102' title='bbox 609 2817 724 2874; x_wconf 89' lang='lat' dir='ltr'><strong>operam</strong></span> <span class='ocrx_word' id='word_1_103' title='bbox 738 2797 805 2855; x_wconf 89' lang='lat' dir='ltr'><strong>dant</strong></span> <span class='ocrx_word' id='word_1_104' title='bbox 817 2799 915 2874; x_wconf 87' lang='lat' dir='ltr'><strong>gratis,</strong></span> <span class='ocrx_word' id='word_1_105' title='bbox 938 2808 1078 2855; x_wconf 92' lang='lat' dir='ltr'><strong>eteorum</strong></span> <span class='ocrx_word' id='word_1_106' title='bbox 1101 2794 1233 2872; x_wconf 91' lang='lat' dir='ltr'><strong>periculo</strong></span> 
     </span>
     <span class='ocr_line' id='line_1_14' title="bbox 134 2893 1230 2972; baseline 0.001 -24"><span class='ocrx_word' id='word_1_107' title='bbox 134 2893 221 2950; x_wconf 83' lang='lat' dir='ltr'><strong>uelint</strong></span> <span class='ocrx_word' id='word_1_108' title='bbox 243 2894 305 2951; x_wconf 88' lang='lat' dir='ltr'><strong>aliis</strong></span> <span class='ocrx_word' id='word_1_109' title='bbox 327 2898 493 2962; x_wconf 81' lang='lat' dir='ltr'><strong>consulere3</strong></span> <span class='ocrx_word' id='word_1_110' title='bbox 515 2915 568 2954; x_wconf 94' lang='lat' dir='ltr'><strong>nec</strong></span> <span class='ocrx_word' id='word_1_111' title='bbox 590 2898 668 2955; x_wconf 91' lang='lat' dir='ltr'><strong>enim</strong></span> <span class='ocrx_word' id='word_1_112' title='bbox 691 2897 816 2955; x_wconf 87' lang='lat' dir='ltr'><strong>hominis</strong></span> <span class='ocrx_word' id='word_1_113' title='bbox 837 2898 1044 2972; x_wconf 88' lang='lat' dir='ltr'><strong>cujuscumque</strong></span> <span class='ocrx_word' id='word_1_114' title='bbox 1068 2895 1126 2950; x_wconf 82' lang='lat' dir='ltr'><strong>vita</strong></span> <span class='ocrx_word' id='word_1_115' title='bbox 1148 2895 1230 2970; x_wconf 86' lang='lat' dir='ltr'><strong>parvi</strong></span> 
     </span>
     <span class='ocr_line' id='line_1_15' title="bbox 134 2990 1230 3072; baseline 0.002 -25"><span class='ocrx_word' id='word_1_116' title='bbox 134 2990 263 3049; x_wconf 83' lang='lat' dir='ltr'><strong>socienda</strong></span> <span class='ocrx_word' id='word_1_117' title='bbox 285 3003 337 3050; x_wconf 88' lang='lat' dir='ltr'><strong>est.</strong></span> <span class='ocrx_word' id='word_1_118' title='bbox 380 2996 413 3052; x_wconf 93' lang='lat' dir='ltr'><strong>ln</strong></span> <span class='ocrx_word' id='word_1_119' title='bbox 436 2998 519 3053; x_wconf 89' lang='lat' dir='ltr'><strong>rebus</strong></span> <span class='ocrx_word' id='word_1_120' title='bbox 539 3006 633 3053; x_wconf 89' lang='lat' dir='ltr'><strong>autem</strong></span> <span class='ocrx_word' id='word_1_121' title='bbox 655 2995 747 3054; x_wconf 91' lang='lat' dir='ltr'><strong>dubiis</strong></span> <span class='ocrx_word' id='word_1_122' title='bbox 766 2996 833 3052; x_wconf 89' lang='lat' dir='ltr'><strong>licet</strong></span> <span class='ocrx_word' id='word_1_123' title='bbox 846 2997 927 3072; x_wconf 91' lang='lat' dir='ltr'><strong>plura</strong></span> <span class='ocrx_word' id='word_1_124' title='bbox 940 3004 1056 3062; x_wconf 85' lang='lat' dir='ltr'><strong>tentare,</strong></span> <span class='ocrx_word' id='word_1_125' title='bbox 1071 2992 1230 3070; x_wconf 73' lang='lat' dir='ltr'><strong>presertim</strong></span> 
     </span>
     <span class='ocr_line' id='line_1_16' title="bbox 134 3091 1231 3171; baseline 0.002 -26"><span class='ocrx_word' id='word_1_126' title='bbox 134 3107 197 3160; x_wconf 85' lang='lat' dir='ltr'><strong>qure</strong></span> <span class='ocrx_word' id='word_1_127' title='bbox 211 3093 366 3167; x_wconf 89' lang='lat' dir='ltr'><strong>perniciem</strong></span> <span class='ocrx_word' id='word_1_128' title='bbox 382 3114 439 3152; x_wconf 90' lang='lat' dir='ltr'><strong>non</strong></span> <span class='ocrx_word' id='word_1_129' title='bbox 461 3105 582 3171; x_wconf 87' lang='lat' dir='ltr'><strong>possunt</strong></span> <span class='ocrx_word' id='word_1_130' title='bbox 598 3095 711 3162; x_wconf 83' lang='lat' dir='ltr'><strong>afferre,</strong></span> <span class='ocrx_word' id='word_1_131' title='bbox 725 3096 856 3167; x_wconf 89' lang='lat' dir='ltr'><strong>quamvis</strong></span> <span class='ocrx_word' id='word_1_132' title='bbox 876 3094 970 3152; x_wconf 79' lang='lat' dir='ltr'><strong>forsan</strong></span> <span class='ocrx_word' id='word_1_133' title='bbox 993 3113 1050 3151; x_wconf 94' lang='lat' dir='ltr'><strong>non</strong></span> <span class='ocrx_word' id='word_1_134' title='bbox 1064 3093 1121 3149; x_wconf 91' lang='lat' dir='ltr'><strong>sint</strong></span> <span class='ocrx_word' id='word_1_135' title='bbox 1134 3091 1231 3168; x_wconf 85' lang='lat' dir='ltr'><strong>prosu·</strong></span> 
     </span>
     <span class='ocr_line' id='line_1_17' title="bbox 136 3190 1230 3269; baseline 0.003 -26"><span class='ocrx_word' id='word_1_136' title='bbox 136 3197 207 3245; x_wconf 91' lang='lat' dir='ltr'><strong>tura.</strong></span> <span class='ocrx_word' id='word_1_137' title='bbox 250 3190 321 3256; x_wconf 78' lang='lat' dir='ltr'><strong>Qum</strong></span> <span class='ocrx_word' id='word_1_138' title='bbox 337 3194 494 3267; x_wconf 90' lang='lat' dir='ltr'><strong>periculum</strong></span> <span class='ocrx_word' id='word_1_139' title='bbox 508 3195 600 3269; x_wconf 83' lang='lat' dir='ltr'><strong>gravis</strong></span> <span class='ocrx_word' id='word_1_140' title='bbox 614 3193 774 3252; x_wconf 86' lang='lat' dir='ltr'><strong>detrimenti</strong></span> <span class='ocrx_word' id='word_1_141' title='bbox 788 3193 919 3260; x_wconf 81' lang='lat' dir='ltr'><strong>afferunt,</strong></span> <span class='ocrx_word' id='word_1_142' title='bbox 933 3201 1078 3265; x_wconf 91' lang='lat' dir='ltr'><strong>nequeunt</strong></span> <span class='ocrx_word' id='word_1_143' title='bbox 1088 3190 1230 3258; x_wconf 86' lang='lat' dir='ltr'><strong>adhiberi,</strong></span> 
     </span>
     <span class='ocr_line' id='line_1_18' title="bbox 136 3287 1231 3370; baseline 0.004 -28"><span class='ocrx_word' id='word_1_144' title='bbox 136 3287 191 3343; x_wconf 88' lang='lat' dir='ltr'><strong>nisi</strong></span> <span class='ocrx_word' id='word_1_145' title='bbox 215 3306 282 3363; x_wconf 91' lang='lat' dir='ltr'><strong>spes</strong></span> <span class='ocrx_word' id='word_1_146' title='bbox 306 3291 384 3348; x_wconf 87' lang='lat' dir='ltr'><strong>nulla</strong></span> <span class='ocrx_word' id='word_1_147' title='bbox 401 3293 528 3365; x_wconf 89' lang='lat' dir='ltr'><strong>alioquin</strong></span> <span class='ocrx_word' id='word_1_148' title='bbox 549 3292 691 3370; x_wconf 82' lang='lat' dir='ltr'><strong>affulgeat,</strong></span> <span class='ocrx_word' id='word_1_149' title='bbox 715 3312 767 3370; x_wconf 91' lang='lat' dir='ltr'><strong>spe</strong></span> <span class='ocrx_word' id='word_1_150' title='bbox 788 3293 882 3366; x_wconf 92' lang='lat' dir='ltr'><strong>aliqua</strong></span> <span class='ocrx_word' id='word_1_151' title='bbox 902 3290 966 3348; x_wconf 91' lang='lat' dir='ltr'><strong>inde</strong></span> <span class='ocrx_word' id='word_1_152' title='bbox 992 3299 1149 3366; x_wconf 87' lang='lat' dir='ltr'><strong>concepta:</strong></span> <span class='ocrx_word' id='word_1_153' title='bbox 1170 3309 1231 3346; x_wconf 91' lang='lat' dir='ltr'><strong>non</strong></span> 
     </span>
     <span class='ocr_line' id='line_1_19' title="bbox 135 3386 1230 3463; baseline 0.002 -22"><span class='ocrx_word' id='word_1_154' title='bbox 135 3386 211 3442; x_wconf 91' lang='lat' dir='ltr'><strong>enim</strong></span> <span class='ocrx_word' id='word_1_155' title='bbox 226 3386 293 3444; x_wconf 90' lang='lat' dir='ltr'><strong>licet</strong></span> <span class='ocrx_word' id='word_1_156' title='bbox 306 3387 340 3444; x_wconf 90' lang='lat' dir='ltr'><strong>ad</strong></span> <span class='ocrx_word' id='word_1_157' title='bbox 354 3393 454 3449; x_wconf 90' lang='lat' dir='ltr'><strong>morbo</strong></span> <span class='ocrx_word' id='word_1_158' title='bbox 468 3390 639 3449; x_wconf 86' lang='lat' dir='ltr'><strong>medendum</strong></span> <span class='ocrx_word' id='word_1_159' title='bbox 654 3391 682 3449; x_wconf 93' lang='lat' dir='ltr'><strong>id</strong></span> <span class='ocrx_word' id='word_1_160' title='bbox 696 3392 787 3449; x_wconf 84' lang='lat' dir='ltr'><strong>lacere</strong></span> <span class='ocrx_word' id='word_1_161' title='bbox 801 3390 877 3463; x_wconf 91' lang='lat' dir='ltr'><strong>quod</strong></span> <span class='ocrx_word' id='word_1_162' title='bbox 891 3390 1089 3448; x_wconf 81' lang='lat' dir='ltr'><strong>verosimiliter</strong></span> <span class='ocrx_word' id='word_1_163' title='bbox 1107 3400 1230 3446; x_wconf 86' lang='lat' dir='ltr'><strong>mortem</strong></span> 
     </span>
     <span class='ocr_line' id='line_1_20' title="bbox 136 3482 1231 3567; baseline 0.005 -28"><span class='ocrx_word' id='word_1_164' title='bbox 136 3482 264 3541; x_wconf 88' lang='lat' dir='ltr'><strong>induent:</strong></span> <span class='ocrx_word' id='word_1_165' title='bbox 280 3485 331 3542; x_wconf 90' lang='lat' dir='ltr'><strong>sed</strong></span> <span class='ocrx_word' id='word_1_166' title='bbox 342 3490 468 3563; x_wconf 89' lang='lat' dir='ltr'><strong>periculo</strong></span> <span class='ocrx_word' id='word_1_167' title='bbox 481 3492 650 3567; x_wconf 86' lang='lat' dir='ltr'><strong>gravissimo</strong></span> <span class='ocrx_word' id='word_1_168' title='bbox 664 3491 804 3564; x_wconf 86' lang='lat' dir='ltr'><strong>utrimque</strong></span> <span class='ocrx_word' id='word_1_169' title='bbox 818 3489 1013 3567; x_wconf 86' lang='lat' dir='ltr'><strong>impendente,</strong></span> <span class='ocrx_word' id='word_1_170' title='bbox 1027 3491 1143 3546; x_wconf 92' lang='lat' dir='ltr'><strong>unicum</strong></span> <span class='ocrx_word' id='word_1_171' title='bbox 1151 3488 1231 3560; x_wconf 91' lang='lat' dir='ltr'><strong>quod</strong></span> 
     </span>
     <span class='ocr_line' id='line_1_21' title="bbox 135 3585 1231 3665; baseline 0.005 -29"><span class='ocrx_word' id='word_1_172' title='bbox 135 3594 265 3656; x_wconf 90' lang='lat' dir='ltr'><strong>superest</strong></span> <span class='ocrx_word' id='word_1_173' title='bbox 277 3585 435 3644; x_wconf 90' lang='lat' dir='ltr'><strong>remedium</strong></span> <span class='ocrx_word' id='word_1_174' title='bbox 449 3589 514 3645; x_wconf 90' lang='lat' dir='ltr'><strong>licet</strong></span> <span class='ocrx_word' id='word_1_175' title='bbox 534 3598 649 3655; x_wconf 86' lang='lat' dir='ltr'><strong>tentare,</strong></span> <span class='ocrx_word' id='word_1_176' title='bbox 664 3589 764 3647; x_wconf 89' lang='lat' dir='ltr'><strong>saltem</strong></span> <span class='ocrx_word' id='word_1_177' title='bbox 778 3608 815 3646; x_wconf 83' lang='lat' dir='ltr'><strong>ex</strong></span> <span class='ocrx_word' id='word_1_178' title='bbox 838 3608 980 3648; x_wconf 91' lang='lat' dir='ltr'><strong>consensu</strong></span> <span class='ocrx_word' id='word_1_179' title='bbox 1001 3590 1108 3665; x_wconf 72' lang='lat' dir='ltr'><strong>egroti,</strong></span> <span class='ocrx_word' id='word_1_180' title='bbox 1124 3588 1172 3658; x_wconf 91' lang='lat' dir='ltr'><strong>qui</strong></span> <span class='ocrx_word' id='word_1_181' title='bbox 1193 3589 1231 3643; x_wconf 85' lang='lat' dir='ltr'><strong>ita</strong></span> 
     </span>
     <span class='ocr_line' id='line_1_22' title="bbox 135 3680 884 3762; baseline 0.012 -26"><span class='ocrx_word' id='word_1_182' title='bbox 135 3680 188 3737; x_wconf 91' lang='lat' dir='ltr'><strong>sibi</strong></span> <span class='ocrx_word' id='word_1_183' title='bbox 204 3682 314 3739; x_wconf 89' lang='lat' dir='ltr'><strong>consuli</strong></span> <span class='ocrx_word' id='word_1_184' title='bbox 329 3702 362 3740; x_wconf 86' lang='lat' dir='ltr'><strong>ea</strong></span> <span class='ocrx_word' id='word_1_185' title='bbox 376 3704 431 3757; x_wconf 90' lang='lat' dir='ltr'><strong>qua</strong></span> <span class='ocrx_word' id='word_1_186' title='bbox 444 3687 556 3744; x_wconf 87' lang='lat' dir='ltr'><strong>meliori</strong></span> <span class='ocrx_word' id='word_1_187' title='bbox 569 3688 660 3762; x_wconf 84' lang='lat' dir='ltr'><strong>possit</strong></span> <span class='ocrx_word' id='word_1_188' title='bbox 674 3689 782 3745; x_wconf 89' lang='lat' dir='ltr'><strong>mtione</strong></span> <span class='ocrx_word' id='word_1_189' title='bbox 795 3691 884 3747; x_wconf 82' lang='lat' dir='ltr'><strong>nouit.</strong></span> 
     </span>
    </p>

    <p class='ocr_par' dir='ltr' id='par_1_4' title="bbox 135 3781 1231 4256">
     <span class='ocr_line' id='line_1_23' title="bbox 177 3781 1231 3862; baseline 0.002 -27"><span class='ocrx_word' id='word_1_190' title='bbox 177 3783 244 3837; x_wconf 87' lang='grc'><strong>160.</strong></span> <span class='ocrx_word' id='word_1_191' title='bbox 268 3781 392 3840; x_wconf 87' lang='lat' dir='ltr'><strong>Peccant</strong></span> <span class='ocrx_word' id='word_1_192' title='bbox 404 3785 569 3860; x_wconf 85' lang='lat' dir='ltr'><strong>gravissime</strong></span> <span class='ocrx_word' id='word_1_193' title='bbox 584 3798 612 3844; x_wconf 91' lang='lat' dir='ltr'><strong>et</strong></span> <span class='ocrx_word' id='word_1_194' title='bbox 625 3785 771 3843; x_wconf 84' lang='lat' dir='ltr'><strong>addamne</strong></span> <span class='ocrx_word' id='word_1_195' title='bbox 784 3786 939 3862; x_wconf 86' lang='lat' dir='ltr'><strong>reparanda</strong></span> <span class='ocrx_word' id='word_1_196' title='bbox 954 3796 1092 3852; x_wconf 88' lang='lat' dir='ltr'><strong>tenentur,</strong></span> <span class='ocrx_word' id='word_1_197' title='bbox 1106 3787 1155 3858; x_wconf 92' lang='lat' dir='ltr'><strong>qui</strong></span> <span class='ocrx_word' id='word_1_198' title='bbox 1171 3804 1231 3843; x_wconf 89' lang='lat' dir='ltr'><strong>me.</strong></span> 
     </span>
     <span class='ocr_line' id='line_1_24' title="bbox 136 3876 1231 3960; baseline 0.005 -27"><span class='ocrx_word' id='word_1_199' title='bbox 136 3876 206 3935; x_wconf 74' lang='lat' dir='ltr'><strong>dicae</strong></span> <span class='ocrx_word' id='word_1_200' title='bbox 220 3880 286 3937; x_wconf 89' lang='lat' dir='ltr'><strong>artis</strong></span> <span class='ocrx_word' id='word_1_201' title='bbox 301 3881 389 3957; x_wconf 87' lang='lat' dir='ltr'><strong>ignari</strong></span> <span class='ocrx_word' id='word_1_202' title='bbox 403 3901 466 3941; x_wconf 89' lang='lat' dir='ltr'><strong>cam</strong></span> <span class='ocrx_word' id='word_1_203' title='bbox 480 3885 646 3960; x_wconf 88' lang='lat' dir='ltr'><strong>profitentur</strong></span> <span class='ocrx_word' id='word_1_204' title='bbox 659 3898 687 3944; x_wconf 94' lang='lat' dir='ltr'><strong>et</strong></span> <span class='ocrx_word' id='word_1_205' title='bbox 697 3898 849 3944; x_wconf 84' lang='lat' dir='ltr'><strong>exercent:</strong></span> <span class='ocrx_word' id='word_1_206' title='bbox 871 3887 998 3959; x_wconf 88' lang='lat' dir='ltr'><strong>fiuntque</strong></span> <span class='ocrx_word' id='word_1_207' title='bbox 1013 3884 1093 3942; x_wconf 80' lang='lat' dir='ltr'><strong>facile</strong></span> <span class='ocrx_word' id='word_1_208' title='bbox 1107 3884 1231 3948; x_wconf 87' lang='lat' dir='ltr'><strong>homici.</strong></span> 
     </span>
     <span class='ocr_line' id='line_1_25' title="bbox 135 3974 1230 4060; baseline 0.016 -28"><span class='ocrx_word' id='word_1_209' title='bbox 135 3974 175 4033; x_wconf 95' lang='lat' dir='ltr'><strong>dii</strong></span> <span class='ocrx_word' id='word_1_210' title='bbox 188 3980 239 4045; x_wconf 92' lang='lat' dir='ltr'><strong>rei,</strong></span> <span class='ocrx_word' id='word_1_211' title='bbox 255 3989 360 4038; x_wconf 89' lang='lat' dir='ltr'><strong>temere</strong></span> <span class='ocrx_word' id='word_1_212' title='bbox 380 3981 478 4040; x_wconf 84' lang='lat' dir='ltr'><strong>dantes</strong></span> <span class='ocrx_word' id='word_1_213' title='bbox 500 4002 562 4055; x_wconf 85' lang='lat' dir='ltr'><strong>qure</strong></span> <span class='ocrx_word' id='word_1_214' title='bbox 585 3986 741 4060; x_wconf 88' lang='lat' dir='ltr'><strong>perniciem</strong></span> <span class='ocrx_word' id='word_1_215' title='bbox 763 3996 940 4058; x_wconf 91' lang='lat' dir='ltr'><strong>mortemque</strong></span> <span class='ocrx_word' id='word_1_216' title='bbox 961 3986 1088 4043; x_wconf 82' lang='lat' dir='ltr'><strong>afferant.</strong></span> <span class='ocrx_word' id='word_1_217' title='bbox 1130 3984 1230 4049; x_wconf 86' lang='lat' dir='ltr'><strong>Quum</strong></span> 
     </span>
     <span class='ocr_line' id='line_1_26' title="bbox 136 4080 1230 4161; baseline 0.014 -30"><span class='ocrx_word' id='word_1_218' title='bbox 136 4084 229 4134; x_wconf 85' lang='lat' dir='ltr'><strong>nutem</strong></span> <span class='ocrx_word' id='word_1_219' title='bbox 256 4080 313 4135; x_wconf 86' lang='lat' dir='ltr'><strong>vita</strong></span> <span class='ocrx_word' id='word_1_220' title='bbox 333 4080 411 4137; x_wconf 90' lang='lat' dir='ltr'><strong>reddi</strong></span> <span class='ocrx_word' id='word_1_221' title='bbox 430 4092 561 4154; x_wconf 83' lang='lat' dir='ltr'><strong>nequeat,</strong></span> <span class='ocrx_word' id='word_1_222' title='bbox 582 4081 693 4148; x_wconf 88' lang='lat' dir='ltr'><strong>debent,</strong></span> <span class='ocrx_word' id='word_1_223' title='bbox 715 4093 855 4155; x_wconf 87' lang='lat' dir='ltr'><strong>quatenus</strong></span> <span class='ocrx_word' id='word_1_224' title='bbox 876 4095 1005 4161; x_wconf 88' lang='lat' dir='ltr'><strong>possunt,</strong></span> <span class='ocrx_word' id='word_1_225' title='bbox 1026 4085 1230 4160; x_wconf 87' lang='lat' dir='ltr'><strong>superstitibus</strong></span> 
     </span>
     <span class='ocr_line' id='line_1_27' title="bbox 135 4170 1229 4256; baseline 0.019 -29"><span class='ocrx_word' id='word_1_226' title='bbox 135 4170 171 4229; x_wconf 83' lang='lat' dir='ltr'><strong>de</strong></span> <span class='ocrx_word' id='word_1_227' title='bbox 185 4173 288 4234; x_wconf 89' lang='lat' dir='ltr'><strong>damno</strong></span> <span class='ocrx_word' id='word_1_228' title='bbox 303 4179 378 4249; x_wconf 88' lang='lat' dir='ltr'><strong>quod</strong></span> <span class='ocrx_word' id='word_1_229' title='bbox 392 4199 429 4237; x_wconf 88' lang='lat' dir='ltr'><strong>ex</strong></span> <span class='ocrx_word' id='word_1_230' title='bbox 443 4191 533 4240; x_wconf 89' lang='lat' dir='ltr'><strong>morte</strong></span> <span class='ocrx_word' id='word_1_231' title='bbox 553 4183 630 4256; x_wconf 86' lang='lat' dir='ltr'><strong>passi</strong></span> <span class='ocrx_word' id='word_1_232' title='bbox 651 4193 726 4246; x_wconf 89' lang='lat' dir='ltr'><strong>sunt,</strong></span> <span class='ocrx_word' id='word_1_233' title='bbox 741 4184 913 4241; x_wconf 79' lang='lat' dir='ltr'><strong>satisfacere.</strong></span> <span class='ocrx_word' id='word_1_234' title='bbox 958 4185 1083 4243; x_wconf 88' lang='lat' dir='ltr'><strong>Peccant</strong></span> <span class='ocrx_word' id='word_1_235' title='bbox 1095 4185 1145 4256; x_wconf 90' lang='lat' dir='ltr'><strong>qui</strong></span> <span class='ocrx_word' id='word_1_236' title='bbox 1159 4187 1229 4247; x_wconf 89' lang='lat' dir='ltr'><strong>alio·</strong></span> 
     </span>
    </p>
   </div>
   <div class='ocr_carea' id='block_1_4' title="bbox 0 0 1378 4980">
    <p class='ocr_par' dir='ltr' id='par_1_5' title="bbox 0 0 1378 4980">
     <span class='ocr_line' id='line_1_28' title="bbox 0 0 1378 4980; baseline 0 0"><span class='ocrx_word' id='word_1_237' title='bbox 0 0 1378 4980; x_wconf 95' lang='lat' dir='ltr'><strong> </strong></span> 
     </span>
    </p>
   </div>
  </div>
 </body>
</html>
