2744 4980
275 423 332 485 DE
352 424 715 487 OBLIGATIONIBUS
736 427 1074 490 RELIGIOSORUM.
1164 434 1226 490 aab

123 599 209 647 extra
229 590 440 656 amntem,
463 590 638 650 contrahitur
658 594 929 664 excommunicatio,
952 603 1127 671 quapropter
1153 594 1224 652 “ait

125 685 224 746 Diana
243 705 282 747 ex
300 687 413 747 decreto
426 689 459 747 S.
474 688 512 747 C.
526 709 586 749 non
608 689 733 768 effugere
756 692 1082 773 excommunicationem
1104 709 1222 758 uxores,

127 802 194 860 quar
207 785 300 843 adhuc
312 805 378 845 cum
390 788 504 847 licentia
517 787 660 847 Ordinarii
678 791 813 849 intrarent
828 792 1031 850 monasterium
1044 809 1130 848 causa
1143 789 1222 849 adul·

130 885 205 950 terii,
227 884 273 943 val
291 883 481 945 dissensionis
502 905 569 945 cunr
589 882 705 945 viris.'’¹
752 889 818 947 Nec
831 890 935 948 valebit
954 890 1067 948 licentia
1088 905 1226 947 concessa

131 982 235 1058 puella
244 981 444 1044 addocendam
454 984 593 1044 moniales
604 997 700 1053 artem,
711 988 768 1045 nisi
779 989 856 1046 nulla
865 989 1036 1065 peritasitin
1044 988 1226 1053 monasterio,

132 1098 172 1140 ex
185 1079 297 1141 decreto
311 1082 344 1139 S.
360 1082 455 1161 cong.
472 1088 506 1142 ll
524 1085 621 1143 Martii
637 1087 724 1143 1586.

173 1183 224 1238 85.
245 1179 411 1240 “Medicus
424 1200 483 1242 uon
496 1192 590 1260 potest
601 1183 712 1260 ingredi
726 1185 781 1242 nisi
799 1203 836 1243 ex
848 1185 964 1244 licentia
976 1194 1113 1244 renovata
1124 1185 1155 1242 in
1167 1183 1225 1240 sin-

132 1278 209 1354 gulis
222 1279 418 1348 trimestribus,
432 1292 463 1340 ut
475 1299 512 1339 ex
526 1280 638 1340 decreto
651 1283 684 1339 S.
694 1281 790 1360 Cong.
805 1283 881 1342 edito
894 1284 940 1345 dia
953 1289 992 1343 27
1007 1285 1117 1351 Martii,
1135 1285 1223 1340 toas.

135 1376 261 1436 Necnon
275 1377 358 1436 debet
369 1381 503 1439 associari
515 1399 532 1438 a
555 1380 663 1438 duabus
682 1381 852 1439 monialibus
866 1383 1036 1441 senioribus.
1049 1423 1056 1439 .
1069 1423 1097 1440 ..
1131 1378 1227 1439 Medi·

132 1492 185 1532 cus
199 1475 265 1535 verb
285 1477 521 1536 extraordinarius
542 1479 641 1551 nequit
661 1478 770 1556 ingredi
791 1480 825 1537 ad
844 1481 955 1539 libitum
976 1480 1155 1546 monialium,
1175 1476 1228 1536 sed

132 1583 245 1633 tantum
258 1576 288 1633 iu
301 1575 411 1633 deiectu
424 1576 568 1644 ordinarii,
583 1577 628 1634 vel
641 1578 754 1649 quando
767 1597 833 1635 cum
847 1579 991 1637 ordinario
1004 1576 1168 1637 habendum
1183 1587 1227 1634 est

133 1672 299 1749 collegium.
328 1672 488 1752 Chirurgus
501 1686 597 1751 potest
608 1675 723 1746 quidem
737 1677 840 1734 intrare
854 1676 1182 1742 aduocandumvenum,
1197 1681 1228 1732 at

133 1772 221 1830 stiam
242 1771 468 1850 Pharmacopola
486 1773 522 1831 ad
542 1773 702 1832 docendum
717 1773 754 1853 (si
775 1793 847 1850 opus
869 1774 919 1856 sit)
941 1775 1086 1848 quomodo
1105 1772 1229 1832 medica·

134 1881 264 1930 mentum
278 1871 315 1928 sit
326 1871 493 1948 parandum.
535 1872 681 1940 Fautores,
703 1872 825 1940 Notarii,
843 1885 871 1932 et
882 1874 992 1932 simile
1012 1875 1097 1931 etiam
1116 1871 1228 1948 ingredi

135 1978 268 2044 possint,
287 1970 314 2027 si
332 1972 486 2028 necessitas
506 1979 614 2047 urgeat,
635 1981 702 2046 pnta
722 1971 957 2049 adjudicandum
978 1973 1013 2030 de
1033 1972 1114 2030 ruina
1135 1971 1228 2028 immi·

135 2077 234 2135 nante,
248 2067 283 2126 ad
295 2067 494 2127 inveniendam
513 2070 681 2147 scripturam
701 2072 889 2129 necessariam
911 2073 941 2129 iu
960 2071 1097 2136 archivio,
1111 2068 1146 2127 ad
1160 2068 1227 2126 faci·

135 2165 243 2224 endum
258 2175 456 2225 testamcutum
470 2168 581 2243 puclloe.
624 2168 674 2225 Sic
692 2170 776 2227 etiam
798 2169 908 2246 ingredi
927 2179 1048 2245 possunt
1060 2186 1097 2225 ex
1113 2167 1228 2226 licentia

136 2263 219 2332 fabri,
233 2264 383 2332 hortulani,
397 2264 586 2333 fabricatores,
597 2267 727 2343 putearii,
738 2278 891 2343 putatores,
901 2268 1057 2333 molitores,
1067 2275 1097 2323 et
1108 2265 1228 2329 similes,

137 2365 188 2435 qui
202 2372 288 2421 artem
307 2380 388 2423 suarn
409 2382 467 2422 non
487 2365 598 2440 possint
616 2374 696 2423 extra
715 2365 865 2424 commode
884 2384 1038 2424 exercere:
1061 2367 1129 2423 item
1141 2363 1229 2439 bajuli

135 2460 172 2519 ad
185 2461 310 2530 serenda,
325 2482 388 2536 qua
408 2481 425 2520 a
444 2464 614 2522 monialibus
637 2464 702 2521 serri
724 2483 780 2523 non
801 2457 969 2541 possunt.'’²
1008 2463 1137 2522 [uiantes
1157 2481 1228 2520 non·

138 2560 208 2619 dum
222 2560 280 2620 doli
293 2579 411 2637 capaces
425 2560 564 2620 introduci
578 2580 636 2621 non
656 2580 742 2637 posse
764 2565 868 2640 sepius
888 2563 1040 2621 declaravit
1053 2563 1085 2619 S.
1100 2560 1230 2637 Congre-

138 2661 225 2735 gatio.

80 2815 86 2835 ‚
178 2761 228 2816 86.
250 2756 483 2816 “confessarius
496 2757 563 2816 verd
577 2759 687 2835 ingredi
701 2769 795 2835 potest
807 2759 842 2815 ad
855 2757 1039 2817 ministranda
1051 2765 1228 2814 sacramenta

138 2857 323 2933 poeniteutisr,
345 2857 543 2924 Eucharistiae,
566 2869 595 2914 et
615 2867 750 2916 extremar
776 2858 917 2915 unctionis
943 2855 1061 2914 moniali
1084 2855 1229 2930 egrotanti

139 2974 203 3028 quar
216 2955 251 3012 ad
264 2955 472 3013 confessionale
485 2974 544 3015 non
558 2964 650 3032 potcst
666 2955 819 3013 accedere:
841 2965 870 3012 et
882 2974 939 3013 nou
952 2955 1046 3012 solum
1061 2955 1091 3011 in
1104 2951 1229 3029 periculo

140 3056 250 3121 mortis,
270 3053 322 3111 sed
341 3055 452 3127 quoties
475 3074 512 3114 ex
534 3055 700 3132 praescripto
721 3054 825 3131 regulae
845 3054 1025 3132 dispensatur
1044 3051 1227 3110 communio:

141 3153 209 3210 item
221 3152 333 3225 quoties
354 3153 403 3210 illa
423 3154 553 3212 monialis
574 3154 786 3212 communicare
808 3154 998 3211 consueverit.
1040 3152 1089 3209 Ex
1110 3149 1231 3206 declara·

141 3251 216 3308 tione
231 3251 263 3307 S.
279 3250 515 3327 Congregationis
529 3251 612 3310 debet
621 3251 823 3310 confessarius
837 3251 947 3328 ingredi
959 3249 1074 3308 indutus
1086 3247 1231 3323 superpel-

140 3349 226 3416 liceo,
240 3359 269 3407 et
280 3350 363 3416 stola,
377 3360 460 3422 atque
474 3351 516 3408 sic
529 3351 567 3408 ibi
587 3351 710 3415 morari;
731 3349 870 3420 debetque
890 3347 997 3426 egredi,
1016 3348 1086 3420 quin
1099 3344 1134 3402 ad
1147 3345 1231 3403 aliam

141 3449 305 3506 monasterii
318 3458 427 3524 partem
440 3467 472 3506 se
485 3449 612 3515 divertat,
633 3450 744 3507 etiamsi
764 3460 839 3504 esset
857 3449 891 3504 ad
912 3446 1080 3505 visitandam
1093 3444 1176 3502 aliam
1191 3443 1231 3501 in·

140 3545 263 3613 firmam,
276 3565 341 3618 qua
355 3556 447 3606 tamen
468 3566 526 3605 non
545 3547 672 3623 indigeat
690 3547 884 3604 sacramentis.
927 3544 1130 3603 confessarius
1143 3560 1232 3600 sacu-

141 3643 209 3702 laris
223 3646 325 3703 intrare
338 3645 422 3703 debet
433 3647 495 3704 sine
508 3647 598 3713 socio,
609 3656 642 3704 ut
654 3646 686 3703 S.
698 3645 891 3723 Congregatio
901 3643 1068 3710 declaravit;
1083 3641 1232 3718 Regularis

143 3742 212 3801 verb
225 3742 309 3801 debet
321 3745 423 3802 habere
436 3746 547 3804 socium
567 3746 689 3820 probra
711 3746 774 3803 vita
796 3755 825 3802 et
843 3755 958 3803 matura
979 3744 1078 3808 etatis,
1093 3759 1129 3798 cx
1150 3739 1235 3796 Bulla

141 3841 299 3900 Alexandri
312 3837 421 3901 vl1.”³
440 3843 595 3921 Subjungit
608 3842 744 3903 Giraldus
766 3853 785 3879 “
797 3845 834 3900 ita
846 3853 877 3901 ut
895 3859 1011 3916 semper
1023 3839 1181 3897 adinvicem
1194 3836 1235 3891 vi·

141 3939 203 3998 deri
217 3935 376 4017 possint.''⁴
416 3942 506 4001 Poena
518 3943 548 4001 in
562 3943 719 4021 Regulares
739 3941 915 4017 negligentes
929 3940 991 3997 brec
1003 3954 1115 3994 servare
1128 3943 1172 3990 est
1183 3950 1233 3991 ex·

177 4162 219 4224 (l)
233 4160 260 4207 S.
272 4160 424 4225 Alphotrsus,
436 4162 450 4210 Ι.
463 4161 503 4211 vii.
515 4164 573 4212 225.
743 4158 784 4222 (Q)
795 4157 894 4214 ibidem,
906 4173 931 4205 n.
942 4155 999 4203 226.

180 4249 220 4306 (3)
233 4245 334 4305 Ibidem,
345 4262 369 4296 n.
381 4249 439 4295 ast.
741 4246 781 4308 tl)
796 4243 861 4307 Exp.
873 4240 941 4291 Juris
951 4238 1039 4289 Pontis.
1053 4254 1076 4303 p.
1088 4235 1113 4284 ii
1128 4237 1199 4294 §clm
