2744 4980
221 415 278 469 us
505 405 562 466 ns
584 390 748 474 ouruuo'
763 398 1022 466 nuncnunc.

219 581 390 650 quapropter
403 581 536 631 constans
550 574 677 632 ecclesiae
692 571 818 629 doctrina
840 582 870 628 et
889 570 1000 628 traditio
1021 570 1135 647 agnovit
1157 569 1231 627 hanc
1248 588 1312 628 esse

217 691 307 750 penes
328 691 377 729 eos
400 682 578 747 potestatem.
621 673 752 744 AEquum
776 670 890 742 quidem
913 680 956 726 est
978 678 1006 726 et
1024 669 1228 735 necessarium,
1250 688 1311 745 per-

219 771 473 847 spectahomiuum
482 771 579 828 indole
588 772 699 835 vitiosa,
709 778 739 827 ut
748 769 846 826 mortis
857 788 941 845 prena
951 768 1121 840 quaudoque
1133 769 1272 844 irrogetur
1282 769 1317 826 ad

220 870 396 928 facinorosos
409 869 541 926 homines
556 868 740 935 coercendos,
751 868 810 940 qui,
823 878 897 925 tanta
906 885 990 943 poena
1003 866 1079 924 haud
1092 867 1271 934 imminente,
1286 868 1316 925 in

220 970 317 1026 omnia
330 968 437 1025 scelera
449 970 531 1041 proni
544 977 667 1034 ruerent,
682 976 710 1023 et
722 967 863 1024 societatis
877 966 1006 1024 ordinem
1021 976 1049 1023 et
1062 965 1240 1042 singulorum
1250 968 1317 1043 jura

220 1068 334 1142 penitus
348 1067 558 1123 subverterent:
581 1076 600 1103 “
611 1065 747 1125 Occidere
770 1065 979 1123 malefactorem
993 1064 1102 1122 licitum
1125 1062 1201 1130 est,”
1223 1065 1317 1136 inquit

221 1165 255 1223 S.
267 1164 408 1231 Thomas,
424 1173 443 1199 “
453 1164 481 1221 in
492 1178 627 1236 quantum
638 1165 781 1224 ordinatur
789 1164 824 1222 ad
832 1165 950 1222 salutem
960 1159 1317 1222 totiuscommunitatis.”¹

223 1262 367 1322 Caeterum
382 1264 475 1321 clerici
490 1275 635 1336 nequeunt
656 1275 776 1322 mortem
796 1266 853 1321 reis
871 1264 985 1330 inferre,
1000 1265 1084 1321 etiam
1106 1282 1144 1320 ex
1165 1264 1239 1337 legis
1254 1281 1318 1320 auc·

222 1363 340 1430 toritate,
356 1371 375 1398 ‘⁸
384 1364 451 1433 quia
467 1374 534 1420 suut
546 1365 628 1422 electi
642 1363 676 1421 ad
690 1364 782 1420 altaris
796 1364 995 1430 ministerium,
1010 1363 1041 1419 in
1059 1381 1116 1434 quo
1129 1371 1318 1437 repraesenta·

222 1470 267 1518 tur
279 1463 374 1536 passio
389 1459 498 1521 Christi
518 1464 620 1521 occisi:
642 1463 690 1535 qui
711 1482 776 1519 cum
795 1471 997 1537 percuteretur,
1018 1480 1076 1517 nou
1096 1462 1316 1537 repercutiebat,

222 1567 254 1616 ut
271 1559 380 1627 dicitur,
399 1565 411 1616 l
429 1561 492 1618 Pet.
507 1562 537 1618 ii.
580 1563 620 1619 Et
633 1562 698 1620 idco
719 1580 776 1619 non
797 1563 933 1637 competit
954 1571 985 1617 ut
1007 1560 1101 1617 clerici
1123 1561 1181 1617 sint
1200 1577 1317 1635 percus-

224 1676 314 1724 sores,
329 1668 376 1714 aut
386 1652 577 1717 occisores’'²

265 1760 333 1813 132.
355 1755 500 1814 Ceterum
525 1759 667 1814 severitati
692 1758 788 1832 legum
817 1757 921 1815 modus
944 1756 1094 1831 ponendus
1120 1765 1182 1823 est;
1204 1765 1318 1814 constat

225 1855 302 1911 enim
317 1854 440 1911 facinora
454 1856 604 1928 aliquando
618 1857 713 1930 augeri
727 1875 847 1913 numero
860 1866 888 1912 et
907 1856 1042 1931 gravitate
1056 1875 1093 1912 cx
1115 1857 1206 1912 nimio
1219 1856 1320 1931 legum

224 1955 329 2028 rigore,
345 1973 403 2025 quo
416 1956 523 2012 tollitur
543 1956 696 2012 criminum
718 1955 890 2012 discrimen:
912 1955 961 2026 qui
983 1955 1060 2011 enim
1075 1974 1191 2029 poenam
1213 1955 1321 2029 capitis

224 2052 281 2109 sibi
294 2053 445 2110 imminere
459 2054 538 2111 novit
557 2073 594 2111 ex
614 2053 719 2110 delicto
732 2054 845 2119 leviori,
861 2052 896 2110 ad
910 2054 1082 2129 gravissima
1096 2054 1236 2129 patranda
1250 2072 1323 2111 nou·

223 2168 372 2221 nunquam
386 2153 552 2228 impellitur,
567 2153 636 2210 dum
650 2152 756 2210 nullam
777 2162 874 2228 sperat
892 2153 1025 2210 salutem.
1069 2151 1216 2211 Homines
1231 2153 1321 2210 ctiam

224 2251 378 2326 suppliciis
392 2252 537 2309 intuendis
551 2253 657 2309 assueti
672 2254 702 2309 in
715 2252 792 2309 vitiis
806 2252 1009 2319 obdurescunt,
1025 2260 1054 2307 et
1065 2251 1139 2309 fiunt
1159 2253 1194 2310 ad
1210 2251 1326 2327 flagitia

225 2351 365 2408 immania
378 2352 531 2426 proclives.
573 2352 607 2408 Si
621 2353 720 2409 mortis
741 2370 826 2427 poena
842 2348 1011 2410 decernatur
1023 2353 1060 2408 ob
1081 2354 1190 2410 crimen
1205 2350 1319 2420 fictum,

226 2449 311 2519 quale
324 2460 369 2506 est
381 2451 474 2507 cultus
488 2451 580 2507 divini
598 2451 779 2516 exercitium,
793 2452 902 2508 occisio
922 2461 967 2507 est
980 2451 1095 2526 injusta,
1116 2463 1145 2508 et
1163 2449 1324 2508 homicidas

225 2545 350 2605 habendi
363 2559 431 2605 sunt
443 2568 545 2606 omnes
560 2551 608 2620 qui
622 2568 740 2625 operam
755 2559 890 2625 prestant
910 2551 984 2625 legis
1007 2551 1112 2621 iniquae
1126 2560 1155 2607 et
1168 2549 1325 2607 sententia

226 2648 401 2704 executioni.
443 2648 524 2706 Idem
539 2648 693 2706 dicendum
706 2650 732 2706 si
746 2651 782 2705 ob
796 2649 897 2724 culpas
911 2667 975 2721 quae
989 2650 1106 2724 gravius
1118 2668 1180 2707 non
1194 2649 1326 2705 inferunt

226 2744 364 2804 damnum
378 2748 508 2804 societati
521 2766 606 2822 poena
619 2748 668 2803 illa
681 2756 838 2814 statuatur;
859 2744 906 2804 vel
925 2749 951 2804 si
965 2747 1113 2804 tribunalis
1135 2747 1181 2803 vel
1195 2748 1325 2822 privato·

225 2863 291 2903 rum
305 2846 420 2902 arbitrio
433 2848 610 2917 relinquatur
625 2856 656 2903 ut
668 2865 746 2903 mors
760 2856 866 2902 temere
887 2847 1036 2921 irrogetur,
1051 2847 1131 2903 nulla
1144 2847 1204 2903 sere
1227 2846 1323 2903 forma

222 2943 326 3018 judicii
340 2939 476 3001 ιιιιινιιῑι.3
516 2946 551 3003 ln
563 2944 647 3003 bellis
661 2955 756 3002 autem
771 2945 842 3001 etin
862 2946 988 3002 motibus
1009 2946 1142 3002 civilibus
1157 2946 1323 3002 summaria

226 3040 365 3099 habentur
380 3042 500 3117 judicia.
543 3042 603 3099 Sed
622 3062 685 3114 quae
699 3043 846 3101 nonnullis
870 3045 899 3101 in
919 3043 991 3101 locis
1012 3043 1168 3116 aliquando
1182 3052 1324 3119 usurpata

225 3149 271 3197 est
283 3161 300 3197 a
312 3141 422 3198 civibus
436 3150 563 3216 potestas
576 3161 640 3199 reos
655 3161 707 3217 pro
722 3143 837 3200 arbitrio
848 3141 1000 3219 judicandi
1015 3153 1044 3200 et
1057 3141 1198 3218 puniendi
1213 3143 1323 3208 statim,

226 3240 313 3297 etiam
327 3259 412 3316 poeua
424 3242 536 3316 capitis,
551 3242 584 3296 ab
598 3243 677 3299 omni
686 3241 798 3319 justitia
810 3250 839 3297 et
859 3240 960 3300 ordine
975 3242 1090 3317 publico
1104 3241 1250 3309 abhorret,
1268 3249 1324 3297 est·

226 3357 283 3410 que
313 3341 438 3398 immane
459 3333 597 3398 lacinus.⁴
636 3342 722 3398 Vetat
747 3359 816 3398 sane
837 3342 1001 3399 constitutio
1021 3341 1207 3407 Americana,
1236 3346 1325 3416 prout

263 3528 305 3593 (l)
325 3529 604 3593 anquiriensis.
637 3531 723 3582 “civil
734 3531 826 3594 society
838 3531 884 3580 hus
901 3546 933 3580 ιιι
944 3529 1086 3580 undoubted
1103 3529 1169 3591 right
1180 3536 1206 3579 to
1223 3544 1268 3578 uss
1279 3527 1323 3577 ths

227 3629 312 3664 means
327 3616 441 3678 requisito
453 3615 489 3664 sor
508 3617 540 3665 its
557 3616 729 3680 preservation,
738 3617 785 3666 end
798 3616 840 3665 the
851 3615 1010 3679 punishment
1030 3615 1060 3664 ol
1068 3615 1165 3664 murder
1182 3613 1243 3663 with
1254 3611 1327 3663 death

226 3700 324 3751 socords
331 3700 390 3750 with
398 3700 576 3766 thejudgment
582 3701 629 3750 end
638 3701 780 3770 practicefloi
787 3699 930 3750 mankind?
949 3700 1037 3750 Kent’s
1045 3700 1141 3750 Comm
1149 3700 1205 3749 Vol.
1214 3699 1239 3749 ii.
1249 3714 1274 3748 ιι.
1287 3697 1326 3746 ts

263 3785 302 3849 (2)
320 3785 347 3835 S.
358 3785 478 3844 Thomas,
488 3789 512 3833 2.
524 3789 547 3833 2.
559 3801 600 3848 qu.
613 3786 670 3834 lxiv.
684 3793 729 3835 nrt.
742 3785 774 3835 ir.
809 3784 884 3850 Resp.

263 3870 306 3935 (8)
325 3865 538 3918 “thneverthe
549 3868 707 3917 constitution
719 3867 767 3917 oss
778 3873 842 3916 state
852 3873 917 3915 rests
926 3867 951 3915 in
964 3882 1012 3930 sny
1025 3882 1092 3925 man,
1104 3882 1131 3915 or
1143 3865 1208 3928 body
1220 3864 1249 3913 oi
1257 3878 1328 3920 men,

227 3969 243 4002 s
253 3969 335 4018 power
345 3953 374 4003 os
386 3953 525 4016 destroying
542 3960 567 4002 st
584 3953 700 4015 plausum,
717 3951 823 4000 without
840 3951 881 3999 the
894 3951 1011 4000 direction
1028 3951 1057 3999 os
1072 3950 1139 4008 laws,
1156 3949 1197 3998 the
1216 3949 1278 3997 lives
1295 3962 1324 3995 cr

229 4039 349 4087 members
361 4038 389 4086 of
397 4037 438 4087 the
449 4038 548 4102 subject,
560 4036 621 4085 such
632 4035 790 4085 mustitntion
808 4035 829 4084 is
847 4035 873 4084 in
887 4034 932 4083 the
948 4033 1047 4095 highest
1063 4034 1150 4095 degree
1168 4031 1305 4096 tyrannicsl
1320 4047 1328 4088 ς

229 4121 277 4171 sud
286 4121 415 4171 whcnevsr
427 4138 476 4185 sny
488 4119 550 4172 lawe
566 4121 641 4170 direct
648 4119 709 4170 such
718 4119 869 4169 destruction
880 4120 917 4168 sor
928 4118 991 4180 light
1003 4117 1051 4168 snd
1069 4118 1148 4168 trivial
1159 4132 1254 4175 cemes,
1264 4113 1328 4166 such

228 4203 290 4254 tm
298 4220 338 4253 erc
349 4205 457 4254 likewiso
468 4203 625 4268 tyrannicsl.'‘
660 4203 816 4262 Blsckstons,
827 4205 845 4254 l.
856 4204 872 4253 i.
881 4219 907 4253 n.
921 4202 976 4252 134.

263 4286 303 4351 ts)
316 4294 331 4317 ‘⁸
339 4285 396 4335 The
406 4303 520 4337 common
532 4288 579 4337 lsw
590 4287 648 4338 does
659 4301 732 4336 never
744 4286 820 4337 inflict
828 4302 877 4352 any
888 4282 1050 4352 punishment
1060 4284 1194 4346 extending
1206 4291 1232 4334 to
1244 4281 1286 4333 lise
1296 4296 1325 4333 or
