2744 4980
233 425 290 485 DE
311 424 464 484 LEGUM
485 421 682 486 01v1L1UM
703 426 1006 489 OBLIGATIONE.
1106 436 1165 492 27³

68 589 236 650 distinctio'
230 602 301 650 mter
313 590 406 650 mala'
400 609 429 648 ιι
441 608 475 650 se
486 601 516 653 et
535 593 610 651 mala
628 593 769 670 prohibita
784 597 846 672 jam
864 597 1000 672 rejicitur,
1013 597 1166 668 omniaque

67 686 135 766 lege
150 691 235 748 vetita
247 690 351 767 pariter
364 690 461 748 illicita
477 688 639 750 habentur.¹

107 793 159 846 20.
181 789 302 856 Quoties
322 789 371 846 lex
389 788 428 846 ita
450 791 555 863 aliquid
575 788 705 866 prohibet
722 802 754 849 ut
772 791 820 851 det
837 796 986 870 optionem
1005 795 1051 852 vel
1070 794 1165 870 legem

67 887 202 947 servandi
224 888 270 946 vel
291 887 425 945 mulctam
444 888 584 954 solvendi,
604 887 683 950 mila
700 889 855 950 admittitur
873 893 993 970 culpa
969 911 995 950 ιι
1017 895 1081 965 quia
1095 911 1166 968 prse-

68 988 209 1062 scriptum
236 986 368 1062 negligat,
401 987 577 1059 multamque
609 989 719 1046 solvat:
757 989 809 1048 sed
840 991 1007 1067 plemmque
1033 991 1081 1049 lex
1105 1009 1167 1049 rem

67 1083 196 1143 districte
222 1082 362 1163 probibet,
392 1104 477 1161 poena
504 1088 639 1145 intentata
665 1105 702 1146 ne
732 1091 797 1160 quia
826 1107 890 1148 eam
923 1090 1024 1149 audeat
1049 1089 1163 1147 violare.

68 1183 117 1240 De
142 1183 253 1259 legibus
278 1184 433 1242 universim
460 1185 549 1243 nolim
576 1186 716 1245 affirmare
741 1205 790 1244 eas
778 1189 989 1289 obstringere
1014 1189 1163 1247 conscien-

67 1283 155 1347 tiam;
184 1281 235 1341 sed
257 1300 310 1340 nee
334 1282 421 1339 velim
447 1301 572 1341 asserere
597 1256 799 1343 conscientiam
826 1287 860 1343 iis
887 1295 994 1345 tanturn
1017 1285 1164 1361 adstringi,

67 1398 133 1452 quae
156 1383 207 1456 J'us
233 1389 337 1437 nature
363 1380 409 1436 vel
434 1379 562 1439 divinum
587 1383 740 1457 explicant
776 1383 853 1448 Quae
876 1385 955 1461 leges
979 1383 1106 1441 feruntur
1131 1383 1165 1441 ad

67 1479 196 1536 moribus
227 1476 433 1537 consulendum
460 1497 560 1537 ornnes
586 1478 715 1538 videntur
743 1480 840 1556 ligare,
859 1483 925 1559 jure
951 1482 1029 1539 enim
1055 1483 1165 1557 optimo

68 1578 249 1652 prospiciunt
268 1576 443 1651 legislatores
466 1595 578 1636 morum
597 1579 766 1654 integritati:
788 1581 837 1651 qui
849 1579 931 1638 facile
944 1574 1177 1656 corrumpuntull
1194 1594 1217 1635 ο

68 1675 264 1733 sanctionibus
278 1675 444 1750 hujusmodi
462 1679 639 1753 postpositis.
680 1676 753 1743 Quo
772 1678 856 1753 igitur
867 1678 915 1737 lex
929 1678 1031 1736 alicubi
1044 1688 1119 1735 vetat
1130 1694 1167 1735 ne

70 1774 223 1849 mancipiis
236 1773 317 1832 detur
330 1773 447 1832 t'acultas
466 1794 548 1834 auam
567 1775 680 1834 locandi
693 1793 819 1852 operam,
839 1787 934 1834 sancte
948 1774 1086 1832 servanda
1105 1785 1166 1842 est;

68 1868 136 1928 ideo
144 1873 223 1931 enim
233 1872 338 1930 estlata
349 1891 385 1930 ne
399 1875 435 1930 iis
448 1873 530 1933 detur
542 1873 609 1932 furti
621 1874 744 1941 occasio,
758 1884 790 1931 ut
802 1873 926 1935 dominis
937 1874 1088 1952 pecuniam
1102 1891 1166 1949 pro·

67 1971 190 2029 misaam
202 1971 321 2047 singulis
334 1973 479 2030 mensibus
487 1973 706 2049 persolvendam
716 1972 845 2040 habeant,
855 1975 913 2031 otio
923 1973 1018 2031 forsan
1028 1972 1166 2049 languen-

68 2080 124 2126 tes.
168 2069 248 2128 ldem
268 2069 422 2129 dicendum
441 2070 552 2128 videtur
571 2072 606 2128 de
620 2071 684 2148 lege
697 2080 809 2129 vetante
823 2089 859 2129 ne
872 2073 937 2144 quis
950 2052 1090 2143 liqut'tssm
1103 2070 1165 2128 lne-
1191 2082 1198 2087 ·

68 2168 211 2227 briantem
232 2168 334 2226 vendat
352 2170 459 2241 absque
481 2171 613 2228 licentia:
634 2169 664 2227 id
685 2170 763 2227 enim
783 2179 897 2228 cautum
917 2180 962 2226 est
980 2187 1017 2226 ne
1030 2185 1166 2244 caupone

68 2267 282 2326 numerosiores
308 2265 377 2324 liant
401 2285 467 2327 cunr
493 2287 605 2326 morum
631 2267 808 2325 detrimento.
851 2268 923 2334 Que
945 2267 1025 2343 leges
1045 2283 1167 2325 onerum

69 2366 251 2442 publieomm
276 2383 386 2438 tequam
412 2364 636 2425 distributionem
657 2374 790 2432 statuunt,
811 2364 956 2423 servandae
982 2367 1067 2424 etiam
1090 2374 1167 2429 sunt,

68 2465 178 2541 singuli
202 2464 279 2522 enim
304 2463 382 2520 cives
408 2463 512 2522 debent
539 2483 574 2522 ea
604 2483 656 2540 pro
684 2464 792 2523 viribus
816 2471 995 2523 sustentare:
1024 2462 1168 2524 “reddite

70 2562 174 2641 ergo,”
199 2563 291 2636 inquit
309 2563 477 2638 Apostolus,
499 2563 661 2622 “omnibus
684 2562 787 2631 debita,
801 2564 848 2621 cui
871 2565 1004 2620 tributum
1025 2563 1169 2627 tributum,

70 2664 118 2720 cui
141 2662 270 2738 vectigal,
290 2655 472 2738 uectigal:”²
496 2663 548 2721 sed
567 2681 656 2736 quum
676 2663 803 2722 enurtnia
827 2661 996 2738 plerumque
1019 2662 1169 2735 exigantur

69 2760 209 2827 subsidia,
227 2779 285 2819 non
300 2761 391 2820 audeo
412 2763 508 2820 dicere
527 2762 733 2820 conscientiam
751 2759 843 2836 ligari,
857 2760 928 2818 adeo
943 2768 976 2816 ut
989 2768 1109 2835 peccent
1121 2760 1171 2830 qni

70 2880 106 2918 ca
124 2861 236 2918 solvere
255 2861 397 2928 omittunt,
417 2871 465 2918 aut
484 2864 598 2919 evitant.
639 2858 783 2931 Equidem
803 2859 853 2931 qui
878 2859 997 2915 omnino
1016 2857 1172 2914 detrectant

72 2961 188 3035 publica
200 2960 294 3017 subire
308 2978 404 3027 onera,
418 2967 546 3036 peccant,
568 2976 657 3032 quum
676 2958 784 3016 civium
803 2957 913 3016 muneri
936 2956 1047 3015 desint:
1069 2963 1097 3011 et
1119 2955 1170 3028 qui

70 3059 203 3117 fraudant
214 3057 315 3117 fiscum
329 3078 395 3117 cum
409 3077 514 3135 magno
527 3059 572 3116 sni
584 3057 760 3124 discrimine,
781 3065 886 3113 umere
906 3064 1002 3132 agunt,
1017 3053 1094 3112 haud
1107 3055 1169 3111 sine

72 3158 175 3234 culpa:
196 3155 247 3213 aed
261 3160 310 3229 qui
323 3157 474 3230 aliquando
486 3158 565 3234 leges
586 3154 718 3223 evadunt,
732 3175 791 3213 non
813 3154 945 3213 videntur
965 3154 1076 3229 peceati
1092 3152 1188 3217 dama,-

71 3257 170 3324 nandi‚
184 3257 210 3313 si
223 3255 349 3328 alioquin
362 3274 414 3332 pro
428 3267 505 3332 parte
519 3257 593 3314 virili
607 3255 755 3313 conterant
768 3256 798 3312 iu
811 3253 975 3328 reipublice
984 3251 1168 3309 necessitates

72 3355 209 3414 subsidia.
251 3354 359 3412 Saltem
385 3355 422 3412 ad
447 3356 653 3414 restitutionem
679 3371 739 3411 non
764 3351 895 3408 videntur
919 3348 1051 3424 cogendi,
1078 3365 1169 3420 quum

72 3453 233 3531 respublica
246 3454 295 3510 vix
308 3454 362 3511 sibi
376 3471 441 3512 earn
452 3454 630 3530 polliceatur,
648 3449 814 3508 officialium
834 3447 987 3524 diligentie
1005 3456 1064 3506 tota
1076 3443 1168 3503 fidens

74 3553 108 3610 ad
123 3550 314 3628 colligendum
328 3553 439 3619 tributa,
453 3563 482 3608 et
494 3551 622 3610 mulctas.
649 3550 685 3608 ln
698 3549 840 3621 aliquibus
855 3546 1078 3623 Hispanicamm
1093 3545 1173 3603 iasu-

72 3652 164 3710 larum
178 3651 314 3726 portubus
328 3650 405 3708 fraus
419 3650 454 3708 de
471 3669 529 3723 qua
548 3651 664 3727 agimus
671 3648 741 3706 adeo
754 3647 911 3714 consuevit,
924 3655 957 3703 ut
969 3655 1109 3704 mercator
1122 3645 1173 3716 qui

73 3751 171 3808 omnia
183 3749 269 3807 solvit
280 3749 390 3816 tributa,
404 3750 453 3808 vix
466 3750 559 3827 possit
572 3747 677 3822 aliquid
690 3745 843 3807 mercando
861 3746 964 3805 lucrari
987 3745 1017 3803 in
1040 3745 1086 3800 sui
1107 3761 1173 3800 ιιι·

113 3955 155 4019 (ι)
175 3954 258 4005 “ras
269 3956 387 4020 penetus
400 3956 421 4005 ts
432 3971 491 4004 now
502 3955 597 4014 stum,
616 3955 671 4003 that
687 3953 728 4002 us
746 3932 864 4014 ιιιὸωη
882 3948 1031 4014 prohibition
1048 3947 1069 3996 n
1080 3946 1178 4009 squam

75 4038 225 4099 efficacioris,
244 4042 293 4092 aad
305 4042 347 4091 tha
358 4041 474 4104 illegality
487 4041 517 4088 ot
530 4038 711 4090 thebrcashof
724 4037 766 4091 the
782 4045 872 4086 statute
882 4035 925 4085 the
944 4047 1020 4090 sama,
1039 4028 1150 4079 whether
1166 4046 1182 4080 a

77 4122 149 4184 thing
160 4125 189 4172 ba
201 4125 337 4188 prohibited
350 4124 495 4187 absolutely,
506 4139 534 4173 or
545 4124 603 4188 only
623 4122 700 4173 under
712 4136 726 4170 a
743 4118 850 4184 penalty.
863 4151 885 4166 ..
897 4149 904 4163 .
915 4115 972 4165 'l'ba
988 4113 1129 4164 distinction
1141 4114 1181 4162 bs·

76 4214 157 4256 tarsen
169 4215 292 4272 atatntory
306 4207 420 4266 offences,
433 4208 514 4256 which
526 4222 566 4256 ara
577 4204 647 4256 mala
659 4202 790 4271 prohibita
800 4201 868 4264 only,
879 4215 906 4248 or
918 4197 987 4248 melo
998 4197 1025 4247 iu
1035 4213 1069 4256 ae,
1086 4198 1107 4246 ia
1123 4214 1182 4248 now

77 4290 215 4354 exploded,
232 4290 279 4340 aud
298 4307 313 4339 a
332 4291 421 4341 braach
440 4291 468 4338 of
481 4291 524 4339 the
540 4296 630 4338 statuta
640 4287 715 4346 latr,
709 4302 734 4336 ιι
746 4285 825 4335 either
843 4299 899 4334 casa
910 4283 932 4332 ia
942 4283 1038 4348 equally
1051 4283 1181 4334 udlatrtul·

81 4371 130 4422 and
141 4371 240 4436 equally
253 4372 366 4421 ahraach
378 4371 406 4421 ol
419 4370 505 4437 duty?
540 4366 737 4419 KantaComm
745 4365 810 4447 ιιι·
803 4381 857 4415 un
867 4362 926 4424 467,
937 4366 997 4414 468.

118 4460 159 4524 (7)
180 4457 253 4506 Rom.
267 4456 357 4507 atita
