2766 4996
63 206 83 227 ·’
231 226 272 291 u

105 362 108 367 ⁸
146 388 150 393 '
177 408 237 463 ors
349 402 407 464 us
427 396 787 500 ouu1urrroruuus
807 397 1104 484 cusurcounu.

180 568 363 639 doctrinaque
382 566 539 636 retinenda,
559 585 593 624 ac
611 564 698 623 simul
717 566 753 623 de
772 564 854 633 luxu,
866 561 1140 628 comessanomlrus,
1153 561 1264 629 chora

180 665 258 730 eleis,
267 665 384 734 lusibus,
394 685 426 722 ec
437 667 664 737 quibuscumque
677 663 852 731 domininus,
862 680 981 721 necnon
995 659 1182 719 moularibus
1190 679 1264 738 nego·

179 764 225 821 tiis
238 763 369 839 sugendis
382 763 499 840 copiose
508 783 541 822 uc
554 763 700 821 salubriter
707 762 817 820 sancita
829 762 954 829 fuerat,
971 758 1078 819 cadens
1089 761 1121 818 in
1131 771 1265 836 posterum
1291 800 1295 807 -

179 860 283 920 iisdem
297 863 392 938 poeuis
402 862 452 922 rel
464 863 621 940 majoribus
634 862 749 920 arbitrio
761 858 895 920 ordinarii
908 857 1109 937 imponendis,
1123 859 1264 917 observen-

180 955 273 1017 tur-”l

220 1064 270 1118 ³2.
291 1059 386 1126 Quam
400 1060 535 1121 dedeceat
546 1060 666 1120 clericos
680 1061 802 1119 evantius
812 1059 911 1118 vitium
924 1077 962 1118 ex
975 1057 1011 1117 iis
1025 1076 1093 1132 que
1107 1054 1146 1114 ds
1155 1056 1266 1134 negotia·

181 1160 260 1219 tione
271 1157 409 1226 diximus,
426 1161 559 1238 colligere
582 1159 658 1226 licet,
679 1177 746 1217 uam
768 1159 830 1216 hec
847 1159 990 1234 precipue
1008 1165 1123 1215 vetatur
1142 1175 1180 1215 m
1200 1156 1268 1213 lucro

74 1314 78 1321 ,
181 1257 273 1315 inhiet
285 1257 415 1326 clericus,
430 1258 507 1332 quod
520 1268 601 1334 turpe
615 1259 688 1316 soret
701 1256 846 1316 studiumt
861 1264 880 1291 “
890 1252 1267 1323 uelucrascculiiucluisti

180 1374 289 1428 quaerns
303 1355 436 1424 militia‚'’
458 1357 496 1414 ait
519 1349 747 1431 Hieronymus.¹
786 1355 854 1431 lpse
867 1353 1022 1430 Apostolus
1036 1352 1133 1412 voluit
1143 1352 1271 1411 diaoonoe

181 1453 250 1530 eligi
272 1462 292 1488 “
303 1472 362 1514 uon
383 1465 464 1531 turpe
483 1454 593 1513 lucrum
613 1448 804 1512 sectantea.”³
843 1451 910 1518 Quo
932 1452 997 1523 quis
1010 1452 1108 1528 megia
1122 1462 1220 1509 austris
1231 1460 1267 1508 cst

182 1551 378 1628 dignitatem
390 1553 482 1629 nagia
503 1551 628 1611 alienum
650 1569 714 1609 esse
733 1560 846 1627 oportet
867 1571 884 1609 a
903 1551 977 1627 oripi
990 1550 1041 1609 illa
1052 1549 1266 1627 cupidineque

182 1650 265 1710 radix
278 1661 323 1710 est
343 1651 493 1717 malorurn.
535 1649 605 1709 ldeo
626 1648 784 1708 carmdum
803 1666 840 1705 ne
860 1666 939 1706 sacra
957 1666 1079 1707 munera
1092 1660 1268 1708 exercentur

182 1751 326 1826 praecipue
339 1752 377 1808 ob
389 1749 589 1825 eleemosynas
603 1747 731 1809 fidelium
743 1764 806 1819 quc
819 1764 920 1804 eorum
932 1749 1088 1805 occasione
1098 1745 1217 1807 dautru:
1230 1745 1267 1802 rel

182 1848 569 1925 subtrahunturpauperibus.
591 1845 694 1904 Omnis
704 1845 917 1903 mercimoniiet
929 1845 1004 1922 pacti
1017 1846 1134 1921 species
1147 1843 1268 1903 evitanda

183 1955 236 2011 est,
251 1954 280 2001 et
301 1964 366 2018 que
388 1944 489 2004 dunmr
507 1945 718 2003 sustentationis
731 1941 857 2002 subsidia
870 1942 1036 2019 accipienda
1048 1953 1120 2002 suut
1131 1955 1165 2001 ut
1176 1961 1268 2003 consu·

182 2041 254 2098 lutur
266 2043 438 2108 necessitati,
452 2043 547 2117 potius
561 2060 646 2115 quarn
660 2042 696 2099 ad
709 2041 914 2099 coacervsndas
930 2040 1054 2100 divitias.
1099 2041 1148 2099 Ne
1161 2041 1268 2116 quidem

182 2140 337 2197 senectutis
362 2149 391 2196 et
417 2139 589 2199 infirmitatis
611 2158 697 2201 cause
722 2140 845 2215 pecunia
869 2149 913 2197 est
939 2140 1079 2198 solicitius
1107 2139 1267 2212 querenda3

183 2238 314 2310 quamvis
335 2239 413 2296 enim
432 2237 516 2295 liceat
535 2236 680 2296 modicum
703 2236 771 2310 qnid
792 2239 849 2299 sibi
874 2254 995 2305 servare,
1019 2239 1068 2297 ubi
1090 2238 1147 2296 ulia
1168 2239 1268 2297 ratione

183 2346 291 2394 certum
305 2354 363 2394 uon
376 2334 671 2402 hebetursubsidium‚
684 2336 772 2394 nimia
785 2336 832 2393 illa
844 2334 994 2395 solicitudo
1007 2338 1137 2394 unimuru
1149 2336 1270 2394 distrahit

185 2451 202 2486 a
215 2433 326 2505 pietatis
340 2433 444 2500 studio,
456 2443 487 2491 et
498 2451 609 2508 magne
622 2433 776 2491 offensioni
788 2444 833 2492 ost
844 2433 1146 2505 fidelibuseeOmnluo
1158 2435 1268 2492 dedecet

181 2527 343 2584 sacerdotes
356 2530 506 2602 pecuniam
520 2546 623 2602 augere
637 2541 735 2586 rnutuo
748 2531 924 2605 prestando:
946 2532 1087 2606 quidquid
1100 2535 1178 2592 enim
1191 2535 1226 2591 sit
1236 2531 1267 2588 de

182 2625 314 2692 auctario,
334 2634 427 2683 utrum
448 2626 534 2683 liceat
561 2642 662 2692 necue,
689 2625 804 2699 dequo
831 2631 861 2688 in
888 2639 1002 2691 tractatu
1029 2630 1065 2688 de
1086 2632 1268 2690 contractibus

183 2741 311 2801 agemus,
331 2743 348 2782 u
369 2742 513 2785 sacrorum
532 2724 725 2783 ministrorum
748 2726 874 2784 instituto
895 2728 1018 2786 alienum
1041 2739 1097 2797 est,
1111 2742 1142 2787 ct
1154 2730 1269 2806 negotia·

183 2823 268 2880 tionis
281 2825 408 2898 speciem
421 2824 575 2900 praesefert.
617 2832 636 2857 ‘⁶
649 2821 716 2881 Huc
723 2824 797 2881 reser
810 2835 949 2896 questum
963 2829 1128 2887 usurarium
1139 2828 1170 2884 :”
1185 2827 1269 2899 iuquit

185 2920 374 2993 Zallingerus‚
383 2921 419 2979 de
433 2923 468 2980 iis
481 2923 602 2995 loquens
615 2923 749 2998 operibus
764 2931 783 2958 ‘⁶
793 2939 855 2994 quie
869 2942 958 2999 perse
969 2925 1270 2985 abhorreutubhoncs·

182 3024 236 3072 tute
250 3014 419 3075 clericuli.’'⁴

388 3217 472 3292 §VL
514 3215 562 3277 Ds
583 3235 838 3278 ounrerrrorrruus
858 3237 1076 3280 srrscorounrr.

223 3387 272 3440 33.
294 3383 437 3461 Episcopi
451 3392 581 3441 tenentur
589 3382 622 3440 ad
633 3381 728 3441 omnia
738 3384 836 3441 munia
848 3384 979 3444 obeunda
991 3405 1054 3459 quoe
1069 3385 1105 3443 ad
1119 3387 1270 3445 animarum

183 3480 310 3553 regimen
330 3494 359 3538 et
379 3483 498 3539 salntem
516 3492 653 3557 spectant.
696 3481 758 3541 Eos
782 3481 933 3555 alloquitur
947 3484 1075 3542 Paulus:
1099 3483 1270 3542 “Attendite

182 3574 264 3629 vobis
278 3584 307 3630 et
318 3579 453 3633 universo
473 3581 563 3652 gregi,
584 3581 613 3636 in
634 3598 691 3650 quo
711 3597 762 3636 vos
783 3579 905 3657 Spiritus
919 3583 1042 3640 Sanctus
1055 3584 1156 3659 posuit
1167 3584 1272 3659 episco-

182 3687 245 3745 pos,
260 3687 358 3744 regere
372 3672 535 3729 Ecclesium
556 3674 613 3731 Dei
632 3695 717 3746 quam
741 3680 891 3749 acquisivit
909 3683 1046 3756 sanguine
1065 3676 1169 3739 suo.’'¹
1209 3681 1271 3737 Vox

183 3768 286 3827 Gruca
311 3785 449 3836 ποιμαινειυ
475 3771 573 3826 onnia
598 3774 720 3846 pastoris
747 3777 845 3832 munia
864 3777 991 3836 includit.
1034 3778 1077 3836 lta
1100 3789 1130 3836 et
1152 3779 1269 3837 Petrus:

183 3876 203 3903 “
214 3870 331 3944 pascite,
344 3866 393 3938 qui
407 3866 436 3923 iu
449 3867 529 3925 vobis
543 3876 596 3935 est,
607 3887 722 3945 gregem
731 3869 804 3938 Dei;
819 3875 999 3950 providentes
1009 3887 1168 3955 spontanee
1177 3895 1271 3935 secuu-

249 4052 290 4115 (l)
309 4051 374 4099 Sors.
386 4051 446 4100 xxii.
458 4067 512 4116 cup.
523 4051 539 4102 ί.
549 4053 579 4103 ds
590 4053 643 4103 Res.

251 4133 290 4197 (9)
308 4133 356 4197 Ep.
368 4133 393 4182 ii.
404 4133 434 4182 ud
443 4133 619 4199 Nepotianum.
921 4144 961 4207 (³)
983 4144 993 4191 l
1008 4143 1074 4194 Tirn.
1087 4142 1120 4194 iii.
1135 4145 1158 4193 8.

247 4215 290 4278 (4)
313 4215 373 4267 runt
383 4215 449 4266 luris
458 4218 526 4269 Boel.
538 4220 554 4269 l.
565 4220 599 4270 iii.
610 4219 645 4270 tit
657 4219 672 4267 i
684 4219 734 4280 itt
748 4223 771 4269 6.
783 4221 823 4272 cit.
835 4238 856 4272 c
869 4223 884 4271 'a
896 4224 927 4273 ds
938 4226 980 4275 vit.
992 4236 1016 4276 et
1031 4227 1088 4278 lron.
1101 4227 1180 4279 deris

248 4299 291 4362 (n)
310 4300 365 4350 Act
376 4315 418 4350 xx.
433 4305 474 4352 28.
