2744 4980
413 426 470 485 DE
491 427 669 489 DECIMIS
689 428 938 490 SOLVENDIS.
1157 437 1216 493 219

167 598 216 653 62.
234 593 402 653 Primordiis
412 593 553 654 Ecclesia
563 596 690 655 fidelium
697 596 780 654 donis
789 605 892 674 sponte
905 596 1013 654 collatis
1026 600 1218 657 sustentaban-

130 704 174 750 tur
192 692 363 761 sacerdotes,
390 696 548 768 presertim
573 697 609 753 iis
635 715 699 768 quae
724 698 874 754 occasione
900 695 1031 755 sacrificii
1057 695 1217 755 celebrandi

128 790 330 850 afferebantur:
351 791 474 869 demptis
497 795 575 851 enim
595 795 632 852 iis
655 813 718 867 qne
744 792 779 852 ad
798 793 988 853 Eucharistiae
1008 796 1217 854 confectionem

127 891 287 948 necessaria
297 901 387 958 erant,
401 901 501 949 catera
520 892 711 951 sacerdotibus
724 892 878 959 dabanturr
898 895 972 951 sieut
984 904 1013 952 et
1025 891 1217 953 'sacerdotibus

128 990 277 1047 Aaronicis
303 1007 369 1065 pars
393 990 517 1048 victime
543 993 712 1067 plerumque
731 990 857 1050 cedebat.
914 989 1087 1052 Oblationes
1113 992 1219 1051 ideirco

130 1086 368 1159 dicebanturque
388 1089 418 1146 in
438 1088 495 1147 Dei
508 1080 653 1150 'honorem
675 1102 704 1149 et
716 1109 860 1149 secrorinn
873 1092 1068 1150 ministrorum
1082 1101 1220 1150 metente·

128 1187 245 1253 tionem,
269 1188 419 1245 occasione
441 1188 583 1256 sacrificii,
604 1189 755 1248 dabantur:
777 1208 896 1263 quarum
921 1192 1060 1249 rationem
1083 1190 1218 1266 praeclare

127 1285 253 1360 explicat
272 1286 427 1361 Argolicus
448 1285 565 1346 Doctor.
608 1288 780 1346 “Sacerdos
806 1287 1019 1361 quodammodo
1042 1288 1221 1347 constituitur

128 1376 286 1456 sequester,
296 1393 326 1440 et
338 1384 449 1443 medius
459 1386 534 1443 inter
545 1386 683 1462 populum
696 1395 725 1443 et
737 1385 850 1444 Deum:
865 1387 939 1443 siout
951 1385 986 1443 de
997 1388 1104 1462 Moyse
1118 1387 1222 1463 legitur

129 1482 215 1540 Dent
230 1481 268 1539 V.
310 1481 351 1540 Et
363 1483 429 1542 ideo
449 1483 484 1541 ad
504 1502 570 1542 eum
590 1487 712 1560 pertinet
730 1483 827 1543 divina
845 1483 977 1562 dogmata
996 1499 1025 1543 et
1044 1495 1220 1543 sacramenta

128 1580 264 1639 exhibere
277 1561 394 1657 populo.
416 1581 457 1640 Et
469 1583 570 1640 iterum
584 1601 689 1655 eaquae
703 1593 770 1641 sunt
784 1582 895 1660 populi,
906 1593 975 1658 puta
987 1602 1086 1659 preces
1099 1593 1128 1641 et
1137 1584 1220 1641 sacri·

128 1679 195 1737 ficia
204 1690 233 1737 et
245 1679 401 1738 oblationes
414 1699 466 1758 per
478 1698 544 1738 eum
558 1681 686 1740 Domino
700 1680 803 1739 debent
824 1681 964 1749 exhiberi,
978 1680 1136 1739 secundum
1149 1681 1220 1740 illud

128 1779 261 1855 Apostoli
275 1775 310 1835 ad
324 1779 463 1837 Hebraeos
472 1779 510 1837 V.
533 1780 654 1838 ‘Omnis
668 1780 804 1839 Pontifex
817 1798 854 1837 ex
868 1778 1033 1837 hominibus
1046 1788 1220 1856 assumptus,

127 1895 183 1954 pro
196 1877 356 1936 hominibus
370 1879 549 1936 constituitur
561 1879 591 1936 in
604 1878 649 1936 his
663 1896 727 1951 quae
740 1877 853 1936 suntad
868 1877 974 1946 Deum,
986 1887 1017 1935 ut
1030 1877 1131 1935 offerat
1144 1876 1220 1935 dona

126 1988 158 2033 et
178 1975 317 2034 sacrificia
336 1995 389 2053 pro
409 1977 555 2053 peccetis.'
597 1977 639 2035 Et
656 1976 722 2036 ideo
741 1977 909 2045 oblationes,
924 1994 987 2050 que
1001 1996 1017 2033 a
1030 1976 1140 2053 populo
1153 1975 1219 2034 Deo

127 2073 307 2142 exhibentur,
320 2074 356 2132 ad
368 2075 531 2134 secerdotes
544 2077 696 2153 pertinent,
710 2095 768 2134 non
781 2075 874 2134 solum
895 2087 927 2133 ut
944 2093 993 2132 aas
1013 2076 1042 2132 in
1062 2094 1130 2133 suos
1149 2091 1219 2131 usus

126 2183 302 2242 convertant,
315 2192 413 2233 verum
436 2176 522 2232 etiam
534 2187 565 2233 ut
578 2174 698 2234 fideliter
710 2194 759 2232 eas
772 2172 956 2251 dispensent:
978 2176 1079 2249 partim
1100 2171 1217 2244 quidem

127 2271 318 2347 expendendo
336 2291 384 2331 eas
404 2275 434 2332 in
453 2273 498 2331 bis
519 2292 582 2346 quae
602 2277 745 2349 pertinent
764 2272 799 2329 ad
821 2273 927 2330 cultum
947 2271 1091 2330 divinum:
1114 2271 1218 2346 partim

127 2389 198 2429 vero
207 2372 236 2428 in
249 2370 295 2428 his
309 2390 371 2444 qum
385 2373 527 2450 pertinent
539 2371 575 2428 ad
588 2375 734 2449 proprium
747 2372 870 2433 victumr
892 2372 960 2443 quia
968 2371 1017 2443 qui
1030 2370 1109 2429 altari
1122 2367 1218 2427 deser·

127 2470 217 2536 vium,
231 2487 296 2527 cum
316 2470 394 2529 altari
412 2471 589 2546 participant,
609 2481 641 2529 ut
659 2472 762 2530 dicitur
783 2473 796 2527 1
813 2469 848 2527 ad
868 2469 1035 2527 Corinthios
1048 2470 1088 2527 ix.
1110 2468 1218 2527 Parth

127 2569 215 2626 enain
229 2568 258 2625 in
271 2586 341 2626 usus
363 2587 530 2645 pauperum,
552 2572 602 2642 qui
624 2580 699 2638 sunt,
723 2579 859 2642 quantum
879 2569 940 2626 lieri
961 2577 1064 2644 potest,
1078 2567 1113 2625 de
1133 2568 1218 2624 rebus

127 2666 270 2744 Ecclesiae
284 2666 475 2726 sustentandi:
497 2669 563 2740 quia
575 2678 604 2725 et
616 2668 758 2727 Dominus
779 2669 808 2725 in
827 2686 912 2724 usum
935 2684 1091 2742 pauperum
1109 2665 1218 2722 loculos

128 2765 261 2833 babebat,
275 2775 306 2825 ut
318 2766 517 2844 Hieronymus
529 2767 599 2826 dicit
611 2785 697 2844 super
710 2757 927 2825 Matthaeum.”¹

168 2868 218 2923 68.
238 2865 368 2938 Antiquo
380 2866 447 2924 huic
464 2868 537 2924 mori
556 2868 696 2924 successit
715 2864 888 2922 decimarum
900 2862 1015 2929 solutio,
1030 2879 1115 2933 quam
1134 2860 1215 2937 plura

127 2964 316 3040 injunxerunt
327 2965 458 3031 concilia,
467 2983 544 3023 nono
558 2966 716 3041 presertim
725 2963 847 3020 saeuo:
863 2963 1041 3020 intersistere
1047 2960 1217 3017 Turonense

131 3080 209 3121 anno
228 3066 299 3129 818,
319 3073 349 3120 et
376 3065 594 3140 Mogontiacum
623 3083 698 3122 anno
718 3066 787 3121 888.
829 3061 1009 3137 Praeeptum
1028 3059 1083 3116 boo
1103 3055 1221 3115 namrali

127 3162 194 3238 lege
206 3162 355 3230 nitebatur,
366 3172 394 3220 et
406 3161 593 3221 divinastiam
604 3163 774 3227 auctoritate,
786 3170 923 3233 quatenus
932 3157 1066 3215 Christus
1078 3156 1222 3213 Dominus

126 3260 178 3334 jus
191 3259 269 3318 dedit
281 3261 377 3319 missis
390 3280 407 3319 a
418 3279 451 3318 se
463 3259 612 3338 discipulis
635 3259 763 3319 subsidia
775 3257 811 3317 ad
824 3259 910 3314 vitam
923 3253 1136 3312 sustentandam
1150 3251 1222 3307 acei-

129 3358 245 3434 piendi:
261 3370 443 3434 precesserat
452 3370 545 3418 autem
552 3362 582 3418 in
593 3360 680 3418 veteri
689 3359 752 3433 lege
761 3356 818 3415 Dei
827 3356 918 3432 ipsius
929 3352 1091 3427 exemplum
1098 3349 1224 3426 jubentis

131 3467 164 3513 nt
177 3455 294 3516 decima
308 3458 499 3516 sacerdotibus
513 3459 750 3535 persolverentur.
792 3453 931 3512 Audiatur
943 3453 1045 3510 iterum
1067 3447 1224 3525 angelicus

131 3554 256 3613 Doctor:
279 3556 396 3623 “Quod
408 3557 486 3615 enim
499 3558 541 3614 eis
562 3560 612 3631 qui
632 3556 729 3616 divino
743 3554 830 3613 cultui
845 3551 1040 3610 ministrabant
1052 3547 1089 3606 ad
1103 3548 1224 3605 salutem

130 3653 230 3730 populi
249 3655 345 3723 totius,
367 3656 490 3732 populus
511 3658 673 3715 necessaria
692 3656 782 3712 victus
803 3652 984 3717 ministraret,
999 3649 1069 3706 ratio
1090 3644 1224 3705 naturalis

131 3750 225 3819 dietat,
234 3754 307 3810 sieut
319 3766 347 3811 et
359 3753 404 3811 bis
418 3754 467 3825 qui
476 3755 624 3813 communi
632 3753 743 3813 utilitati
752 3751 909 3828 invigilant,
920 3745 1223 3822 scilicetprineipibus.

131 3858 160 3906 et
171 3849 320 3916 militibus,
334 3861 362 3908 et
374 3851 436 3909 aliis
450 3850 626 3928 hujusmodi,
640 3851 782 3928 stipendia
795 3850 884 3907 victus
898 3845 1035 3903 debentur
1044 3831 1225 3916 apopulo.''²

132 3946 230 4006 AEtate
239 3949 271 4004 S.
283 3948 405 4006 'Pbomie
419 3967 477 4005 non
490 3950 597 4022 ubique
608 3951 727 4007 obtinuit
738 3948 785 4005 lex
795 3946 853 4010 illa,
862 3952 1034 4018 quapropter
1041 3934 1093 3995 'eos
1102 3955 1223 4009 quonum

131 4064 225 4104 mores
248 4055 327 4104 erant
348 4044 465 4112 diversi,
490 4048 592 4103 eximit
613 4064 635 4101 a·
648 4053 775 4120 peccato,
795 4039 945 4109 laudatque
965 4055 1060 4094 sacros
1078 4036 1223 4093 ministros

445 4243 487 4307 (l)
507 4245 532 4290 2.
544 4245 567 4290 2.
580 4257 621 4305 qn.
634 4239 726 4290 lxxxvi.
740 4246 783 4287 ert.
795 4237 822 4287 ii.
856 4236 931 4302 Καρ.

442 4327 485 4391 (2)
499 4328 523 4375 2.
534 4325 558 4376 2.
569 4340 611 4388 qn.
622 4322 725 4374 lxxxvii.
737 4329 780 4372 art.
797 4320 814 4370 i·
849 4317 924 4386 Καρ.

376 4652 383 4669 ’
430 4660 541 4837 ae
