2744 4980
277 393 334 453 DE
355 392 716 453 OBLIGATIONlliUS
736 393 1069 456 RELlGlOSORUM.
1159 398 1218 455 310

124 575 271 634 pauperes
284 577 343 617 non
355 567 432 625 sunt,
445 557 600 635 largiendo.
642 558 709 625 Qui,
723 576 760 616 ex
780 558 968 635 superiorum
982 560 1104 628 licentia,
1118 572 1220 619 vacent

126 657 327 727 missionibus,
341 657 429 715 simili
441 667 508 715 sunt
519 655 692 724 conditione,
706 656 757 714 sed
777 656 945 716 attendenda
963 669 1031 716 sunt
1050 658 1219 721 documenta

126 756 251 833 singulis
264 754 338 814 duta.

169 859 221 913 74.
242 856 311 914 Non
324 855 391 912 licet
403 855 551 931 Religioso
564 853 694 932 professo
706 853 814 927 aliquid
827 857 966 932 accipere,
977 857 1092 924 donare,
1106 876 1219 934 permu-

128 961 201 1021 tere,
215 954 261 1012 rel
273 955 303 1012 in
315 971 384 1011 suos
396 971 467 1011 usus
479 971 614 1030 usurpare
627 954 733 1026 absque
753 954 915 1031 Superioris
928 950 1034 1024 nenia,¹
1049 974 1111 1026 qus
1125 967 1220 1015 umen

129 1053 163 1110 iu
175 1054 260 1111 rebus
269 1052 467 1111 minutioribus
481 1062 509 1108 et
521 1052 759 1125 frequentioribus
772 1053 923 1126 aliquando
936 1055 1126 1131 presumitur.
1161 1057 1220 1123 Qui

131 1160 228 1210 eutem
239 1152 331 1210 celant
343 1131 388 1208 res
396 1151 451 1209 sibi
458 1151 585 1220 donans,
593 1151 746 1210 ostendunt
754 1152 860 1211 nullam
870 1154 926 1211 sibi
936 1153 1097 1231 Superioris
1107 1157 1220 1213 veniam

130 1249 290 1328 suffragari.
332 1249 480 1324 Quidquid
502 1249 651 1327 Religioso
671 1251 795 1319 obvenit,
810 1252 855 1309 rel
868 1251 1030 1320 donatione,
1043 1255 1089 1312 vel
1102 1253 1220 1312 heredi·

132 1359 199 1418 tate,
209 1350 255 1407 vel
266 1349 323 1407 ulio
335 1350 438 1423 quovis
452 1349 542 1416 titulo,
556 1368 614 1408 unu
636 1349 674 1416 ei,
688 1350 740 1407 sed
760 1349 863 1409 Ordini
882 1351 965 1418 cedit,
979 1351 1090 1409 etiamsi
1102 1352 1221 1411 donator

131 1447 253 1506 voluerit
265 1447 334 1506 illud
347 1449 375 1505 ei
386 1447 547 1524 specialiter
558 1447 644 1515 dare;
664 1467 730 1506 uam
744 1459 810 1506 voto
824 1440 996 1526 paupertatis
1010 1449 1042 1506 tit
1054 1461 1085 1508 ut
1096 1462 1220 1525 nequeat

132 1546 242 1619 aliquid
253 1548 308 1605 sibi
321 1547 476 1620 acquirere.
519 1547 654 1604 Peccaret
674 1547 759 1624 igitur
774 1549 897 1625 graviter
913 1550 1066 1626 jussuum
1090 1550 1118 1608 io
1132 1550 1220 1609 alium

134 1644 338 1711 transferendo,
351 1646 397 1704 vel
410 1644 488 1704 eliud
497 1643 625 1703 faciendo
638 1663 696 1717 quo
709 1648 909 1705 monesterium
919 1648 984 1724 jure
992 1665 1030 1704 ex
1040 1648 1221 1725 professione

132 1753 197 1802 orto
215 1745 393 1822 spoliarent.

175 1847 226 1903 to.
247 1845 305 1911 Qui
319 1831 472 1921 superflus'
478 1845 508 1902 in
521 1843 700 1922 supellectili,
714 1846 850 1910 vestibus,
864 1846 937 1903 victu
952 1856 1090 1920 quierunt,
1104 1864 1223 1924 pauper·

134 1944 185 2001 tati
198 1944 339 2020 religiose
352 1943 470 2002 desunt:
492 1961 551 2015 qno
570 1953 653 2020 pacto
672 1944 755 2002 facile
775 1954 894 2021 peceant
913 1944 1052 2022 Religiosi
1065 1956 1145 2004 extre
1157 1964 1223 2003 con·

134 2051 254 2101 neutum
266 2052 421 2110 versantes,
435 2061 509 2100 curte
530 2044 687 2101 animarum
710 2042 807 2102 dediti.
849 2043 913 2102 Nec
933 2043 1049 2122 prodest
1062 2045 1224 2122 Superioris

133 2141 264 2200 licemia:
279 2160 345 2200 uam
356 2141 388 2199 S.
401 2140 593 2218 Congregatio
606 2140 741 2210 Consilii,
749 2141 919 2202 Tridentino
932 2143 1044 2202 decreto
1057 2139 1224 2211 inhaerem,'

133 2239 287 2299 declaravit
309 2250 328 2277 ‘⁶
340 2240 495 2317 Regulares
517 2251 618 2317 praeter
638 2240 931 2319 supellectilemque
953 2244 1037 2301 statui
1050 2243 1222 2319 paupertatis

135 2341 275 2415 regularis
295 2340 437 2407 convenit,
459 2358 518 2398 non
540 2357 625 2416 posse
647 2339 683 2398 de
702 2341 817 2399 licentia
836 2359 953 2400 suornm
972 2342 1150 2418 superiorum
1171 2341 1225 2399 aliu

135 2440 213 2498 bona
225 2439 341 2499 mobilia
352 2437 507 2516 superflua,
522 2449 551 2495 et
562 2437 756 2516 dependenter
768 2460 785 2497 s
807 2440 948 2498 voluntate
967 2440 1122 2499 eorundem
1142 2459 1225 2516 supe·

134 2540 254 2607 riorum,
266 2536 341 2597 etad
354 2538 448 2596 solum
463 2556 546 2595 usum
560 2539 706 2616 proprium
719 2538 866 2616 possidere
888 2558 938 2598 eeu
959 2541 1089 2607 retinere,
1109 2549 1137 2597 et
1159 2559 1224 2616 pos·

135 2637 262 2697 sidentes
285 2639 329 2696 vel
350 2645 476 2695 tenentes
489 2638 604 2695 mobilia
623 2638 767 2714 superflua
784 2657 841 2697 non
862 2641 991 2697 excusari
1006 2649 1121 2715 propter
1139 2639 1226 2696 licen·

135 2739 204 2796 tiam
218 2738 398 2813 superiorum
411 2756 428 2794 e
441 2736 523 2812 eulpa
536 2747 564 2792 et
574 2733 704 2812 poena.”³

174 2841 225 2896 76.
247 2837 425 2902 Procurator,
440 2853 616 2902 (economus,
630 2845 658 2893 et
680 2836 726 2893 alii
740 2834 843 2908 quibus
866 2835 1003 2892 bonorum
1018 2833 1222 2892 administratio

136 2937 332 3003 committitur,
346 2933 449 2992 debent
462 2935 579 2991 instituti
592 2934 714 3010 regulas,
728 2943 758 2992 et
770 2934 948 3009 superiorum
969 2942 1108 3008 precepta
1122 2934 1150 2990 in
1171 2951 1225 2991 suo

137 3053 256 3093 munere
269 3052 400 3091 servare:
416 3034 529 3110 ipsique
541 3032 647 3108 praelati
661 3052 718 3090 oon
731 3031 949 3106 debeutaliquid
964 3031 1079 3099 donare,
1090 3033 1134 3091 vel
1143 3034 1226 3091 bonis

137 3135 189 3202 uti,
203 3134 260 3192 nisi
265 3134 350 3210 juxta
364 3133 532 3199 institutum,
546 3141 574 3190 et
588 3133 616 3190 in
630 3132 693 3207 pios
707 3125 802 3190 usus.⁴

487 3399 570 3473 §1v.
603 3397 651 3456 Du
666 3397 872 3456 Oenunuurrs.

177 3605 228 3658 77.
244 3598 350 3656 Votum
361 3597 528 3658 obedientiae
542 3609 668 3657 servatur
677 3594 899 3673 obtemperando
913 3594 1059 3671 Superiori
1072 3593 1230 3652 secundum

138 3698 268 3774 regulam
282 3698 467 3774 precipienti.
509 3698 594 3764 Quod
608 3699 632 3756 si
647 3698 745 3775 regula
757 3699 820 3774 ipsa
833 3696 885 3753 sub
898 3694 982 3770 culpa
995 3715 1052 3754 non
1065 3695 1182 3771 obliget,
1194 3711 1230 3751 ex

138 3796 296 3855 fundatoris
317 3797 470 3864 voluntate,
497 3798 559 3874 ejus
580 3799 765 3875 transgressio
791 3815 848 3853 non
868 3805 911 3852 est
930 3804 1027 3852 contra
1052 3804 1159 3856 votum,
1179 3789 1231 3848 sed

138 3915 231 3974 poenae
246 3915 332 3969 quam
345 3897 442 3974 regula
455 3897 551 3954 statuit
563 3916 642 3955 reum
656 3898 722 3956 facit
744 3895 910 3954 obnoxium.
953 3893 1010 3958 Qui
1025 3889 1231 3968 transgrediun-

174 4135 216 4200 (l)
236 4135 263 4184 8.
275 4135 351 4184 Bssib
365 4134 470 4186 constit
482 4143 586 4184 monost.
598 4150 619 4184 e.
630 4133 713 4184 xxxiv.
731 4133 817 4183 innoc.
829 4130 876 4181 lll.
888 4130 950 4195 Cep.
965 4130 1033 4180 Cum
1045 4129 1080 4180 ud
1091 4132 1222 4178 monaster.

173 4221 217 4285 (2)
237 4220 302 4270 Sess
312 4236 369 4270 xxv.
380 4236 432 4285 cap.
443 4220 467 4270 ii.
479 4221 509 4269 de
522 4219 581 4282 Reg.
684 4220 728 4285 (³)
747 4217 822 4284 Apud
834 4217 981 4281 Fsgosnum
991 4217 1017 4266 in
1032 4215 1094 4280 Cep.
1108 4212 1233 4264 Monocli.

175 4306 219 4372 (4)
239 4303 302 4370 Gsp.
315 4304 340 4354 ii.
351 4304 382 4354 ds
392 4303 573 4375 donationibus.
