2744 4980
186 387 243 441 114
472 383 529 443 DE
551 383 715 451 QUINTO
735 380 988 442 PRAEOEPTO.

186 565 249 605 care
262 543 515 605 consueverunt.’'¹
556 548 810 623 Argumentabatur
828 547 1004 622 Augustinus
1018 544 1073 601 hoc
1087 553 1188 619 pacto:
1212 544 1277 600 “Si

126 665 131 674 ¹
186 646 321 703 nonlicet
333 648 442 722 privata
456 655 593 722 potestate
604 646 749 703 hominem
761 644 889 702 occidere
903 643 947 700 vel
961 651 1122 709 nocentem,
1134 645 1218 720 eujus
1231 661 1278 699 oe·

187 742 299 802 eidendi
318 744 460 802 licentiam
482 745 530 802 lex
550 744 627 802 nulla
646 743 785 810 concedit,
806 743 935 819 profecta
955 744 1040 799 etiam
1063 743 1159 812 quise
1183 743 1278 817 ipsum

186 842 300 909 occidit,
314 842 458 899 homicida
471 837 563 899 est.”²
603 842 700 899 Nemo
713 851 756 898 est
769 843 817 913 qui
831 841 926 898 animo
946 860 1004 898 non
1017 840 1119 897 sentiat
1130 838 1216 916 hujus
1230 837 1279 894 de·

186 940 247 999 11011
259 940 493 1016 magnitudinem,
508 959 564 1013 qua
577 940 663 997 homo
684 940 740 1016 ipsi
759 949 863 996 naturse
884 940 1029 997 instinctui
1050 957 1223 1013 repugnans,
1239 937 1279 993 vi·

187 1045 244 1096 tarn
268 1057 334 1110 qua,
357 1037 414 1094 Dei
435 1039 584 1103 beneficio,
609 1035 716 1104 srditur,
740 1037 794 1094 sibi
808 1036 891 1094 audet
902 1031 1036 1114 eripere³
1077 1035 1208 1093 Prosectd
1230 1036 1279 1108 qni

188 1146 327 1212 negamnt
337 1137 383 1193 sui
396 1137 501 1193 caedem
517 1137 643 1193 criminis
658 1136 722 1194 looo
741 1136 910 1204 habendam,
925 1137 1009 1193 totius
1030 1133 1147 1191 humani
1167 1133 1279 1209 generis

190 1236 286 1293 sensui
301 1243 328 1289 et
342 1234 453 1311 judicio
466 1254 622 1311 repugnare
642 1245 811 1292 noscuntur:
833 1235 882 1306 qui
902 1243 995 1292 autem
1010 1241 1131 1290 mortem
1145 1233 1199 1289 sibi
1213 1250 1280 1288 con·

190 1334 341 1398 sciverunt,
356 1331 401 1388 vel
414 1335 516 1390 mentis
530 1334 621 1390 furore
635 1334 743 1409 abrepti
761 1343 838 1402 sunt,
853 1333 897 1389 vel
913 1331 1086 1408 gravissimis
1101 1331 1204 1403 quibus
1217 1348 1282 1405 pre·

190 1431 336 1488 utebantur
349 1432 430 1488 malis
450 1432 536 1488 finem
554 1442 723 1503 quaerentes,
743 1431 778 1488 de
799 1431 891 1489 sutura
908 1440 982 1488 sorte
1004 1430 1101 1486 incerti
1122 1429 1282 1504 praccipites

131 1552 135 1559 ·
190 1546 222 1585 se
235 1528 380 1594 dederunt,
394 1531 520 1586 criminis
540 1530 617 1601 quod
637 1531 781 1607 patrabant
800 1529 1001 1588 conscientiam
1023 1529 1087 1604 ipso
1108 1537 1170 1585 actu
1183 1527 1282 1602 sarpis·

190 1628 262 1684 sime
275 1626 435 1703 prodentes.

234 1729 300 1783 123.
323 1724 404 1784 Adeo
417 1736 556 1801 repugnat
568 1734 672 1783 naturae
686 1727 829 1785 instinctui
841 1736 873 1783 ut
892 1727 955 1799 quis
975 1743 1006 1781 se
1025 1724 1182 1790 interficiat,
1204 1722 1285 1795 quod

192 1823 282 1879 civilis
296 1834 421 1899 potestas
435 1834 555 1895 nequeat
566 1824 624 1881 ullo
637 1843 730 1882 rerum
745 1844 811 1883 casu
824 1825 853 1883 id
873 1826 1036 1901 precipere,
1054 1824 1137 1882 etiarn
1151 1821 1285 1878 damnato

193 1922 303 1997 capitis.
346 1922 410 1979 Nec
423 1922 569 1979 licethuic
589 1923 684 1979 eibum
705 1941 820 1982 omnem
839 1941 969 1981 recusare
989 1923 1069 1980 utin
1089 1939 1201 1978 carcere
1215 1921 1285 1977 inte·

192 2029 259 2074 reat.
302 2018 360 2075 Sed
381 2039 475 2092 neque
494 2029 644 2078 excusatur
665 2023 710 2079 sui
732 2022 824 2080 caedes
838 2021 915 2094 quod
937 2021 1000 2093 quis
1020 2021 1050 2078 in
1073 2020 1205 2096 proximo
1226 2018 1286 2074 vim

192 2115 318 2191 patiendi
332 2126 360 2173 et
372 2118 536 2194 pudicitiam
551 2119 695 2176 amittendi
708 2120 872 2179 discrimine
885 2130 1021 2186 versetur,
1041 2120 1082 2176 uti
1099 2128 1174 2175 recte
1187 2125 1286 2174 monet

193 2213 226 2271 S.
241 2214 388 2273 Thomas:
412 2218 509 2274 “Non
521 2217 588 2274 licet
608 2217 718 2275 mulieri
738 2221 861 2296 seipsam
882 2217 1021 2285 occidere,
1035 2235 1071 2275 ne
1092 2217 1127 2272 ab
1147 2216 1204 2272 alio
1224 2233 1286 2272 cor·

192 2324 357 2388 rumpatur:
379 2317 446 2387 quia
465 2334 522 2372 non
541 2315 625 2372 debet
646 2316 675 2372 in
698 2335 729 2373 se
748 2318 923 2375 committere
944 2318 1051 2375 crimen
1065 2315 1235 2380 maximum,
1255 2323 1286 2368 ut

194 2411 263 2467 vitet
275 2413 369 2469 minus
383 2414 491 2470 crimen
504 2412 643 2479 alienum
666 2416 814 2473 nonenim
832 2425 876 2472 est
894 2415 1001 2472 crimen
1014 2414 1141 2472 mulieris
1155 2431 1207 2489 per
1226 2412 1285 2468 vio-

194 2507 309 2565 lentiam
322 2511 441 2577 11ο13100,
456 2512 481 2567 si
495 2530 651 2569 consensus
665 2532 723 2570 non
742 2508 862 2571 adsit.”⁴
902 2513 959 2580 Qui
977 2523 1070 2571 autern
1083 2531 1119 2569 ex
1133 2510 1285 2567 vehemen-

195 2606 304 2663 tissimo
318 2606 414 2665 dolore
427 2619 455 2666 et
468 2609 575 2685 pudore
596 2611 632 2667 ob
646 2610 783 2686 flagitium
804 2621 952 2688 patratum,
973 2622 1001 2668 et
1023 2611 1181 2687 periculum
1194 2609 1286 2665 iterati

194 2703 291 2780 lapsus
305 2708 391 2764 vitam
404 2709 458 2765 sibi
472 2710 565 2784 eripit,
587 2710 772 2785 ignominiam
786 2710 861 2786 apud
880 2710 1010 2767 homines
1024 2709 1104 2786 sugit,
1119 2707 1165 2764 101
1178 2707 1286 2782 specia-

195 2801 251 2860 lem
266 2803 365 2883 flagitii
379 2807 579 2882 turpitudinem
593 2807 662 2874 odit,
677 2827 753 2866 novo
767 2818 860 2865 tamen
873 2815 989 2884 peccato
1003 2827 1033 2864 se
1047 2807 1204 2881 obstringit.

239 2907 306 2959 124.
328 2905 362 2961 ln
375 2906 452 2980 gravi
466 2906 627 2981 reipublice
641 2908 817 2974 necessitate,
827 2907 893 2963 licet
902 2906 986 2963 vitam
1000 2905 1150 2963 manifesto
1163 2904 1288 2979 objicere

197 2998 363 3067 discrimini,
378 3005 448 3073 quin
462 3006 525 3075 quis
539 3003 607 3076 quid
621 3003 703 3061 130131
715 3023 772 3076 quo
785 3005 839 3062 sibi
855 3006 912 3062 vita
932 3004 1059 3071 tollatur;
1080 3022 1145 3061 nam
1160 3020 1288 3059 commu·

196 3097 241 3154 nis
254 3100 407 3156 necessitas
421 3100 487 3158 facit
499 3113 529 3158 ut
547 3102 631 3159 liceat
649 3103 771 3178 singulis
791 3121 871 3162 suam
891 3120 1035 3179 exponere
1049 3104 1153 3166 vitam;
1175 3099 1227 3157 sed
1240 3119 1287 3157 na-

196 3203 264 3253 turae
278 3199 427 3256 instinctus
440 3200 530 3257 obstat
542 3219 578 3258 ne
597 3219 661 3257 earn
675 3202 727 3258 sibi
742 3201 828 3259 tollat.
871 3201 921 3258 Sic
941 3201 1023 3258 miles
1043 3220 1108 3258 cum
1129 3210 1208 3256 certo
1221 3201 1286 3257 vitre

197 3293 360 3353 discrimine
374 3298 522 3356 stationem
536 3309 663 3375 occupat,
677 3301 723 3357 101
744 3302 774 3357 in
792 3299 900 3357 medios
917 3300 997 3357 irruit
1009 3298 1116 3367 hostes,
1132 3299 1176 3355 vel
1192 3298 1289 3374 pulve-

197 3410 257 3451 rem
271 3396 406 3464 incendit,
420 3397 467 3454 101
480 3400 585 3466 navim,
600 3397 636 3454 ad
655 3399 751 3456 hostes
771 3397 940 3475 perdendos,
958 3399 1019 3474 ipse
1033 3417 1097 3455 cum
1112 3397 1168 3455 illis
1182 3397 1290 3454 verosi·

198 3491 302 3548 militer
314 3495 473 3568 periturus:
496 3496 571 3566 quod
585 3507 680 3553 tamen
696 3499 745 3554 vix
764 3496 830 3553 11001
842 3499 867 3554 si
880 3497 957 3554 nulla
976 3514 1090 3572 prorsus
1103 3497 1140 3551 sit
1154 3496 1208 3552 sibi
1223 3512 1290 3571 spes

197 3588 335 3646 evadendi
344 3587 367 3656 3⁵
380 3594 510 3664 quamvis
524 3594 611 3665 aliqui
624 3594 654 3652 id
667 3603 803 3652 excusent
812 3595 848 3651 ob
861 3604 1044 3654 communem
1058 3613 1174 3653 suornm
1187 3594 1291 3652 utilita-

233 3774 276 3841 (t)
290 3774 315 3823 S.
326 3776 391 3839 Aug.
403 3776 434 3827 dc
445 3776 501 3826 brer.
514 3778 543 3827 ad
556 3778 763 3839 Quodvultdeum,
775 3780 872 3831 mlxix.

232 3861 276 3926 (2)
296 3860 334 3910 Dc
345 3861 391 3911 civ.
402 3861 457 3921 Dei,
469 3864 484 3912 l.
499 3866 520 3910 1.
531 3879 552 3915 0.
564 3864 631 3913 xviii.

233 3947 276 4011 (3)
290 3945 370 3996 Levcs
381 3947 511 3997 admodum
524 3948 628 3998 rationes
641 3948 753 4012 proponit
764 3947 839 4014 Peley
851 3965 895 3999 cur
905 3949 944 4000 sui
956 3950 1033 4015 ipsius
1045 3951 1135 4000 occisio
1147 3965 1198 4000 non
1211 3950 1292 3999 videa·

197 4037 237 4080 tur
248 4030 334 4080 licere:
352 4032 420 4097 parvi
431 4032 522 4081 iaciens
534 4033 614 4098 ipsum
623 4040 716 4082 noturus
728 4033 871 4084 instinctum
882 4043 906 4083 et
915 4034 1043 4099 judicium.
1062 4032 1146 4086 Mora!
1153 4032 1222 4085 Phil.
1231 4036 1247 4085 l.
1257 4035 1292 4085 111.

202 4112 242 4182 Os
252 4113 360 4166 80101110.

234 4188 277 4264 (4)
298 4199 348 4259 Qu.
360 4200 418 4250 lxiv.
436 4210 479 4253 art.
491 4219 514 4251 r.
526 4204 555 4254 sd
568 4205 591 4252 8.

234 4284 276 4350 (5)
296 4283 380 4348 Msycl
392 4284 484 4351 Erpos
496 4302 519 4337 r.
531 4303 600 4354 proc.
611 4293 655 4336 ut
667 4285 699 4335 11.
712 4288 759 4345 52.
782 4285 882 4347 Quaeres
892 4283 988 4352 quinio·
