2766 4996
530 1162 672 1238 creua
694 1178 747 1238 iv.

403 1407 442 1447 DE
462 1406 585 1448 mortio
605 1407 644 1448 ΕΤ
665 1408 882 1449 ΔΒΒΉΝΕΝΤΙΑ.

135 1570 185 1624 37.
206 1564 359 1623 Jnsursrurt
379 1567 567 1640 prescribitur
586 1567 649 1642 lege
668 1569 753 1626 totius
767 1568 906 1626 Ecclesia
920 1568 1041 1644 singulis
1055 1569 1183 1637 Quadra·

95 1666 214 1738 gesimae
227 1663 337 1732 diebus,
352 1663 513 1723 Dominicis
527 1666 665 1740 exceptis,
679 1667 750 1722 etin
763 1666 840 1725 seriis
860 1677 967 1737 quarta,
979 1678 1069 1734 sexta,
1084 1680 1112 1726 et
1125 1670 1187 1726 aab·

96 1761 171 1829 bato,
186 1773 284 1834 quater
295 1764 326 1820 in
339 1781 424 1830 anno,
438 1782 489 1820 seu
503 1774 623 1835 quatuor
635 1765 827 1840 temporibus,
851 1765 921 1821 etin
935 1765 1039 1840 vigiliis
1049 1766 1187 1824 Omnium

97 1859 279 1928 Sanctorum,
288 1861 398 1919 Natalis
408 1860 536 1928 Domini,
544 1871 573 1918 et
585 1861 768 1937 Epiphaniae,
779 1874 807 1918 et
815 1864 1012 1921 Pentecosten.
1040 1863 1058 1921 J
1061 1866 1191 1941 ejunatur

96 1959 183 2015 etiam
195 1959 336 2034 plerisque
349 1959 438 2017 inhia
451 1959 620 2017 dioecesibus
635 1959 705 2017 feria
726 1969 807 2018 sexta
826 1961 945 2037 singulis
958 1960 1185 2022 hebdomadibus

97 2055 254 2116 Adventus.
295 2057 443 2136 Jejunium
465 2059 550 2116 etiam
573 2058 756 2116 vehementer
768 2058 1025 2119 commendandum
1040 2073 1085 2118 est
1097 2061 1187 2120 tideli-

96 2155 149 2210 bus
162 2155 262 2215 harum
275 2158 484 2232 provinciarum
498 2157 612 2216 sabbato
635 2168 698 2215 ante
716 2158 897 2217 Dominicam
911 2160 940 2216 in
955 2177 1011 2230 qua
1023 2158 1084 2216 dies
1098 2160 1186 2217 festus

96 2253 129 2309 S.
145 2255 176 2310 S.
192 2255 269 2312 Petri
282 2265 311 2312 et
323 2256 407 2315 Pauli
420 2257 584 2314 solemniter
597 2255 671 2331 apud
684 2275 736 2337 nos
755 2257 920 2322 celebratur,
935 2257 1044 2313 scilicet
1058 2258 1087 2314 in
1102 2274 1188 2328 quam

97 2353 161 2426 ipse
175 2351 235 2408 dies
249 2352 335 2412 festus
349 2355 487 2422 inciderit,
501 2354 546 2412 vel
559 2373 624 2428 qua
638 2353 721 2412 suerit
733 2357 806 2414 intra
816 2355 965 2412 Octavam.
1007 2356 1050 2413 lta
1058 2355 1145 2432 jussit
1153 2355 1185 2412 S.

97 2447 300 2527 Congregatio,
314 2471 403 2525 quum
416 2453 550 2530 obligatio
559 2451 709 2531 jejunandi
729 2454 827 2531 vigilia
840 2454 904 2512 sesti
915 2454 1005 2529 ipsius
1021 2454 1187 2521 auferretur,

95 2550 258 2626 rogantibus
272 2552 417 2627 episcopis
429 2552 543 2610 concilii
553 2554 643 2624 quarti
652 2553 878 2611 Baltimorensis.
906 2553 1087 2611 Abstinentia
1100 2573 1187 2612 acar·

95 2648 178 2706 nibus
191 2650 297 2721 absque
306 2651 418 2727 jejunio
431 2652 620 2726 prescribitur
632 2651 732 2727 sigalis
750 2653 828 2710 seriis
850 2653 939 2708 sextis
959 2671 1010 2726 per
1031 2660 1121 2710 totum
1138 2671 1186 2709 an·

95 2765 174 2813 num,
189 2757 308 2823 excepta
320 2766 354 2806 ea
366 2749 396 2806 iu
409 2767 466 2821 qua
478 2751 627 2825 eontigerit
639 2749 742 2807 festum
757 2749 868 2807 Natalis
879 2748 1008 2807 Domini.
1030 2747 1103 2813 Quae
1114 2749 1183 2805 alias

94 2855 220 2903 servatur
241 2847 347 2904 sabbati
367 2847 542 2915 abstinentia,
557 2865 593 2903 ex
614 2847 698 2904 Sedis
712 2847 884 2923 Apostolicae
909 2846 1094 2923 indulgentia,
1109 2844 1183 2921 apud

96 2961 160 3009 nos,
174 2945 248 3002 sicut
254 2946 316 3022 jam
329 2945 360 3002 in
372 2945 516 3003 nonnullis
530 2945 592 3004 aliis
605 2946 689 3013 locis,
703 2945 826 3002 relaxata
839 2954 891 3003 est.

136 3045 186 3101 38.
207 3043 390 3102 Abstinentioe
404 3063 510 3102 nomen
523 3044 645 3102 strictius
660 3044 705 3102 hic
718 3045 857 3111 sumitur;
872 3063 960 3117 quum
974 3042 1044 3103 alias
1055 3045 1188 3102 virtutem

96 3140 202 3199 indicet
212 3159 270 3214 qua
282 3143 311 3200 in
324 3142 395 3199 cibis
409 3142 592 3201 comedendis
607 3144 762 3219 appetitum
784 3145 919 3219 regimus.
963 3143 1082 3199 Virtutis
1102 3141 1188 3216 hujus

96 3239 229 3297 utilitates
242 3240 373 3315 plurimis
386 3241 567 3300 commendat
586 3242 618 3297 S.
633 3241 782 3300 Thomas:
805 3240 1039 3298 “delectationes
1062 3239 1189 3295 ciborum
1297 3318 1300 3325 Ι

95 3347 167 3394 natae
181 3348 247 3396 sunt
259 3339 420 3398 abstrahere
433 3340 580 3398 hominem
599 3359 616 3396 a
636 3340 712 3397 bono
734 3339 861 3406 rationis,
877 3347 936 3395 tum
956 3346 1073 3413 propter
1091 3352 1187 3393 earum

95 3435 330 3512 magnitudinem,
342 3447 401 3497 tum
414 3440 498 3497 etiam
512 3447 628 3515 propter
634 3437 832 3496 necessitatem
840 3435 979 3503 ciborum,
987 3434 1090 3507 quibus
1100 3433 1188 3493 homo

10 3583 12 3589 ,
96 3532 204 3611 indiget
223 3535 257 3593 ad
278 3537 342 3594 vita
363 3538 616 3605 conservationem,
638 3555 725 3610 quam
744 3536 868 3594 maxime
890 3535 978 3593 homo
997 3529 1188 3593 desiderat.”¹
1264 3546 1270 3557 '

97 3634 186 3692 “Per
207 3635 402 3694 abstinentiam
425 3654 529 3711 corpus
548 3637 709 3712 castigatur,
730 3653 788 3693 non
807 3634 900 3694 solum
928 3643 1024 3693 contra
1043 3634 1189 3693 illecebras

95 3731 227 3801 luxurie,
240 3733 292 3790 sed
305 3734 390 3792 etiam
403 3743 500 3792 contra
512 3733 657 3792 illecebras
670 3734 760 3812 gula:
783 3734 849 3807 quia
872 3734 941 3792 dum
954 3734 1042 3791 homo
1057 3733 1188 3798 abstinet,

96 3834 187 3908 magis
200 3831 327 3891 redditur
340 3832 418 3891 sortis
432 3832 467 3890 ad
486 3834 716 3910 impugnationes
739 3834 812 3910 gulae
836 3831 1000 3897 vincendas,
1025 3847 1088 3901 qua
1112 3837 1190 3886 tanto

97 3928 226 3989 fortiores
239 3939 315 3998 sunt,
329 3940 433 4003 quanto
457 3932 547 4007 magis
560 3931 648 3990 homo
667 3933 709 3988 eis
728 3925 852 3988 cedit.”²
890 3929 1041 4007 Jejunium
1062 3924 1098 3981 ad
1117 3925 1189 3984 hanc

95 4028 227 4089 virtutem
240 4030 371 4106 pertinet,
386 4029 463 4102 quod
484 4029 673 4106 singularibus
695 4026 827 4088 laudibus
847 4027 931 4084 effert
949 4027 1013 4102 ipse
1033 4022 1188 4100 Angelicus

95 4125 220 4186 Doctor:
243 4128 527 4187 “Assumiturenim
542 4128 685 4205 jejunium
708 4122 902 4202 principaliter
924 4122 958 4182 ad
981 4123 1042 4181 tria.
1085 4121 1182 4182 Primd

198 4326 240 4392 (ι)
260 4327 454 4392 sequana.
489 4325 565 4394 sep.
725 4325 767 4396 (a)
787 4323 1090 4387 niammaseunmm.

935 4534 953 4575 Ι

844 4586 863 4621 0

793 4684 827 4741 0
