2766 4996
143 417 201 472 368
291 410 349 470 DE
369 407 728 471 OBLIGATIONIBUS
748 406 1087 468 Ruuwlosoltuut.

144 576 390 635 communitatibus
404 574 563 632 facultatem
577 572 644 630 lecit
662 572 813 631 concilium
828 572 1035 632 Tridentinum
1047 574 1124 632 bona
1136 575 1227 632 immo

142 675 210 733 bilia
222 666 412 750 possidendi.¹

181 776 231 831 71.
252 772 365 848 Singuli
379 772 519 850 Religioni
532 772 560 828 vi
570 772 628 830 voti
638 772 808 849 paupertatis
817 790 912 829 rerum
922 773 1098 849 proprietate
1114 770 1227 847 spolian-

146 882 199 936 ων,
214 870 285 929 adeo
297 882 330 929 ut
342 872 413 929 nihil
419 891 472 930 suo
485 871 599 929 nomine
614 870 759 946 possidere
774 880 888 943 queant,
902 889 956 929 nec
969 869 1135 929 dominium
1148 870 1226 928 ullum

142 965 303 1028 exercere.²
343 971 392 1029 Ex
412 971 528 1047 speciali
542 969 656 1041 quidem
677 970 709 1026 S.
733 969 835 1045 Ignatii
857 971 995 1037 instituto,
1020 970 1072 1041 qui
1096 969 1228 1045 simplicia

142 1079 207 1128 rota
220 1071 249 1126 iu
263 1071 395 1128 societate
408 1069 424 1127 J
429 1089 479 1126 esu
493 1069 647 1126 emiserunt
659 1067 818 1127 dominium
831 1087 917 1127 omne
930 1086 1027 1125 rerum
1038 1067 1229 1145 temporalium

144 1187 202 1227 non
216 1164 375 1245 abjiciunt,³
388 1169 438 1226 sed
456 1169 515 1245 juri
534 1169 695 1225 renuntiant
713 1167 748 1224 de
770 1185 800 1224 re
815 1167 909 1240 aliqua
928 1165 1107 1243 disponendi
1130 1167 1228 1239 absque

145 1268 309 1342 Superioris
323 1269 423 1325 venia:
445 1276 591 1338 nequeunt
603 1277 695 1324 nmen
706 1265 901 1345 Coudjmorcs
910 1263 1063 1345 formati,
1073 1264 1229 1339 quiscilicet

146 1366 303 1423 solemnius
315 1384 347 1421 se
360 1366 489 1442 ligarunt,
499 1364 656 1422 dominium
676 1359 806 1431 habere‚⁴
818 1366 874 1422 nisi
886 1382 937 1422 eos
958 1385 976 1422 a
988 1365 1139 1424 societate
1151 1363 1229 1421 conti·

146 1462 352 1539 geritlegitime
367 1461 478 1519 dimitti.
520 1461 773 1537 Dispensationem
797 1463 948 1537 aliquando
971 1462 1069 1522 datam
1093 1481 1158 1520 esse
1172 1480 1230 1519 con·

146 1570 200 1618 stat
212 1559 274 1618 aliis
287 1563 337 1633 qui
350 1572 415 1619 rota
426 1562 566 1619 solemnia
579 1563 742 1629 emiserant,
752 1581 816 1619 eam
827 1562 987 1639 postulante
1000 1582 1100 1621 rerum
1114 1561 1229 1620 necessi·

144 1670 209 1728 tate,
222 1661 264 1717 uti
275 1662 304 1719 in
318 1662 397 1737 regni
412 1661 517 1719 Gallici
530 1661 676 1718 eversione
691 1652 810 1719 evenit³

184 1765 234 1818 tu.
250 1760 386 1819 Plurimis
396 1760 535 1818 Ecclesiae
545 1759 736 1818 sanctionibus
744 1761 801 1818 voti
809 1760 1231 1838 paupertatisrisexplicaturet

146 1859 310 1916 inculcatur.
354 1870 373 1896 ‘⁴
382 1859 569 1917 Prohibemus
582 1856 706 1915 districte
716 1860 746 1915 in
759 1860 860 1917 virtute
869 1857 1040 1918 obedientiae
1051 1862 1106 1919 sub
1121 1861 1230 1919 obtesta

147 1956 320 2014 tionedivini
329 1956 440 2034 judicii,
451 1959 560 2030 nequis
571 1957 771 2014 monachorum
783 1959 927 2035 proprium
941 1958 1039 2031 aliquo
1048 1959 1138 2017 modo
1146 1957 1229 2034 possi·

145 2051 218 2119 deat,
231 2094 256 2110 ..
270 2095 277 2110 .
293 2055 378 2112 Unde
391 2058 415 2113 si
430 2053 584 2127 quidquam
598 2055 681 2112 alicui
701 2055 784 2113 suerit
796 2056 955 2132 specialiter
974 2056 1160 2123 destinatum,
1178 2073 1230 2113 uon

145 2163 298 2228 praesumat
310 2153 378 2211 illud
392 2155 529 2229 accipere,
538 2153 589 2210 sed
599 2154 690 2211 abbati
700 2153 744 2210 rel
752 2155 837 2230 priori
850 2147 1061 2231 assignemr.”⁶
1100 2157 1145 2215 lta
1153 2155 1230 2213 Iuno

142 2253 252 2310 centius
270 2251 324 2309 ΙΙΙ.
366 2251 516 2311 Consonat
535 2251 686 2310 concilium
708 2252 930 2320 Tridentinum;
952 2255 1109 2312 “Nemini
1127 2254 1230 2331 regula·

141 2351 225 2417 rium,
240 2361 296 2408 tam
311 2352 445 2418 virorum,
459 2369 545 2423 quam
562 2350 724 2420 mulierum,
737 2352 822 2410 liceat
835 2354 908 2411 bona
928 2353 1090 2412 immobilia
1110 2353 1154 2410 vel
1172 2370 1227 2409 mo

140 2447 217 2513 bilia,
233 2449 332 2518 quovis
356 2449 442 2505 modo
464 2449 498 2504 ab
521 2449 562 2504 eis
585 2451 732 2520 acquisita,
761 2460 905 2524 tamquam
926 2453 1052 2528 propria,
1074 2463 1124 2510 sut
1149 2451 1227 2508 etiam

140 2545 255 2600 nomine
269 2555 423 2600 conventus
438 2545 595 2620 possidere,
610 2546 655 2601 vel
670 2557 764 2604 tenere
776 2568 784 2615 ;
805 2549 856 2607 sed
868 2552 961 2608 statim
976 2569 1010 2607 ea
1023 2551 1167 2628 superiori
1181 2559 1229 2605 tra·

140 2639 249 2708 dantur,
263 2643 470 2713 conventuique
481 2640 747 2718 incorporentur.''⁷

179 2745 228 2801 73.
250 2740 388 2817 Religioni
402 2741 538 2799 beneficia
552 2741 697 2810 habentes,
712 2762 749 2801 ex
766 2747 830 2822 jure
850 2756 878 2802 et
899 2747 1117 2814 consuetudine,
1133 2765 1231 2804 eorum

140 2840 265 2899 redditus
279 2840 474 2898 administrare
488 2840 581 2898 valent
600 2843 629 2899 in
650 2844 695 2900 sui
713 2846 948 2903 sustentationem
970 2855 1000 2903 et
1018 2847 1128 2922 inpios
1144 2865 1229 2902 usus:

138 2939 189 2995 sed
202 2950 321 3012 peccant
333 2958 383 2996 eos
404 2939 593 3015 impendendo
616 2942 645 2999 in
668 2960 737 2998 usus
758 2943 902 3020 profanos,
917 2944 963 3000 vel
983 2945 1167 3021 propinquis,
1184 2945 1230 3016 qui

174 3124 215 3188 (l)
235 3121 300 3172 Sese.
314 3140 369 3173 xxv.
381 3141 433 3189 cup.
446 3126 478 3174 iii.
491 3126 520 3175 da
533 3127 693 3188 Regularibus
705 3138 729 3177 et
739 3128 898 3179 Monislibus.

173 3211 215 3274 (2)
232 3209 260 3258 ln
273 3209 331 3274 ipsis
344 3211 476 3274 primordiis
489 3212 603 3261 Ecclesiae
622 3213 719 3276 plurimi
736 3225 831 3277 propter
846 3216 972 3265 Christum
990 3233 1017 3264 se
1034 3217 1126 3266 divitiis
1143 3218 1230 3282 spolia·

138 3305 208 3343 ruut:
227 3293 303 3343 “The
315 3295 421 3345 exercise
434 3296 462 3344 ol
469 3297 562 3360 churity
574 3298 621 3345 und
633 3307 759 3362 contempt
771 3299 799 3347 ol
808 3300 848 3348 the
861 3300 935 3349 world
947 3303 972 3348 in
985 3317 1034 3365 any
1047 3302 1230 3364 extraordinsry

140 3377 234 3441 degree,
243 3395 270 3428 as
283 3380 355 3428 when
368 3397 423 3429 men
436 3397 496 3442 gnae
508 3398 540 3444 up
552 3381 614 3430 their
627 3381 706 3430 whole
717 3392 792 3431 estate
805 3392 829 3432 to
839 3383 879 3432 the
891 3383 980 3433 service
992 3386 1021 3432 oi
1029 3385 1094 3443 God,
1109 3402 1136 3435 or
1148 3402 1192 3435 use
1208 3388 1235 3434 oi

143 3464 184 3512 the
195 3481 261 3527 poor,
272 3482 323 3514 was
335 3467 437 3514 another
448 3466 518 3527 thing
530 3467 582 3515 that
593 3483 653 3528 gave
666 3483 722 3516 men
740 3467 780 3516 the
792 3467 975 3518 denomination
994 3470 1042 3518 and
1061 3470 1113 3519 title
1130 3471 1158 3519 ol
1172 3486 1235 3520 esce·

142 3546 210 3594 tios.'’
246 3548 369 3608 Binghum
381 3550 466 3612 Antiq.
478 3551 493 3598 l.
506 3551 545 3599 vii.
558 3568 577 3601 c.
585 3551 601 3599 i.
635 3551 662 3597 S.
674 3552 843 3612 Augustinum
861 3568 917 3601 cum
935 3553 986 3601 suis
997 3554 1091 3603 clericis
1103 3554 1159 3604 vitas
1170 3571 1232 3603 com·

141 3628 224 3677 munis
235 3631 352 3680 rationem
362 3631 443 3680 iniisse
453 3634 563 3682 abdicato
575 3635 724 3698 proprietatis
733 3637 788 3701 jure
796 3636 890 3695 latetur,
899 3637 977 3686 citatis
985 3637 1023 3686 his
1032 3638 1127 3687 verbis:
1138 3648 1152 3669 ·‘
1162 3639 1235 3688 Volui

141 3713 261 3763 bubersin
277 3712 322 3763 ista
340 3714 412 3763 domo
429 3715 535 3778 episcopi
553 3734 635 3767 meum
653 3721 824 3770 monasterium
843 3721 990 3771 clericorum.
1027 3722 1094 3772 Ecce
1111 3723 1232 3786 quomodo

141 3797 251 3847 vicimus.
286 3796 356 3847 Nulli
368 3796 422 3847 licet
439 3798 464 3846 in
481 3798 594 3847 societate
611 3800 698 3849 habers
711 3802 800 3866 aliquid
813 3804 960 3869 proprium·”
995 3804 1074 3856 Serm.
1088 3807 1148 3858 xlix.
1160 3808 1190 3856 ‹le
1201 3807 1233 3856 di-

141 3885 224 3934 uersis.
258 3883 320 3934 Vide
332 3883 464 3946 Bingium,
477 3883 633 3948 Antiquities,
646 3887 660 3935 l.
673 3885 711 3936 vii.
725 3904 745 3936 c
758 3887 782 3936 ii.

171 3970 213 4034 (3)
233 3968 296 4017 Vide
305 3968 509 4018 constitutionem
521 3967 631 4030 Gregorii
642 3968 711 4018 Xlll.
744 3978 760 4000 ⁸⁸
771 3970 923 4022 Ascendsute
933 3973 1070 4024 Domino.”

175 4054 216 4117 (4)
235 4052 335 4103 Lessius
345 4053 376 4102 de
387 4053 484 4102 Justitis
496 4061 521 4102 et
528 4055 591 4119 jure,
603 4070 623 4103 c.
635 4053 668 4101 iv.
680 4059 694 4113 ς
712 4058 731 4103 l.
744 4055 809 4104 Duh
817 4072 841 4105 v.

174 4139 217 4202 (6)
237 4138 300 4188 Vide
314 4137 423 4187 Carriore
434 4138 465 4188 ‹ls
475 4139 575 4188 iustitia
584 4148 609 4189 st
616 4141 680 4205 jure,
693 4140 749 4190 Vol.
761 4140 777 4188 i.
787 4157 838 4205 par.
853 4141 873 4189 1.
887 4145 901 4202 §
919 4146 938 4192 l.
951 4158 971 4192 c.
984 4142 1015 4191 iv.

175 4222 218 4286 (6)
238 4220 300 4286 Cap.
312 4222 343 4271 vi.
353 4223 384 4271 de
396 4222 469 4273 Statu
481 4223 596 4272 monach.

176 4305 219 4369 (7)
237 4305 302 4354 Seu.
313 4321 370 4356 xxv.
380 4322 434 4371 cup.
443 4307 468 4356 ii.
484 4307 515 4357 ds
527 4307 587 4370 ng.
598 4316 623 4359 st
634 4307 704 4360 Mon.
