<?xml version="1.0" encoding="UTF-8"?>
<!DOCTYPE html PUBLIC "-//W3C//DTD XHTML 1.0 Transitional//EN"
    "http://www.w3.org/TR/xhtml1/DTD/xhtml1-transitional.dtd">
<html xmlns="http://www.w3.org/1999/xhtml" xml:lang="en" lang="en">
 <head>
  <title>
</title>
<meta http-equiv="Content-Type" content="text/html;charset=utf-8" />
  <meta name='ocr-system' content='tesseract 3.04.00' />
  <meta name='ocr-capabilities' content='ocr_page ocr_carea ocr_par ocr_line ocrx_word'/>
</head>
<body>
  <div class='ocr_page' id='page_1' title='image "./theologiaemoral00kenrgoog_0118.png"; bbox 0 0 2744 4980; ppageno 0'>
   <div class='ocr_carea' id='block_1_1' title="bbox 468 406 1270 476">
    <p class='ocr_par' dir='ltr' id='par_1_1' title="bbox 468 406 1270 476">
     <span class='ocr_line' id='line_1_1' title="bbox 468 406 1270 476; baseline 0.014 -12"><span class='ocrx_word' id='word_1_1' title='bbox 468 407 525 466; x_wconf 87' lang='lat' dir='ltr'><strong>DE</strong></span> <span class='ocrx_word' id='word_1_2' title='bbox 546 406 706 466; x_wconf 82' lang='lat' dir='ltr'>TERTIO</span> <span class='ocrx_word' id='word_1_3' title='bbox 728 408 979 469; x_wconf 80' lang='lat' dir='ltr'><strong>PRAEcEPTo.</strong></span> <span class='ocrx_word' id='word_1_4' title='bbox 1231 422 1270 476; x_wconf 86' lang='grc'><strong>97</strong></span> 
     </span>
    </p>
   </div>
   <div class='ocr_carea' id='block_1_2' title="bbox 183 569 1275 3012">
    <p class='ocr_par' dir='ltr' id='par_1_2' title="bbox 183 569 1273 1037">
     <span class='ocr_line' id='line_1_2' title="bbox 185 569 1273 652; baseline 0.01 -24"><span class='ocrx_word' id='word_1_5' title='bbox 185 578 304 646; x_wconf 86' lang='lat' dir='ltr'><strong>segetes,</strong></span> <span class='ocrx_word' id='word_1_6' title='bbox 328 571 375 627; x_wconf 90' lang='lat' dir='ltr'><strong>vel</strong></span> <span class='ocrx_word' id='word_1_7' title='bbox 396 569 514 638; x_wconf 83' lang='lat' dir='ltr'><strong>foenum,</strong></span> <span class='ocrx_word' id='word_1_8' title='bbox 536 571 637 629; x_wconf 88' lang='lat' dir='ltr'><strong>dicbus</strong></span> <span class='ocrx_word' id='word_1_9' title='bbox 657 573 820 640; x_wconf 85' lang='lat' dir='ltr'><strong>dominicis,</strong></span> <span class='ocrx_word' id='word_1_10' title='bbox 841 575 1007 633; x_wconf 87' lang='lat' dir='ltr'><strong>imminente</strong></span> <span class='ocrx_word' id='word_1_11' title='bbox 1028 576 1133 651; x_wconf 89' lang='lat' dir='ltr'><strong>pluvia,</strong></span> <span class='ocrx_word' id='word_1_12' title='bbox 1153 597 1191 636; x_wconf 85' lang='lat' dir='ltr'><strong>ex</strong></span> <span class='ocrx_word' id='word_1_13' title='bbox 1217 597 1273 652; x_wconf 85' lang='lat' dir='ltr'><strong>qua</strong></span> 
     </span>
     <span class='ocr_line' id='line_1_3' title="bbox 183 668 1271 750; baseline 0.006 -22"><span class='ocrx_word' id='word_1_14' title='bbox 183 688 316 745; x_wconf 86' lang='lat' dir='ltr'><strong>magnum</strong></span> <span class='ocrx_word' id='word_1_15' title='bbox 330 668 466 727; x_wconf 90' lang='lat' dir='ltr'><strong>damnum</strong></span> <span class='ocrx_word' id='word_1_16' title='bbox 481 671 589 728; x_wconf 84' lang='lat' dir='ltr'><strong>timent</strong></span> <span class='ocrx_word' id='word_1_17' title='bbox 632 671 722 729; x_wconf 87' lang='lat' dir='ltr'><strong>Nulla</strong></span> <span class='ocrx_word' id='word_1_18' title='bbox 741 674 824 729; x_wconf 91' lang='lat' dir='ltr'><strong>etiam</strong></span> <span class='ocrx_word' id='word_1_19' title='bbox 845 683 890 730; x_wconf 90' lang='lat' dir='ltr'><strong>est</strong></span> <span class='ocrx_word' id='word_1_20' title='bbox 902 674 985 750; x_wconf 89' lang='lat' dir='ltr'><strong>culpa</strong></span> <span class='ocrx_word' id='word_1_21' title='bbox 997 692 1064 731; x_wconf 90' lang='lat' dir='ltr'><strong>vasa</strong></span> <span class='ocrx_word' id='word_1_22' title='bbox 1077 676 1220 733; x_wconf 86' lang='lat' dir='ltr'><strong>arboribus</strong></span> <span class='ocrx_word' id='word_1_23' title='bbox 1233 696 1271 736; x_wconf 88' lang='lat' dir='ltr'><strong>ex</strong></span> 
     </span>
     <span class='ocr_line' id='line_1_4' title="bbox 183 767 1271 848; baseline 0.008 -24"><span class='ocrx_word' id='word_1_24' title='bbox 183 768 280 842; x_wconf 90' lang='lat' dir='ltr'><strong>quibus</strong></span> <span class='ocrx_word' id='word_1_25' title='bbox 295 767 423 824; x_wconf 86' lang='lat' dir='ltr'><strong>sacchari</strong></span> <span class='ocrx_word' id='word_1_26' title='bbox 433 768 526 841; x_wconf 91' lang='lat' dir='ltr'><strong>liquor</strong></span> <span class='ocrx_word' id='word_1_27' title='bbox 538 769 611 834; x_wconf 89' lang='lat' dir='ltr'><strong>fluit,</strong></span> <span class='ocrx_word' id='word_1_28' title='bbox 622 788 795 846; x_wconf 86' lang='lat' dir='ltr'><strong>supponere,</strong></span> <span class='ocrx_word' id='word_1_29' title='bbox 804 789 926 842; x_wconf 91' lang='lat' dir='ltr'><strong>eumque</strong></span> <span class='ocrx_word' id='word_1_30' title='bbox 940 771 1076 848; x_wconf 82' lang='lat' dir='ltr'><strong>deinceps</strong></span> <span class='ocrx_word' id='word_1_31' title='bbox 1089 773 1119 830; x_wconf 92' lang='lat' dir='ltr'><strong>in</strong></span> <span class='ocrx_word' id='word_1_32' title='bbox 1131 792 1181 831; x_wconf 86' lang='lat' dir='ltr'><strong>vas</strong></span> <span class='ocrx_word' id='word_1_33' title='bbox 1195 775 1271 833; x_wconf 88' lang='lat' dir='ltr'><strong>aliud</strong></span> 
     </span>
     <span class='ocr_line' id='line_1_5' title="bbox 184 864 1268 944; baseline 0.005 -20"><span class='ocrx_word' id='word_1_34' title='bbox 184 865 337 933; x_wconf 82' lang='lat' dir='ltr'><strong>transferre,</strong></span> <span class='ocrx_word' id='word_1_35' title='bbox 350 864 463 937; x_wconf 86' lang='lat' dir='ltr'><strong>quando</strong></span> <span class='ocrx_word' id='word_1_36' title='bbox 479 867 615 943; x_wconf 89' lang='lat' dir='ltr'><strong>contingit</strong></span> <span class='ocrx_word' id='word_1_37' title='bbox 622 869 719 943; x_wconf 91' lang='lat' dir='ltr'><strong>paucis</strong></span> <span class='ocrx_word' id='word_1_38' title='bbox 730 878 864 944; x_wconf 73' lang='lat' dir='ltr'><strong>praeterea</strong></span> <span class='ocrx_word' id='word_1_39' title='bbox 880 868 978 928; x_wconf 91' lang='lat' dir='ltr'><strong>diebus</strong></span> <span class='ocrx_word' id='word_1_40' title='bbox 987 869 1128 943; x_wconf 89' lang='lat' dir='ltr'><strong>liquorem</strong></span> <span class='ocrx_word' id='word_1_41' title='bbox 1135 890 1268 931; x_wconf 89' lang='lat' dir='ltr'><strong>manare:</strong></span> 
     </span>
     <span class='ocr_line' id='line_1_6' title="bbox 187 962 673 1037; baseline 0.004 -17"><span class='ocrx_word' id='word_1_42' title='bbox 187 962 311 1037; x_wconf 77' lang='lat' dir='ltr'><strong>qondam</strong></span> <span class='ocrx_word' id='word_1_43' title='bbox 325 965 403 1021; x_wconf 91' lang='lat' dir='ltr'><strong>enim</strong></span> <span class='ocrx_word' id='word_1_44' title='bbox 418 963 497 1021; x_wconf 90' lang='lat' dir='ltr'><strong>adest</strong></span> <span class='ocrx_word' id='word_1_45' title='bbox 509 966 673 1022; x_wconf 81' lang='lat' dir='ltr'><strong>necessitas.</strong></span> 
     </span>
    </p>

    <p class='ocr_par' dir='ltr' id='par_1_3' title="bbox 188 1060 1272 1612">
     <span class='ocr_line' id='line_1_7' title="bbox 219 1060 1270 1138; baseline 0.007 -20"><span class='ocrx_word' id='word_1_46' title='bbox 219 1067 267 1119; x_wconf 75' lang='grc'><strong>85.</strong></span> <span class='ocrx_word' id='word_1_47' title='bbox 291 1060 459 1138; x_wconf 74' lang='lat' dir='ltr'><strong>caupones,</strong></span> <span class='ocrx_word' id='word_1_48' title='bbox 475 1067 524 1136; x_wconf 93' lang='lat' dir='ltr'><strong>qui</strong></span> <span class='ocrx_word' id='word_1_49' title='bbox 537 1064 639 1121; x_wconf 91' lang='lat' dir='ltr'><strong>clausis</strong></span> <span class='ocrx_word' id='word_1_50' title='bbox 653 1065 775 1121; x_wconf 79' lang='lat' dir='ltr'><strong>tabernis</strong></span> <span class='ocrx_word' id='word_1_51' title='bbox 788 1082 833 1121; x_wconf 92' lang='lat' dir='ltr'><strong>res</strong></span> <span class='ocrx_word' id='word_1_52' title='bbox 853 1066 979 1124; x_wconf 90' lang='lat' dir='ltr'><strong>minores</strong></span> <span class='ocrx_word' id='word_1_53' title='bbox 993 1075 1021 1122; x_wconf 92' lang='lat' dir='ltr'><strong>et</strong></span> <span class='ocrx_word' id='word_1_54' title='bbox 1033 1064 1190 1138; x_wconf 78' lang='lat' dir='ltr'><strong>quotidiani</strong></span> <span class='ocrx_word' id='word_1_55' title='bbox 1201 1085 1270 1127; x_wconf 90' lang='lat' dir='ltr'><strong>usus</strong></span> 
     </span>
     <span class='ocr_line' id='line_1_8' title="bbox 188 1161 1270 1234; baseline 0.006 -17"><span class='ocrx_word' id='word_1_56' title='bbox 188 1161 315 1227; x_wconf 87' lang='lat' dir='ltr'><strong>vendunt,</strong></span> <span class='ocrx_word' id='word_1_57' title='bbox 338 1173 508 1219; x_wconf 80' lang='lat' dir='ltr'><strong>excusantur</strong></span> <span class='ocrx_word' id='word_1_58' title='bbox 530 1163 567 1217; x_wconf 97' lang='lat' dir='ltr'><strong>ob</strong></span> <span class='ocrx_word' id='word_1_59' title='bbox 591 1163 786 1221; x_wconf 84' lang='lat' dir='ltr'><strong>necessitatem</strong></span> <span class='ocrx_word' id='word_1_60' title='bbox 812 1163 953 1234; x_wconf 86' lang='lat' dir='ltr'><strong>quandam</strong></span> <span class='ocrx_word' id='word_1_61' title='bbox 979 1174 1007 1219; x_wconf 89' lang='lat' dir='ltr'><strong>ct</strong></span> <span class='ocrx_word' id='word_1_62' title='bbox 1026 1166 1270 1224; x_wconf 88' lang='lat' dir='ltr'><strong>consuetudinem.</strong></span> 
     </span>
     <span class='ocr_line' id='line_1_9' title="bbox 189 1260 1268 1340; baseline 0.006 -25"><span class='ocrx_word' id='word_1_63' title='bbox 189 1260 237 1325; x_wconf 84' lang='lat' dir='ltr'><strong>Qui</strong></span> <span class='ocrx_word' id='word_1_64' title='bbox 249 1277 297 1316; x_wconf 90' lang='lat' dir='ltr'><strong>res</strong></span> <span class='ocrx_word' id='word_1_65' title='bbox 311 1261 408 1334; x_wconf 88' lang='lat' dir='ltr'><strong>magni</strong></span> <span class='ocrx_word' id='word_1_66' title='bbox 422 1261 506 1334; x_wconf 90' lang='lat' dir='ltr'><strong>pretii</strong></span> <span class='ocrx_word' id='word_1_67' title='bbox 519 1262 624 1333; x_wconf 86' lang='lat' dir='ltr'><strong>absque</strong></span> <span class='ocrx_word' id='word_1_68' title='bbox 638 1280 723 1319; x_wconf 86' lang='lat' dir='ltr'><strong>causa</strong></span> <span class='ocrx_word' id='word_1_69' title='bbox 735 1260 862 1319; x_wconf 88' lang='lat' dir='ltr'><strong>vendunt</strong></span> <span class='ocrx_word' id='word_1_70' title='bbox 874 1261 973 1320; x_wconf 90' lang='lat' dir='ltr'><strong>diebus</strong></span> <span class='ocrx_word' id='word_1_71' title='bbox 988 1260 1160 1331; x_wconf 89' lang='lat' dir='ltr'><strong>Dominicis,</strong></span> <span class='ocrx_word' id='word_1_72' title='bbox 1173 1265 1268 1340; x_wconf 86' lang='lat' dir='ltr'><strong>legem</strong></span> 
     </span>
     <span class='ocr_line' id='line_1_10' title="bbox 190 1357 1268 1436; baseline 0.003 -20"><span class='ocrx_word' id='word_1_73' title='bbox 190 1357 320 1416; x_wconf 83' lang='lat' dir='ltr'><strong>Ecclesiae</strong></span> <span class='ocrx_word' id='word_1_74' title='bbox 335 1367 410 1414; x_wconf 88' lang='lat' dir='ltr'><strong>certe</strong></span> <span class='ocrx_word' id='word_1_75' title='bbox 424 1358 544 1415; x_wconf 90' lang='lat' dir='ltr'><strong>violant:</strong></span> <span class='ocrx_word' id='word_1_76' title='bbox 566 1378 619 1416; x_wconf 90' lang='lat' dir='ltr'><strong>nec</strong></span> <span class='ocrx_word' id='word_1_77' title='bbox 639 1369 732 1416; x_wconf 88' lang='lat' dir='ltr'><strong>tamen</strong></span> <span class='ocrx_word' id='word_1_78' title='bbox 752 1361 845 1436; x_wconf 87' lang='lat' dir='ltr'><strong>gravis</strong></span> <span class='ocrx_word' id='word_1_79' title='bbox 858 1361 948 1436; x_wconf 79' lang='lat' dir='ltr'><strong>culpae</strong></span> <span class='ocrx_word' id='word_1_80' title='bbox 963 1359 1115 1418; x_wconf 88' lang='lat' dir='ltr'><strong>damnandi</strong></span> <span class='ocrx_word' id='word_1_81' title='bbox 1129 1361 1268 1430; x_wconf 86' lang='lat' dir='ltr'><strong>videntur,</strong></span> 
     </span>
     <span class='ocr_line' id='line_1_11' title="bbox 189 1456 1272 1535; baseline 0.006 -23"><span class='ocrx_word' id='word_1_82' title='bbox 189 1457 336 1532; x_wconf 85' lang='lat' dir='ltr'><strong>siparvum</strong></span> <span class='ocrx_word' id='word_1_83' title='bbox 351 1466 458 1513; x_wconf 88' lang='lat' dir='ltr'><strong>tautum</strong></span> <span class='ocrx_word' id='word_1_84' title='bbox 473 1466 586 1532; x_wconf 88' lang='lat' dir='ltr'><strong>tempus</strong></span> <span class='ocrx_word' id='word_1_85' title='bbox 601 1458 631 1514; x_wconf 92' lang='lat' dir='ltr'><strong>in</strong></span> <span class='ocrx_word' id='word_1_86' title='bbox 644 1458 679 1514; x_wconf 90' lang='lat' dir='ltr'><strong>iis</strong></span> <span class='ocrx_word' id='word_1_87' title='bbox 692 1456 847 1515; x_wconf 88' lang='lat' dir='ltr'><strong>vendendis</strong></span> <span class='ocrx_word' id='word_1_88' title='bbox 861 1457 1048 1535; x_wconf 86' lang='lat' dir='ltr'><strong>impendatur,</strong></span> <span class='ocrx_word' id='word_1_89' title='bbox 1062 1469 1091 1515; x_wconf 89' lang='lat' dir='ltr'><strong>et</strong></span> <span class='ocrx_word' id='word_1_90' title='bbox 1102 1460 1179 1518; x_wconf 93' lang='lat' dir='ltr'><strong>nulla</strong></span> <span class='ocrx_word' id='word_1_91' title='bbox 1191 1459 1272 1518; x_wconf 89' lang='lat' dir='ltr'><strong>detur</strong></span> 
     </span>
     <span class='ocr_line' id='line_1_12' title="bbox 190 1553 442 1612; baseline 0 0"><span class='ocrx_word' id='word_1_92' title='bbox 190 1553 304 1612; x_wconf 85' lang='lat' dir='ltr'><strong>scandali</strong></span> <span class='ocrx_word' id='word_1_93' title='bbox 318 1554 442 1612; x_wconf 86' lang='lat' dir='ltr'><strong>occasio.</strong></span> 
     </span>
    </p>

    <p class='ocr_par' dir='ltr' id='par_1_4' title="bbox 190 1650 1273 1926">
     <span class='ocr_line' id='line_1_13' title="bbox 218 1650 1271 1731; baseline 0.003 -22"><span class='ocrx_word' id='word_1_94' title='bbox 218 1657 265 1709; x_wconf 82' lang='lat'><strong>86.</strong></span> <span class='ocrx_word' id='word_1_95' title='bbox 294 1653 350 1710; x_wconf 83' lang='lat' dir='ltr'><strong>vl.</strong></span> <span class='ocrx_word' id='word_1_96' title='bbox 376 1650 501 1710; x_wconf 78' lang='lat' dir='ltr'><strong>Utilitas</strong></span> <span class='ocrx_word' id='word_1_97' title='bbox 515 1652 628 1728; x_wconf 90' lang='lat' dir='ltr'><strong>publica</strong></span> <span class='ocrx_word' id='word_1_98' title='bbox 640 1654 698 1711; x_wconf 93' lang='lat' dir='ltr'><strong>vim</strong></span> <span class='ocrx_word' id='word_1_99' title='bbox 714 1655 821 1712; x_wconf 90' lang='lat' dir='ltr'><strong>obtinet</strong></span> <span class='ocrx_word' id='word_1_100' title='bbox 839 1655 1027 1722; x_wconf 82' lang='lat' dir='ltr'><strong>necessitatis,</strong></span> <span class='ocrx_word' id='word_1_101' title='bbox 1042 1666 1216 1731; x_wconf 89' lang='lat' dir='ltr'><strong>quapropter</strong></span> <span class='ocrx_word' id='word_1_102' title='bbox 1234 1656 1271 1714; x_wconf 94' lang='lat' dir='ltr'><strong>ob</strong></span> 
     </span>
     <span class='ocr_line' id='line_1_14' title="bbox 191 1750 1273 1828; baseline 0.003 -21"><span class='ocrx_word' id='word_1_103' title='bbox 191 1752 328 1808; x_wconf 84' lang='lat' dir='ltr'><strong>victoriam</strong></span> <span class='ocrx_word' id='word_1_104' title='bbox 348 1750 555 1818; x_wconf 88' lang='lat' dir='ltr'><strong>celebrandam,</strong></span> <span class='ocrx_word' id='word_1_105' title='bbox 578 1751 624 1808; x_wconf 88' lang='lat' dir='ltr'><strong>vel</strong></span> <span class='ocrx_word' id='word_1_106' title='bbox 645 1753 729 1809; x_wconf 87' lang='lat' dir='ltr'><strong>aliam</strong></span> <span class='ocrx_word' id='word_1_107' title='bbox 749 1753 891 1828; x_wconf 88' lang='lat' dir='ltr'><strong>publicam</strong></span> <span class='ocrx_word' id='word_1_108' title='bbox 918 1770 1042 1818; x_wconf 88' lang='lat' dir='ltr'><strong>causam,</strong></span> <span class='ocrx_word' id='word_1_109' title='bbox 1065 1763 1273 1812; x_wconf 84' lang='lat' dir='ltr'><strong>consueverunt</strong></span> 
     </span>
     <span class='ocr_line' id='line_1_15' title="bbox 190 1848 1122 1926; baseline 0.002 -21"><span class='ocrx_word' id='word_1_110' title='bbox 190 1848 262 1926; x_wconf 84' lang='lat' dir='ltr'><strong>plura</strong></span> <span class='ocrx_word' id='word_1_111' title='bbox 274 1849 337 1907; x_wconf 88' lang='lat' dir='ltr'><strong>fieri</strong></span> <span class='ocrx_word' id='word_1_112' title='bbox 350 1850 380 1907; x_wconf 90' lang='lat' dir='ltr'><strong>in</strong></span> <span class='ocrx_word' id='word_1_113' title='bbox 394 1849 494 1907; x_wconf 90' lang='lat' dir='ltr'><strong>diebus</strong></span> <span class='ocrx_word' id='word_1_114' title='bbox 508 1849 682 1917; x_wconf 87' lang='lat' dir='ltr'><strong>Dominicis,</strong></span> <span class='ocrx_word' id='word_1_115' title='bbox 697 1868 760 1922; x_wconf 75' lang='lat' dir='ltr'><strong>quse</strong></span> <span class='ocrx_word' id='word_1_116' title='bbox 774 1850 841 1906; x_wconf 85' lang='lat' dir='ltr'><strong>alias</strong></span> <span class='ocrx_word' id='word_1_117' title='bbox 855 1850 916 1906; x_wconf 90' lang='lat' dir='ltr'><strong>ficri</strong></span> <span class='ocrx_word' id='word_1_118' title='bbox 929 1850 1122 1925; x_wconf 89' lang='lat' dir='ltr'><strong>prohibentur.</strong></span> 
     </span>
    </p>

    <p class='ocr_par' dir='ltr' id='par_1_5' title="bbox 185 1947 1275 3012">
     <span class='ocr_line' id='line_1_16' title="bbox 220 1947 1273 2026; baseline 0.002 -21"><span class='ocrx_word' id='word_1_119' title='bbox 220 1953 270 2007; x_wconf 81' lang='grc'><strong>87.</strong></span> <span class='ocrx_word' id='word_1_120' title='bbox 293 1947 338 2005; x_wconf 91' lang='lat' dir='ltr'><strong>De</strong></span> <span class='ocrx_word' id='word_1_121' title='bbox 359 1949 496 2024; x_wconf 90' lang='lat' dir='ltr'><strong>temporis</strong></span> <span class='ocrx_word' id='word_1_122' title='bbox 517 1950 609 2024; x_wconf 91' lang='lat' dir='ltr'><strong>spatio</strong></span> <span class='ocrx_word' id='word_1_123' title='bbox 629 1947 706 2021; x_wconf 90' lang='lat' dir='ltr'><strong>quod</strong></span> <span class='ocrx_word' id='word_1_124' title='bbox 726 1949 833 2006; x_wconf 91' lang='lat' dir='ltr'><strong>insumi</strong></span> <span class='ocrx_word' id='word_1_125' title='bbox 854 1947 938 2005; x_wconf 88' lang='lat' dir='ltr'><strong>debet</strong></span> <span class='ocrx_word' id='word_1_126' title='bbox 956 1949 986 2005; x_wconf 91' lang='lat' dir='ltr'><strong>in</strong></span> <span class='ocrx_word' id='word_1_127' title='bbox 1005 1947 1110 2015; x_wconf 90' lang='lat' dir='ltr'><strong>labore,</strong></span> <span class='ocrx_word' id='word_1_128' title='bbox 1131 1958 1161 2006; x_wconf 87' lang='lat' dir='ltr'><strong>ut</strong></span> <span class='ocrx_word' id='word_1_129' title='bbox 1179 1949 1273 2026; x_wconf 87' lang='lat' dir='ltr'><strong>gravis</strong></span> 
     </span>
     <span class='ocr_line' id='line_1_17' title="bbox 187 2046 1271 2123; baseline -0.001 -18"><span class='ocrx_word' id='word_1_130' title='bbox 187 2057 329 2105; x_wconf 87' lang='lat' dir='ltr'><strong>censeatur</strong></span> <span class='ocrx_word' id='word_1_131' title='bbox 341 2047 479 2123; x_wconf 80' lang='lat' dir='ltr'><strong>praecepti</strong></span> <span class='ocrx_word' id='word_1_132' title='bbox 492 2048 616 2113; x_wconf 90' lang='lat' dir='ltr'><strong>violatio,</strong></span> <span class='ocrx_word' id='word_1_133' title='bbox 637 2047 721 2104; x_wconf 75' lang='lat' dir='ltr'><strong>variae</strong></span> <span class='ocrx_word' id='word_1_134' title='bbox 740 2054 806 2104; x_wconf 91' lang='lat' dir='ltr'><strong>eunt</strong></span> <span class='ocrx_word' id='word_1_135' title='bbox 825 2046 988 2103; x_wconf 75' lang='lat' dir='ltr'><strong>sententies:</strong></span> <span class='ocrx_word' id='word_1_136' title='bbox 1010 2063 1129 2117; x_wconf 90' lang='lat' dir='ltr'><strong>quarum</strong></span> <span class='ocrx_word' id='word_1_137' title='bbox 1142 2065 1271 2106; x_wconf 85' lang='lat' dir='ltr'><strong>commu·</strong></span> 
     </span>
     <span class='ocr_line' id='line_1_18' title="bbox 187 2143 1270 2221; baseline -0.001 -18"><span class='ocrx_word' id='word_1_138' title='bbox 187 2148 241 2203; x_wconf 89' lang='lat' dir='ltr'><strong>nior</strong></span> <span class='ocrx_word' id='word_1_139' title='bbox 253 2147 346 2221; x_wconf 86' lang='lat' dir='ltr'><strong>exigit</strong></span> <span class='ocrx_word' id='word_1_140' title='bbox 358 2146 428 2204; x_wconf 88' lang='lat' dir='ltr'><strong>duas</strong></span> <span class='ocrx_word' id='word_1_141' title='bbox 442 2145 557 2204; x_wconf 89' lang='lat' dir='ltr'><strong>veltres</strong></span> <span class='ocrx_word' id='word_1_142' title='bbox 571 2146 663 2203; x_wconf 89' lang='lat' dir='ltr'><strong>horas.</strong></span> <span class='ocrx_word' id='word_1_143' title='bbox 692 2145 749 2211; x_wconf 89' lang='lat' dir='ltr'><strong>Qui</strong></span> <span class='ocrx_word' id='word_1_144' title='bbox 756 2155 822 2221; x_wconf 91' lang='lat' dir='ltr'><strong>post</strong></span> <span class='ocrx_word' id='word_1_145' title='bbox 834 2143 956 2203; x_wconf 87' lang='lat' dir='ltr'><strong>mediam</strong></span> <span class='ocrx_word' id='word_1_146' title='bbox 970 2154 1082 2202; x_wconf 88' lang='lat' dir='ltr'><strong>noctem</strong></span> <span class='ocrx_word' id='word_1_147' title='bbox 1096 2145 1270 2213; x_wconf 81' lang='lat' dir='ltr'><strong>laboraverit,</strong></span> 
     </span>
     <span class='ocr_line' id='line_1_19' title="bbox 185 2240 1271 2320; baseline -0.005 -17"><span class='ocrx_word' id='word_1_148' title='bbox 185 2243 254 2303; x_wconf 92' lang='lat' dir='ltr'><strong>haud</strong></span> <span class='ocrx_word' id='word_1_149' title='bbox 268 2245 353 2302; x_wconf 85' lang='lat' dir='ltr'><strong>facile</strong></span> <span class='ocrx_word' id='word_1_150' title='bbox 367 2243 544 2303; x_wconf 88' lang='lat' dir='ltr'><strong>damnandus</strong></span> <span class='ocrx_word' id='word_1_151' title='bbox 558 2253 602 2300; x_wconf 89' lang='lat' dir='ltr'><strong>est</strong></span> <span class='ocrx_word' id='word_1_152' title='bbox 614 2244 721 2320; x_wconf 85' lang='lat' dir='ltr'><strong>peccati</strong></span> <span class='ocrx_word' id='word_1_153' title='bbox 733 2243 869 2310; x_wconf 88' lang='lat' dir='ltr'><strong>mortalis,</strong></span> <span class='ocrx_word' id='word_1_154' title='bbox 885 2244 911 2299; x_wconf 91' lang='lat' dir='ltr'><strong>si</strong></span> <span class='ocrx_word' id='word_1_155' title='bbox 930 2242 1007 2299; x_wconf 91' lang='lat' dir='ltr'><strong>diem</strong></span> <span class='ocrx_word' id='word_1_156' title='bbox 1019 2242 1071 2299; x_wconf 88' lang='lat' dir='ltr'><strong>rite</strong></span> <span class='ocrx_word' id='word_1_157' title='bbox 1084 2240 1271 2317; x_wconf 82' lang='lat' dir='ltr'><strong>impenderit:</strong></span> 
     </span>
     <span class='ocr_line' id='line_1_20' title="bbox 185 2339 1273 2417; baseline -0.005 -15"><span class='ocrx_word' id='word_1_158' title='bbox 185 2363 232 2402; x_wconf 89' lang='lat' dir='ltr'><strong>nec</strong></span> <span class='ocrx_word' id='word_1_159' title='bbox 251 2345 330 2401; x_wconf 90' lang='lat' dir='ltr'><strong>enim</strong></span> <span class='ocrx_word' id='word_1_160' title='bbox 353 2344 432 2402; x_wconf 92' lang='lat' dir='ltr'><strong>labor</strong></span> <span class='ocrx_word' id='word_1_161' title='bbox 454 2344 502 2401; x_wconf 93' lang='lat' dir='ltr'><strong>ille</strong></span> <span class='ocrx_word' id='word_1_162' title='bbox 522 2353 675 2400; x_wconf 91' lang='lat' dir='ltr'><strong>nocturnus</strong></span> <span class='ocrx_word' id='word_1_163' title='bbox 696 2340 766 2399; x_wconf 86' lang='lat' dir='ltr'><strong>adeo</strong></span> <span class='ocrx_word' id='word_1_164' title='bbox 784 2348 922 2417; x_wconf 87' lang='lat' dir='ltr'><strong>repugnat</strong></span> <span class='ocrx_word' id='word_1_165' title='bbox 935 2339 991 2397; x_wconf 90' lang='lat' dir='ltr'><strong>diei</strong></span> <span class='ocrx_word' id='word_1_166' title='bbox 1005 2340 1197 2398; x_wconf 72' lang='lat' dir='ltr'><strong>observantiae.</strong></span> <span class='ocrx_word' id='word_1_167' title='bbox 1240 2340 1273 2397; x_wconf 81' lang='lat' dir='ltr'><strong>Si</strong></span> 
     </span>
     <span class='ocr_line' id='line_1_21' title="bbox 186 2439 1272 2517; baseline -0.001 -18"><span class='ocrx_word' id='word_1_168' title='bbox 186 2443 244 2515; x_wconf 88' lang='lat' dir='ltr'><strong>quis</strong></span> <span class='ocrx_word' id='word_1_169' title='bbox 258 2443 389 2517; x_wconf 90' lang='lat' dir='ltr'><strong>pluribus</strong></span> <span class='ocrx_word' id='word_1_170' title='bbox 403 2442 578 2500; x_wconf 88' lang='lat' dir='ltr'><strong>mandaverit</strong></span> <span class='ocrx_word' id='word_1_171' title='bbox 590 2452 622 2498; x_wconf 89' lang='lat' dir='ltr'><strong>ut</strong></span> <span class='ocrx_word' id='word_1_172' title='bbox 634 2441 714 2516; x_wconf 88' lang='lat' dir='ltr'><strong>operi</strong></span> <span class='ocrx_word' id='word_1_173' title='bbox 735 2439 829 2497; x_wconf 89' lang='lat' dir='ltr'><strong>servili</strong></span> <span class='ocrx_word' id='word_1_174' title='bbox 842 2440 928 2497; x_wconf 90' lang='lat' dir='ltr'><strong>simul</strong></span> <span class='ocrx_word' id='word_1_175' title='bbox 948 2447 1078 2496; x_wconf 86' lang='lat' dir='ltr'><strong>vacarent</strong></span> <span class='ocrx_word' id='word_1_176' title='bbox 1090 2456 1141 2517; x_wconf 91' lang='lat' dir='ltr'><strong>per</strong></span> <span class='ocrx_word' id='word_1_177' title='bbox 1153 2457 1272 2514; x_wconf 82' lang='lat' dir='ltr'><strong>parvum</strong></span> 
     </span>
     <span class='ocr_line' id='line_1_22' title="bbox 185 2537 1272 2618; baseline -0.005 -19"><span class='ocrx_word' id='word_1_178' title='bbox 185 2542 316 2616; x_wconf 87' lang='lat' dir='ltr'><strong>temporis</strong></span> <span class='ocrx_word' id='word_1_179' title='bbox 327 2541 461 2618; x_wconf 90' lang='lat' dir='ltr'><strong>spatium,</strong></span> <span class='ocrx_word' id='word_1_180' title='bbox 472 2551 540 2616; x_wconf 90' lang='lat' dir='ltr'><strong>puta</strong></span> <span class='ocrx_word' id='word_1_181' title='bbox 553 2559 604 2616; x_wconf 90' lang='lat' dir='ltr'><strong>per</strong></span> <span class='ocrx_word' id='word_1_182' title='bbox 617 2539 811 2613; x_wconf 84' lang='lat' dir='ltr'><strong>quadrantem,</strong></span> <span class='ocrx_word' id='word_1_183' title='bbox 825 2538 1059 2611; x_wconf 81' lang='lat' dir='ltr'><strong>quaeriurutrum</strong></span> <span class='ocrx_word' id='word_1_184' title='bbox 1073 2537 1167 2615; x_wconf 86' lang='lat' dir='ltr'><strong>gravis</strong></span> <span class='ocrx_word' id='word_1_185' title='bbox 1177 2537 1272 2595; x_wconf 89' lang='lat' dir='ltr'><strong>delicti</strong></span> 
     </span>
     <span class='ocr_line' id='line_1_23' title="bbox 185 2636 1274 2716; baseline -0.003 -20"><span class='ocrx_word' id='word_1_186' title='bbox 185 2643 239 2716; x_wconf 89' lang='lat' dir='ltr'><strong>ipse</strong></span> <span class='ocrx_word' id='word_1_187' title='bbox 253 2658 319 2697; x_wconf 90' lang='lat' dir='ltr'><strong>reus</strong></span> <span class='ocrx_word' id='word_1_188' title='bbox 334 2639 483 2697; x_wconf 88' lang='lat' dir='ltr'><strong>habendus</strong></span> <span class='ocrx_word' id='word_1_189' title='bbox 496 2640 542 2695; x_wconf 68' lang='lat' dir='ltr'><strong>sit</strong></span> <span class='ocrx_word' id='word_1_190' title='bbox 585 2640 703 2715; x_wconf 88' lang='lat' dir='ltr'><strong>Negans</strong></span> <span class='ocrx_word' id='word_1_191' title='bbox 713 2639 853 2695; x_wconf 84' lang='lat' dir='ltr'><strong>sententia</strong></span> <span class='ocrx_word' id='word_1_192' title='bbox 860 2636 940 2694; x_wconf 91' lang='lat' dir='ltr'><strong>nobis</strong></span> <span class='ocrx_word' id='word_1_193' title='bbox 953 2636 1096 2711; x_wconf 89' lang='lat' dir='ltr'><strong>probatur,</strong></span> <span class='ocrx_word' id='word_1_194' title='bbox 1110 2654 1176 2693; x_wconf 88' lang='lat' dir='ltr'><strong>nam</strong></span> <span class='ocrx_word' id='word_1_195' title='bbox 1184 2653 1274 2708; x_wconf 92' lang='lat' dir='ltr'><strong>quum</strong></span> 
     </span>
     <span class='ocr_line' id='line_1_24' title="bbox 185 2734 1275 2814; baseline -0.006 -19"><span class='ocrx_word' id='word_1_196' title='bbox 185 2739 287 2814; x_wconf 84' lang='lat' dir='ltr'><strong>singuli</strong></span> <span class='ocrx_word' id='word_1_197' title='bbox 308 2750 417 2796; x_wconf 86' lang='lat' dir='ltr'><strong>tantum</strong></span> <span class='ocrx_word' id='word_1_198' title='bbox 437 2738 584 2795; x_wconf 86' lang='lat' dir='ltr'><strong>venialiter</strong></span> <span class='ocrx_word' id='word_1_199' title='bbox 604 2739 757 2813; x_wconf 90' lang='lat' dir='ltr'><strong>peccarint,</strong></span> <span class='ocrx_word' id='word_1_200' title='bbox 779 2737 840 2811; x_wconf 92' lang='lat' dir='ltr'><strong>ipse</strong></span> <span class='ocrx_word' id='word_1_201' title='bbox 860 2734 984 2811; x_wconf 89' lang='lat' dir='ltr'><strong>plurium</strong></span> <span class='ocrx_word' id='word_1_202' title='bbox 1003 2734 1158 2791; x_wconf 90' lang='lat' dir='ltr'><strong>venialium</strong></span> <span class='ocrx_word' id='word_1_203' title='bbox 1178 2742 1275 2790; x_wconf 88' lang='lat' dir='ltr'><strong>auctor</strong></span> 
     </span>
     <span class='ocr_line' id='line_1_25' title="bbox 187 2828 1272 2908; baseline -0.007 -14"><span class='ocrx_word' id='word_1_204' title='bbox 187 2839 327 2904; x_wconf 81' lang='lat' dir='ltr'><strong>noscitur3</strong></span> <span class='ocrx_word' id='word_1_205' title='bbox 351 2847 518 2895; x_wconf 86' lang='lat' dir='ltr'><strong>nouantem</strong></span> <span class='ocrx_word' id='word_1_206' title='bbox 540 2837 665 2894; x_wconf 82' lang='lat' dir='ltr'><strong>mortalis</strong></span> <span class='ocrx_word' id='word_1_207' title='bbox 684 2834 790 2892; x_wconf 89' lang='lat' dir='ltr'><strong>delicti.</strong></span> <span class='ocrx_word' id='word_1_208' title='bbox 832 2833 867 2890; x_wconf 92' lang='lat' dir='ltr'><strong>In</strong></span> <span class='ocrx_word' id='word_1_209' title='bbox 880 2832 1040 2890; x_wconf 83' lang='lat' dir='ltr'><strong>forensibus</strong></span> <span class='ocrx_word' id='word_1_210' title='bbox 1053 2840 1081 2887; x_wconf 90' lang='lat' dir='ltr'><strong>et</strong></span> <span class='ocrx_word' id='word_1_211' title='bbox 1089 2828 1272 2908; x_wconf 88' lang='lat' dir='ltr'><strong>judicialibus</strong></span> 
     </span>
     <span class='ocr_line' id='line_1_26' title="bbox 186 2928 1088 3012; baseline -0.007 -19"><span class='ocrx_word' id='word_1_212' title='bbox 186 2956 222 2993; x_wconf 88' lang='lat' dir='ltr'><strong>res</strong></span> <span class='ocrx_word' id='word_1_213' title='bbox 239 2956 305 3008; x_wconf 83' lang='lat' dir='ltr'><strong>quae</strong></span> <span class='ocrx_word' id='word_1_214' title='bbox 321 2938 422 3012; x_wconf 88' lang='lat' dir='ltr'><strong>agitur,</strong></span> <span class='ocrx_word' id='word_1_215' title='bbox 437 2937 528 3012; x_wconf 86' lang='lat' dir='ltr'><strong>magis</strong></span> <span class='ocrx_word' id='word_1_216' title='bbox 543 2954 629 3006; x_wconf 88' lang='lat' dir='ltr'><strong>quarn</strong></span> <span class='ocrx_word' id='word_1_217' title='bbox 644 2933 778 3010; x_wconf 89' lang='lat' dir='ltr'><strong>temporis</strong></span> <span class='ocrx_word' id='word_1_218' title='bbox 792 2932 915 3007; x_wconf 90' lang='lat' dir='ltr'><strong>spatium</strong></span> <span class='ocrx_word' id='word_1_219' title='bbox 928 2928 1088 2988; x_wconf 87' lang='lat' dir='ltr'><strong>attenditur.</strong></span> 
     </span>
    </p>
   </div>
   <div class='ocr_carea' id='block_1_3' title="bbox 184 3113 1274 3783">
    <p class='ocr_par' dir='ltr' id='par_1_6' title="bbox 184 3113 1274 3783">
     <span class='ocr_line' id='line_1_27' title="bbox 215 3113 1274 3189; baseline -0.008 -18"><span class='ocrx_word' id='word_1_220' title='bbox 215 3125 256 3189; x_wconf 90' lang='lat' dir='ltr'><strong>(l)</strong></span> <span class='ocrx_word' id='word_1_221' title='bbox 276 3122 397 3171; x_wconf 81' lang='lat' dir='ltr'><strong>Jeromiee</strong></span> <span class='ocrx_word' id='word_1_222' title='bbox 414 3122 506 3186; x_wconf 81' lang='lat' dir='ltr'><strong>Teylor</strong></span> <span class='ocrx_word' id='word_1_223' title='bbox 520 3122 546 3171; x_wconf 89' lang='lat' dir='ltr'><strong>in</strong></span> <span class='ocrx_word' id='word_1_224' title='bbox 558 3121 663 3170; x_wconf 87' lang='lat' dir='ltr'><strong>nimium</strong></span> <span class='ocrx_word' id='word_1_225' title='bbox 675 3118 835 3184; x_wconf 83' lang='lat' dir='ltr'><strong>quorumdem</strong></span> <span class='ocrx_word' id='word_1_226' title='bbox 845 3117 949 3178; x_wconf 79' lang='lat' dir='ltr'><strong>n&#39;gorem</strong></span> <span class='ocrx_word' id='word_1_227' title='bbox 968 3115 1055 3165; x_wconf 88' lang='lat' dir='ltr'><strong>merito</strong></span> <span class='ocrx_word' id='word_1_228' title='bbox 1065 3113 1202 3165; x_wconf 85' lang='lat' dir='ltr'><strong>invehitur:</strong></span> <span class='ocrx_word' id='word_1_229' title='bbox 1220 3120 1234 3143; x_wconf 84' lang='lat'><strong>“</strong></span> <span class='ocrx_word' id='word_1_230' title='bbox 1245 3113 1274 3163; x_wconf 92' lang='lat' dir='ltr'><strong>ln</strong></span> 
     </span>
     <span class='ocr_line' id='line_1_28' title="bbox 188 3195 1274 3272; baseline -0.012 -16"><span class='ocrx_word' id='word_1_231' title='bbox 188 3209 248 3256; x_wconf 86' lang='lat' dir='ltr'><strong>those</strong></span> <span class='ocrx_word' id='word_1_232' title='bbox 260 3209 343 3272; x_wconf 79' lang='lat' dir='ltr'><strong>places</strong></span> <span class='ocrx_word' id='word_1_233' title='bbox 355 3208 439 3257; x_wconf 82' lang='lat' dir='ltr'><strong>where</strong></span> <span class='ocrx_word' id='word_1_234' title='bbox 450 3208 491 3256; x_wconf 90' lang='lat' dir='ltr'><strong>the</strong></span> <span class='ocrx_word' id='word_1_235' title='bbox 500 3207 582 3255; x_wconf 86' lang='lat' dir='ltr'><strong>offices</strong></span> <span class='ocrx_word' id='word_1_236' title='bbox 593 3206 622 3254; x_wconf 85' lang='lat' dir='ltr'><strong>ol</strong></span> <span class='ocrx_word' id='word_1_237' title='bbox 629 3205 670 3253; x_wconf 91' lang='lat' dir='ltr'><strong>the</strong></span> <span class='ocrx_word' id='word_1_238' title='bbox 678 3203 770 3253; x_wconf 91' lang='lat' dir='ltr'><strong>churcb</strong></span> <span class='ocrx_word' id='word_1_239' title='bbox 782 3219 822 3252; x_wconf 87' lang='lat' dir='ltr'><strong>ere</strong></span> <span class='ocrx_word' id='word_1_240' title='bbox 833 3211 877 3251; x_wconf 90' lang='lat' dir='ltr'><strong>not</strong></span> <span class='ocrx_word' id='word_1_241' title='bbox 892 3199 1024 3264; x_wconf 82' lang='lat' dir='ltr'><strong>expensive</strong></span> <span class='ocrx_word' id='word_1_242' title='bbox 1035 3199 1064 3248; x_wconf 82' lang='lat' dir='ltr'><strong>os</strong></span> <span class='ocrx_word' id='word_1_243' title='bbox 1071 3197 1112 3247; x_wconf 88' lang='lat' dir='ltr'><strong>the</strong></span> <span class='ocrx_word' id='word_1_244' title='bbox 1123 3196 1203 3245; x_wconf 82' lang='lat' dir='ltr'><strong>whole</strong></span> <span class='ocrx_word' id='word_1_245' title='bbox 1217 3195 1274 3258; x_wconf 76' lang='lat' dir='ltr'><strong>day,</strong></span> 
     </span>
     <span class='ocr_line' id='line_1_29' title="bbox 187 3281 1274 3357; baseline -0.016 -14"><span class='ocrx_word' id='word_1_246' title='bbox 187 3293 234 3342; x_wconf 89' lang='lat' dir='ltr'><strong>itis</strong></span> <span class='ocrx_word' id='word_1_247' title='bbox 253 3294 338 3342; x_wconf 83' lang='lat' dir='ltr'><strong>lewlul</strong></span> <span class='ocrx_word' id='word_1_248' title='bbox 350 3303 376 3342; x_wconf 91' lang='lat' dir='ltr'><strong>to</strong></span> <span class='ocrx_word' id='word_1_249' title='bbox 387 3292 418 3342; x_wconf 87' lang='lat' dir='ltr'><strong>do</strong></span> <span class='ocrx_word' id='word_1_250' title='bbox 432 3295 512 3357; x_wconf 89' lang='lat' dir='ltr'><strong>(upon</strong></span> <span class='ocrx_word' id='word_1_251' title='bbox 520 3294 573 3356; x_wconf 84' lang='lat' dir='ltr'><strong>just</strong></span> <span class='ocrx_word' id='word_1_252' title='bbox 584 3291 677 3352; x_wconf 83' lang='lat' dir='ltr'><strong>cause,)</strong></span> <span class='ocrx_word' id='word_1_253' title='bbox 691 3304 739 3352; x_wconf 80' lang='lat' dir='ltr'><strong>eny</strong></span> <span class='ocrx_word' id='word_1_254' title='bbox 751 3287 819 3335; x_wconf 76' lang='lat' dir='ltr'><strong>work</strong></span> <span class='ocrx_word' id='word_1_255' title='bbox 831 3285 914 3334; x_wconf 81' lang='lat' dir='ltr'><strong>thetis</strong></span> <span class='ocrx_word' id='word_1_256' title='bbox 925 3291 968 3332; x_wconf 90' lang='lat' dir='ltr'><strong>not</strong></span> <span class='ocrx_word' id='word_1_257' title='bbox 988 3281 1113 3331; x_wconf 77' lang='lat' dir='ltr'><strong>forbidden</strong></span> <span class='ocrx_word' id='word_1_258' title='bbox 1133 3282 1165 3342; x_wconf 86' lang='lat' dir='ltr'><strong>by</strong></span> <span class='ocrx_word' id='word_1_259' title='bbox 1178 3293 1223 3327; x_wconf 89' lang='lat' dir='ltr'><strong>our</strong></span> <span class='ocrx_word' id='word_1_260' title='bbox 1233 3293 1274 3327; x_wconf 90' lang='lat' dir='ltr'><strong>su·</strong></span> 
     </span>
     <span class='ocr_line' id='line_1_30' title="bbox 187 3361 1273 3442; baseline -0.018 -13"><span class='ocrx_word' id='word_1_261' title='bbox 187 3380 278 3442; x_wconf 78' lang='lat' dir='ltr'><strong>periers,</strong></span> <span class='ocrx_word' id='word_1_262' title='bbox 289 3395 316 3428; x_wconf 92' lang='lat' dir='ltr'><strong>or</strong></span> <span class='ocrx_word' id='word_1_263' title='bbox 336 3378 481 3427; x_wconf 81' lang='lat' dir='ltr'><strong>scendelous</strong></span> <span class='ocrx_word' id='word_1_264' title='bbox 492 3385 516 3426; x_wconf 90' lang='lat' dir='ltr'><strong>to</strong></span> <span class='ocrx_word' id='word_1_265' title='bbox 528 3392 573 3425; x_wconf 89' lang='lat' dir='ltr'><strong>our</strong></span> <span class='ocrx_word' id='word_1_266' title='bbox 589 3375 709 3431; x_wconf 89' lang='lat' dir='ltr'><strong>brethren,</strong></span> <span class='ocrx_word' id='word_1_267' title='bbox 720 3373 747 3421; x_wconf 89' lang='lat' dir='ltr'><strong>in</strong></span> <span class='ocrx_word' id='word_1_268' title='bbox 765 3369 834 3419; x_wconf 89' lang='lat' dir='ltr'><strong>those</strong></span> <span class='ocrx_word' id='word_1_269' title='bbox 853 3367 961 3432; x_wconf 86' lang='lat' dir='ltr'><strong>portione</strong></span> <span class='ocrx_word' id='word_1_270' title='bbox 977 3365 1006 3414; x_wconf 84' lang='lat' dir='ltr'><strong>ol</strong></span> <span class='ocrx_word' id='word_1_271' title='bbox 1019 3364 1061 3414; x_wconf 85' lang='lat' dir='ltr'><strong>the</strong></span> <span class='ocrx_word' id='word_1_272' title='bbox 1078 3362 1126 3427; x_wconf 80' lang='lat' dir='ltr'><strong>day</strong></span> <span class='ocrx_word' id='word_1_273' title='bbox 1137 3361 1219 3411; x_wconf 84' lang='lat' dir='ltr'><strong>which</strong></span> <span class='ocrx_word' id='word_1_274' title='bbox 1232 3377 1273 3411; x_wconf 81' lang='lat' dir='ltr'><strong>are</strong></span> 
     </span>
     <span class='ocr_line' id='line_1_31' title="bbox 186 3446 1273 3528; baseline -0.017 -15"><span class='ocrx_word' id='word_1_275' title='bbox 186 3462 359 3528; x_wconf 82' lang='lat' dir='ltr'><strong>memployed=</strong></span> <span class='ocrx_word' id='word_1_276' title='bbox 371 3461 419 3511; x_wconf 85' lang='lat' dir='ltr'><strong>end</strong></span> <span class='ocrx_word' id='word_1_277' title='bbox 430 3468 455 3511; x_wconf 93' lang='lat' dir='ltr'><strong>to</strong></span> <span class='ocrx_word' id='word_1_278' title='bbox 466 3461 530 3524; x_wconf 83' lang='lat' dir='ltr'><strong>deuy</strong></span> <span class='ocrx_word' id='word_1_279' title='bbox 541 3460 590 3509; x_wconf 84' lang='lat' dir='ltr'><strong>this</strong></span> <span class='ocrx_word' id='word_1_280' title='bbox 602 3459 622 3507; x_wconf 87' lang='lat' dir='ltr'><strong>ie</strong></span> <span class='ocrx_word' id='word_1_281' title='bbox 634 3456 709 3507; x_wconf 77' lang='lat' dir='ltr'><strong>called</strong></span> <span class='ocrx_word' id='word_1_282' title='bbox 721 3467 889 3520; x_wconf 87' lang='lat' dir='ltr'><strong>perverseness</strong></span> <span class='ocrx_word' id='word_1_283' title='bbox 899 3451 947 3500; x_wconf 77' lang='lat' dir='ltr'><strong>and</strong></span> <span class='ocrx_word' id='word_1_284' title='bbox 959 3457 1071 3513; x_wconf 80' lang='lat' dir='ltr'><strong>contrary</strong></span> <span class='ocrx_word' id='word_1_285' title='bbox 1082 3455 1108 3497; x_wconf 89' lang='lat' dir='ltr'><strong>to</strong></span> <span class='ocrx_word' id='word_1_286' title='bbox 1119 3446 1187 3497; x_wconf 80' lang='lat' dir='ltr'><strong>luith.</strong></span> <span class='ocrx_word' id='word_1_287' title='bbox 1208 3446 1273 3512; x_wconf 75' lang='lat' dir='ltr'><strong>Cup.</strong></span> 
     </span>
     <span class='ocr_line' id='line_1_32' title="bbox 184 3531 1273 3614; baseline -0.019 -14"><span class='ocrx_word' id='word_1_288' title='bbox 184 3564 277 3614; x_wconf 78' lang='lat' dir='ltr'><strong>persen.</strong></span> <span class='ocrx_word' id='word_1_289' title='bbox 289 3547 321 3598; x_wconf 81' lang='lat' dir='ltr'><strong>de</strong></span> <span class='ocrx_word' id='word_1_290' title='bbox 331 3561 434 3597; x_wconf 81' lang='lat' dir='ltr'><strong>consecr.</strong></span> <span class='ocrx_word' id='word_1_291' title='bbox 445 3544 504 3596; x_wconf 82' lang='lat' dir='ltr'><strong>dist.</strong></span> <span class='ocrx_word' id='word_1_292' title='bbox 517 3545 612 3593; x_wconf 57' lang='lat' dir='ltr'><strong>tte-As</strong></span> <span class='ocrx_word' id='word_1_293' title='bbox 626 3543 662 3592; x_wconf 83' lang='lat' dir='ltr'><strong>lor</strong></span> <span class='ocrx_word' id='word_1_294' title='bbox 674 3556 741 3590; x_wconf 88' lang='lat' dir='ltr'><strong>some</strong></span> <span class='ocrx_word' id='word_1_295' title='bbox 753 3553 852 3604; x_wconf 83' lang='lat' dir='ltr'><strong>persons</strong></span> <span class='ocrx_word' id='word_1_296' title='bbox 864 3544 889 3586; x_wconf 87' lang='lat' dir='ltr'><strong>to</strong></span> <span class='ocrx_word' id='word_1_297' title='bbox 901 3535 956 3598; x_wconf 74' lang='lat' dir='ltr'><strong>give</strong></span> <span class='ocrx_word' id='word_1_298' title='bbox 967 3534 1114 3585; x_wconf 77' lang='lat' dir='ltr'><strong>themselves</strong></span> <span class='ocrx_word' id='word_1_299' title='bbox 1125 3538 1193 3594; x_wconf 75' lang='lat' dir='ltr'><strong>great</strong></span> <span class='ocrx_word' id='word_1_300' title='bbox 1203 3531 1273 3580; x_wconf 85' lang='lat' dir='ltr'><strong>liber·</strong></span> 
     </span>
     <span class='ocr_line' id='line_1_33' title="bbox 191 3616 1274 3697; baseline -0.017 -14"><span class='ocrx_word' id='word_1_301' title='bbox 191 3634 231 3682; x_wconf 81' lang='lat' dir='ltr'><strong>ties</strong></span> <span class='ocrx_word' id='word_1_302' title='bbox 241 3632 270 3681; x_wconf 84' lang='lat' dir='ltr'><strong>ol</strong></span> <span class='ocrx_word' id='word_1_303' title='bbox 283 3641 351 3697; x_wconf 82' lang='lat' dir='ltr'><strong>sport</strong></span> <span class='ocrx_word' id='word_1_304' title='bbox 362 3647 394 3681; x_wconf 91' lang='lat' dir='ltr'><strong>on</strong></span> <span class='ocrx_word' id='word_1_305' title='bbox 403 3631 456 3681; x_wconf 80' lang='lat' dir='ltr'><strong>thet</strong></span> <span class='ocrx_word' id='word_1_306' title='bbox 466 3630 514 3694; x_wconf 85' lang='lat' dir='ltr'><strong>day</strong></span> <span class='ocrx_word' id='word_1_307' title='bbox 524 3630 546 3678; x_wconf 84' lang='lat' dir='ltr'><strong>is</strong></span> <span class='ocrx_word' id='word_1_308' title='bbox 556 3628 650 3679; x_wconf 80' lang='lat' dir='ltr'><strong>neither</strong></span> <span class='ocrx_word' id='word_1_309' title='bbox 661 3627 732 3691; x_wconf 89' lang='lat' dir='ltr'><strong>pious</strong></span> <span class='ocrx_word' id='word_1_310' title='bbox 744 3640 789 3674; x_wconf 90' lang='lat' dir='ltr'><strong>nor</strong></span> <span class='ocrx_word' id='word_1_311' title='bbox 800 3621 912 3687; x_wconf 85' lang='lat' dir='ltr'><strong>prudent,</strong></span> <span class='ocrx_word' id='word_1_312' title='bbox 924 3636 952 3670; x_wconf 89' lang='lat' dir='ltr'><strong>so</strong></span> <span class='ocrx_word' id='word_1_313' title='bbox 964 3628 989 3670; x_wconf 93' lang='lat' dir='ltr'><strong>to</strong></span> <span class='ocrx_word' id='word_1_314' title='bbox 1000 3619 1065 3683; x_wconf 81' lang='lat' dir='ltr'><strong>dsny</strong></span> <span class='ocrx_word' id='word_1_315' title='bbox 1076 3633 1144 3668; x_wconf 86' lang='lat' dir='ltr'><strong>some</strong></span> <span class='ocrx_word' id='word_1_316' title='bbox 1156 3625 1181 3667; x_wconf 93' lang='lat' dir='ltr'><strong>to</strong></span> <span class='ocrx_word' id='word_1_317' title='bbox 1192 3616 1274 3667; x_wconf 83' lang='lat' dir='ltr'><strong>others</strong></span> 
     </span>
     <span class='ocr_line' id='line_1_34' title="bbox 188 3704 1155 3783; baseline -0.017 -16"><span class='ocrx_word' id='word_1_318' title='bbox 188 3717 307 3769; x_wconf 86' lang='lat' dir='ltr'><strong>isneitbcr</strong></span> <span class='ocrx_word' id='word_1_319' title='bbox 314 3719 367 3783; x_wconf 82' lang='lat' dir='ltr'><strong>just</strong></span> <span class='ocrx_word' id='word_1_320' title='bbox 379 3733 423 3766; x_wconf 89' lang='lat' dir='ltr'><strong>nor</strong></span> <span class='ocrx_word' id='word_1_321' title='bbox 434 3713 588 3767; x_wconf 51' lang='lat' dir='ltr'><strong>charietto?</strong></span> <span class='ocrx_word' id='word_1_322' title='bbox 624 3713 719 3763; x_wconf 84' lang='lat' dir='ltr'><strong>Ductor</strong></span> <span class='ocrx_word' id='word_1_323' title='bbox 730 3706 922 3768; x_wconf 69' lang='lat' dir='ltr'><strong>uenientium,</strong></span> <span class='ocrx_word' id='word_1_324' title='bbox 933 3707 949 3757; x_wconf 82' lang='lat' dir='ltr'><strong>l.</strong></span> <span class='ocrx_word' id='word_1_325' title='bbox 959 3706 985 3757; x_wconf 82' lang='lat' dir='ltr'><strong>ii.</strong></span> <span class='ocrx_word' id='word_1_326' title='bbox 996 3722 1018 3756; x_wconf 86' lang='lat' dir='ltr'><strong>c.</strong></span> <span class='ocrx_word' id='word_1_327' title='bbox 1029 3709 1053 3754; x_wconf 71' lang='grc'><strong>9.</strong></span> <span class='ocrx_word' id='word_1_328' title='bbox 1065 3704 1155 3770; x_wconf 70' lang='lat' dir='ltr'><strong>pssdd.</strong></span> 
     </span>
    </p>
   </div>
   <div class='ocr_carea' id='block_1_4' title="bbox 0 0 1376 4980">
    <p class='ocr_par' dir='ltr' id='par_1_7' title="bbox 0 0 1376 4980">
     <span class='ocr_line' id='line_1_35' title="bbox 0 0 1376 4980; baseline 0 0"><span class='ocrx_word' id='word_1_329' title='bbox 0 0 1376 4980; x_wconf 95' lang='lat' dir='ltr'><strong> </strong></span> 
     </span>
    </p>
   </div>
  </div>
 </body>
</html>
