2744 4980
155 412 190 468 ιο
407 410 463 470 nn
483 409 665 469 noricus
686 388 988 473 vocunrsuu's.
1009 454 1012 459 .

195 578 241 630 11.
256 574 454 634 Voluntarium
465 574 591 643 actuale,
603 594 653 633 seu
656 573 802 655 formale,
813 575 915 634 dicitur
925 574 1004 648 quod
1010 574 1074 646 quis
1086 581 1150 631 actu
1158 572 1238 630 vult:

152 674 340 732 voluntarium
357 674 485 734 virtuale
507 673 584 748 quod
604 675 663 732 vult
684 674 810 746 quidem,
832 675 962 756 quamvis
983 685 1046 731 actu
1066 672 1102 730 de
1123 688 1159 729 eo
1179 689 1241 729 non

153 774 266 850 cogitet,
283 772 334 830 sed
355 775 413 852 agit
437 794 474 832 ex
495 774 599 851 praevia
618 775 760 831 voluntate
791 776 873 851 cujus
901 773 1020 831 effectus
1040 780 1146 831 manet.
1189 769 1241 827 Sic

153 871 283 928 sacerdos
297 872 348 944 qui
361 874 479 930 accessit
491 873 526 931 ad
539 873 622 929 altare
640 872 674 929 ad
695 873 892 930 celebrandum
912 891 1034 939 sacrum,
1048 871 1118 931 illud
1140 886 1241 927 cense-

154 983 197 1027 tur
210 970 292 1036 velle,
306 973 390 1030 etiam
405 972 473 1031 dum
488 981 561 1030 totus
582 971 705 1029 intentus
719 972 810 1028 verbis
824 972 983 1039 recitandis,
997 971 1038 1029 nil
1051 969 1086 1027 de
1099 967 1241 1029 sacrificio

154 1071 267 1145 cogitet.
308 1071 506 1130 Voluntarium
519 1069 672 1129 ltabitrtole
685 1070 815 1143 estquod
829 1090 866 1127 ex
879 1068 1084 1129 consuetudine
1097 1079 1126 1127 et
1139 1066 1240 1127 volun-

154 1179 208 1225 tate
222 1187 281 1225 uon
294 1172 492 1237 retractatam,
507 1169 576 1243 quin
591 1169 757 1226 advertatur.
785 1169 834 1225 Sic
850 1171 1010 1245 juramenta
1028 1185 1068 1225 ex
1087 1177 1241 1226 consuetu·

153 1266 218 1324 dine
232 1268 383 1339 aliquando
397 1271 586 1346 profemntur,
602 1268 670 1340 quin
691 1286 773 1325 mens
794 1267 829 1324 sd
849 1287 883 1325 ea
896 1268 1033 1325 ullatenus
1053 1283 1085 1323 se
1105 1266 1241 1324 advertat.

155 1366 226 1431 Quae
241 1367 270 1423 in
283 1370 391 1425 somnis
405 1371 572 1445 contingunt
584 1385 621 1423 ex
641 1367 846 1425 consuetudine
867 1365 943 1424 haud
962 1373 1118 1434 retractata,
1141 1363 1243 1423 vouln·

155 1465 223 1521 taria
243 1464 437 1524 ltabirualiter
458 1478 533 1525 sunt.
573 1466 772 1524 Voluntarium
793 1466 1016 1544 interpretative
1037 1465 1141 1523 dicitur
1162 1446 1242 1537 quod

107 1590 133 1645 ,θ
155 1564 220 1635 quis
233 1563 308 1620 eertd
322 1567 448 1624 noscitur
460 1567 532 1624 vellc
545 1567 570 1622 si
591 1575 804 1641 proponeretur,
825 1567 876 1623 sed
897 1564 974 1638 quod
994 1565 1155 1623 nullatenus
1168 1561 1241 1628 vult,

155 1663 357 1741 propositionis
370 1664 491 1723 defectu.
531 1666 580 1722 Sic
601 1665 751 1740 paciscitur
771 1666 836 1736 quis
857 1665 970 1722 alterius
991 1659 1106 1722 nomine
1127 1663 1163 1722 de
1177 1681 1242 1721 mu·

155 1779 222 1818 nere
235 1761 291 1818 levi
312 1762 443 1822 obeundo
464 1783 549 1822 eausa
572 1782 681 1839 magma
703 1763 873 1821 hereditatis
894 1762 1100 1839 adipiscendae:
1123 1781 1242 1839 persua·

155 1879 218 1917 sum
233 1861 287 1917 sibi
300 1862 406 1918 habens
420 1881 497 1930 eum,
511 1864 535 1919 si
548 1861 750 1927 consuleretur,
772 1881 942 1920 consensum
961 1862 1080 1918 libenter
1099 1862 1243 1937 praestitu·

155 1977 227 2015 rum.
268 1959 318 2015 Sic
330 1969 359 2016 et
371 1960 501 2018 sacerdos
514 1961 622 2016 alienus
636 1960 688 2015 iter
708 1960 814 2017 faciens
835 1961 943 2018 invenit
961 1959 1059 2016 fideles
1073 1960 1152 2018 omni
1166 1960 1243 2018 selu·

156 2058 192 2113 tis
204 2055 332 2114 subsidio
354 2057 402 2115 diu
416 2070 553 2125 carentes,
565 2076 638 2130 quos
649 2057 771 2115 Missam
782 2058 959 2126 celebrando,
972 2069 1001 2114 ct
1010 2059 1147 2118 concione
1161 2076 1243 2116 sacra

155 2154 270 2222 solatur,
284 2166 391 2214 certum
413 2155 520 2233 habens
541 2158 721 2232 episcopum,
742 2157 767 2215 si
789 2157 910 2215 adeundi
931 2176 997 2215 eum
1018 2157 1090 2214 soret
1110 2158 1243 2225 facultas,

154 2252 297 2312 licentiam
311 2254 451 2314 daturum.
490 2258 623 2314 Attamen
636 2256 858 2331 presumptione
878 2255 931 2313 hac
950 2257 993 2314 uti
1006 2274 1063 2313 non
1075 2255 1143 2313 licet
1155 2256 1186 2313 iu
1199 2274 1245 2313 sa·

155 2362 300 2411 eramento
312 2356 485 2430 poenitcntiae
496 2353 691 2421 ministrando,
704 2373 791 2427 quum
803 2373 959 2413 consensus
980 2355 1102 2431 praevius
1122 2355 1245 2413 omnino

156 2453 285 2529 exigatur
297 2453 333 2509 ad
340 2453 547 2529 jurisdictionis
561 2454 738 2520 exercitium,
752 2472 787 2511 ue
801 2465 1007 2511 sacramentum
1025 2455 1135 2512 initum
1149 2455 1198 2512 sit.

196 2556 243 2609 12.
271 2551 469 2611 Voluntarium
478 2553 604 2634 physice
617 2550 719 2611 dicitur
732 2551 809 2624 quod
829 2554 893 2624 quis
914 2572 966 2609 sua
978 2552 1119 2610 voluntate
1140 2552 1240 2629 eligit:

156 2649 312 2710 moraliter
325 2652 514 2711 voluntarium
528 2650 662 2725 estquod
682 2652 825 2711 voluntate
847 2652 948 2719 aliona,
970 2670 1033 2724 quae
1047 2670 1099 2710 sua
1110 2652 1241 2718 habemr,

156 2752 261 2829 eligere
275 2762 414 2809 censetur.
455 2753 505 2810 Sic
526 2762 675 2830 parentum
696 2753 825 2809 voluntas
846 2752 921 2809 valet
932 2750 967 2808 de
980 2752 1138 2810 minoribus
1160 2759 1242 2809 aetate

157 2854 187 2910 in
200 2851 331 2929 plurimis
345 2870 408 2924 quae
421 2852 517 2928 legum
532 2852 694 2909 auctoritare
707 2860 836 2927 aguntur.

200 2955 246 3009 13.
270 2951 471 3009 Voluntarium
494 2969 630 3030 espresse
650 2960 695 3008 est
715 2949 794 3022 quod
814 2949 889 3023 quis,
915 2949 961 3007 vel
975 2949 1094 3007 vocibus
1108 2948 1154 3005 vel
1177 2949 1242 3006 aliis

157 3052 259 3127 signis,
275 3068 306 3106 se
330 3051 404 3107 velle
426 3051 550 3109 indicat:
572 3050 661 3108 tacite
682 3049 874 3107 voluntarium
899 3058 943 3106 est
966 3048 1044 3121 quod
1067 3067 1105 3106 ex
1123 3048 1240 3107 silentio

156 3151 300 3227 colligitur
314 3150 348 3206 iis
362 3151 392 3207 in
406 3168 501 3209 rerum
516 3149 659 3227 adjunctis
679 3150 708 3206 in
723 3150 828 3221 quibus
850 3149 915 3221 quis
936 3148 1017 3221 loqui
1041 3148 1167 3216 deberet,
1182 3148 1241 3205 nisi

156 3269 257 3328 reapse
280 3250 463 3308 consentiret.
508 3249 596 3315 “Qui
618 3257 702 3315 tacet,
717 3249 879 3306 consentire
894 3243 1055 3306 videtur.”¹
1096 3247 1147 3304 Sic
1161 3247 1240 3304 filius

155 3351 317 3409 consentire
340 3359 483 3417 censetur,
499 3347 614 3421 quando
636 3358 720 3416 tacet,
736 3357 853 3424 parente
877 3348 941 3424 ejus
962 3348 1079 3406 nomine
1093 3346 1242 3422 sponsalia

157 3442 369 3506 contrahente.²
409 3450 542 3505 Attamen
556 3448 664 3525 pluries
685 3448 826 3523 contingit
846 3447 994 3505 silentium
1008 3446 1082 3506 nihil
1096 3445 1192 3503 valere
1207 3444 1242 3502 sd

158 3549 333 3605 voluntatem
348 3545 535 3621 probandam.
579 3546 629 3603 Sic
653 3546 793 3604 creditore
808 3547 999 3622 interrogante
1020 3547 1146 3619 aliquem
1161 3553 1244 3603 extra

153 3647 307 3723 judiciuin,
332 3655 427 3702 utrum
449 3645 476 3702 ei
497 3664 556 3703 non
583 3645 686 3702 debeat
706 3646 870 3722 pecuniam,
894 3645 980 3722 hujus
1008 3646 1156 3704 silentium
1183 3662 1243 3702 uon

155 3757 251 3823 potest
264 3747 293 3803 in
315 3745 513 3820 probationem
538 3735 694 3802 adhiberi.³
735 3745 856 3811 Quoties
879 3746 1053 3803 verosimilis
1075 3755 1120 3803 est
1137 3740 1244 3802 silendi

156 3849 229 3905 ratio
249 3864 287 3903 ex
311 3843 472 3921 prudentia,
487 3844 533 3901 vel
555 3853 644 3912 metu,
660 3844 706 3901 vel
728 3843 784 3901 alio
806 3844 900 3920 capite
922 3844 1058 3912 derivata,
1081 3861 1244 3902 consensus

156 3947 310 4005 voluntatis
324 3963 383 4003 non
397 3953 442 4001 est
460 3942 688 4019 presumendus.
732 3942 786 4001 Vir
803 3943 885 4001 bonae
906 3943 988 4002 samer
1010 3965 1026 4002 a
1049 3945 1099 4002 vili
1124 3941 1244 4002 homine

448 4048 460 4077 0

190 4166 232 4230 (l)
246 4164 307 4227 Reg.
319 4164 379 4214 xliii.
390 4165 416 4214 in
428 4168 452 4215 6.

192 4249 234 4313 (2)
248 4252 309 4300 Can.
321 4248 443 4316 Sufficiat,
452 4265 526 4299 caum
536 4249 613 4299 xxvii.
622 4265 663 4314 qu.
675 4249 709 4300 ll.
721 4247 752 4299 C.
763 4249 798 4299 lin
810 4248 840 4298 da
851 4249 949 4314 Sponsa
957 4250 1069 4302 duomm.

191 4333 232 4399 (3)
247 4333 277 4384 1..
289 4331 375 4394 Filius,
386 4333 456 4382 xxix.
467 4331 492 4382 ff.
504 4333 655 4395 deinterrog.
666 4333 692 4383 in
700 4335 755 4399 jure
767 4332 890 4384 iaciendis
955 4354 972 4386 ο
