2744 4980
410 380 467 439 DE
488 379 664 440 JEJUNIO
684 380 744 440 ΕΤ
764 382 1064 446 ABSTINENTIA.
1223 395 1285 451 2011

137 545 399 625 indulgentibus
412 566 449 606 ex
463 548 592 608 facultate
606 549 660 608 sibi
673 566 809 608 concessa
820 551 855 609 ab
869 552 1033 628 Apostolica
1052 551 1137 611 Sede.
1159 554 1280 626 Caseus,

136 650 236 713 lac,
245 657 277 704 et
289 650 408 725 butyrus
422 649 452 706 in
461 650 621 725 vespertina
634 649 832 707 collatiuncula
844 670 861 708 a
873 651 1020 728 plerisque
1034 653 1215 715 adhibentur:
1231 659 1280 731 qui

135 758 280 806 tamen
294 766 359 806 mos
379 747 573 806 emendandus
593 748 712 816 videtur,
733 767 822 821 quum
835 769 920 810 omne
936 753 1041 829 jejunii
1054 753 1207 830 vestigium
1220 756 1278 814 sere

144 844 274 903 tollat.
318 846 423 905 Larido
437 848 466 905 in
480 848 551 905 cibis
573 847 729 920 coquendis
749 847 849 906 diebus
868 852 1035 910 esurialibus
1048 853 1090 911 uti
1102 853 1169 912 licet
1182 855 1211 913 iu
1225 855 1278 915 hac

147 945 314 1020 regione,
329 965 365 1003 ex
378 945 583 1004 consuetudine
596 948 741 1023 episcopis
754 948 879 1023 probate,
893 959 921 1007 et
940 952 1057 1028 speciali
1077 951 1146 1010 olim
1159 952 1277 1014 indulto.

156 1040 408 1104 Consuevemnt
425 1046 510 1104 etiam
531 1046 659 1122 episcopi
678 1046 824 1123 indulgere
846 1058 876 1106 ut
892 1051 1022 1108 carnibus
1044 1061 1156 1110 utantur
1178 1052 1278 1112 fideles

159 1145 275 1202 semel
289 1147 319 1202 in
333 1143 380 1202 die
394 1144 563 1218 quibusdam
577 1144 675 1203 diebus
696 1145 837 1203 ferialibus
859 1148 1101 1225 Quadragesimae‚
1123 1161 1153 1208 et
1173 1154 1279 1229 saepius

160 1240 285 1301 «liebus
298 1245 428 1303 omnibus
449 1244 620 1311 Dominicis,
635 1256 756 1320 excepto
776 1243 822 1301 die
837 1247 1010 1305 Palmamm.
1053 1249 1113 1315 Sed
1127 1251 1278 1327 jejunandi

171 1340 231 1399 lex
246 1354 353 1411 manet,
366 1345 451 1402 etiam
465 1342 623 1403 abstinendi
636 1363 653 1400 a
665 1343 795 1401 carnibus
809 1346 980 1422 obligatione
993 1347 1110 1405 sublata.

222 1445 273 1499 40.
297 1444 398 1501 Pisces
417 1463 484 1501 cum
506 1443 638 1501 carnibus
661 1461 718 1500 nou
741 1452 808 1500 sunt
827 1445 967 1503 miscendi
987 1446 1016 1502 in
1039 1445 1140 1504 diebus
1159 1449 1275 1525 jeJunii‚

175 1541 296 1610 quando
310 1544 384 1601 facta
402 1542 487 1600 suerit
505 1542 622 1600 facultas
642 1543 771 1599 carnibus
791 1539 952 1603 vescendi.¹
993 1545 1158 1617 Ncquidem
1179 1548 1273 1624 pisces

181 1639 241 1696 sele
264 1642 370 1709 siccati,
394 1642 429 1700 ed
451 1641 663 1700 condimentum
686 1642 825 1708 carnium,
847 1662 882 1701 v:
904 1663 940 1721 g:
963 1643 1060 1711 uleeia,
1084 1645 1129 1702 vel
1152 1655 1274 1704 testacea

182 1741 301 1806 marine,
323 1736 586 1799 111111111011111111111.2
625 1741 658 1797 si
678 1750 772 1797 tamen
791 1743 941 1819 contigerit
959 1742 1117 1819 dispensari
1138 1744 1172 1800 ab
1191 1746 1275 1803 absti-

183 1841 281 1896 nentia
293 1839 338 1897 die
357 1859 421 1913 quae
435 1860 493 1899 nou
512 1843 549 1898 sit
558 1841 671 1918 jejunii,
696 1859 732 1895 r:
754 1859 791 1915 g:
813 1839 859 1898 die
880 1843 1007 1913 quolibet
1028 1842 1159 1910 Veneris,
1179 1844 1275 1901 licebit

182 1956 283 1995 carnes
296 1957 359 1998 cum
372 1941 499 2016 piscibus
512 1941 650 1997 miscere:
672 1940 800 2015 exceptis
813 1938 913 2000 diebus
928 1941 1089 2000 Dominicis
1110 1941 1273 2019 Quadrnge·

185 2032 292 2094 simae.³

221 2140 271 2193 41.
292 2136 439 2212 Jejuniurn
453 2138 478 2195 si
492 2139 555 2211 quis
569 2139 675 2210 absque
689 2155 775 2195 eausa
788 2137 910 2214 fregerit,
925 2140 1020 2215 plures
1034 2139 1173 2198 sumendo
1185 2139 1273 2198 resec·

185 2235 282 2302 tiones,
297 2239 406 2312 peccati
420 2238 545 2295 mortalis
566 2256 631 2294 reus
645 2248 706 2294 est:
728 2236 815 2292 violat
830 2239 936 2314 quippe
957 2239 1111 2296 districtam
1132 2238 1271 2296 Ecclesia

184 2330 300 2410 legem.⁴
339 2335 492 2395 Damnavit
500 2336 606 2394 idcirco
621 2334 783 2394 Alexander
795 2335 864 2395 Vll.
879 2337 1112 2414 propositionem.
1155 2336 1272 2395 “Fren-

214 2540 390 2604 (1111111001.
403 2539 495 2591 Esned.
507 2540 606 2590 xivdie
618 2540 649 2589 111
662 2539 734 2591 Junii
749 2546 822 2592 1145.

214 2626 256 2688 (2)
277 2626 341 2674 Vide
351 2642 413 2690 1000.
425 2627 451 2674 8.
464 2626 552 2675 Ρω1111.
564 2628 579 2674 8
591 2627 683 2675 11111.οῑ
696 2628 726 2676 16
739 2628 794 2678 len.
809 2630 878 2678 1831.

213 2713 257 2775 (3)
276 2711 350 2785 Resp.
360 2711 387 2761 S.
400 2712 487 2761 l’oenit
501 2713 532 2759 15
543 2711 601 2760 Feb.
618 2714 689 2760 1834.

213 2795 257 2861 (l)
280 2797 374 2865 Recitet
384 2797 503 2846 Jeremiu
514 2797 606 2859 Tuylor
618 2798 689 2845 verbe
700 2796 755 2845 hoec
772 2795 958 2859 chrysostomi:
976 2802 990 2824 ¹‘
999 2793 1152 2843 Adveniente
1164 2801 1271 2858 tempore

175 2882 271 2948 jejunii,
283 2882 378 2931 etiarnsi
390 2882 444 2946 quis
462 2882 549 2931 millies
567 2891 660 2944 urgent,
672 2891 696 2930 et
713 2881 808 2930 infinte
820 2881 917 2939 cruciet¹
930 2888 954 2928 et
965 2889 1036 2940 cogat
1054 2879 1138 2927 vinum
1156 2877 1269 2937 delibare,

177 2977 218 3017 eut
230 2967 324 3031 aliquid
336 2966 401 3016 eliud
419 2966 484 3030 quod
499 2967 589 3031 jejunii
605 2968 658 3028 lege
676 2983 726 3016 nou
743 2975 780 3015 est
798 2966 891 3015 licitum
908 2972 1014 3026 gustare,
1031 2962 1172 3027 potiendum
1189 2963 1271 3029 potius

175 3063 236 3108 esse,
249 3065 323 3113 quern
336 3049 483 3113 prohibitum
494 3058 592 3111 tangere
603 3048 802 3099 nutrimentum.”
820 3048 897 3097 Addit
908 3048 974 3112 ipse:
986 3053 1000 3077 “
1012 3045 1035 3096 lt
1047 3063 1097 3094 was
1108 3047 1269 3096 eccoumeds

171 3144 244 3196 great
255 3144 343 3184 matter
354 3135 412 3184 then
424 3142 449 3183 to
461 3135 573 3183 breslau
585 3134 755 3184 ecclesiastice!
763 3134 823 3183 sset:
835 3134 882 3182 und
890 3132 1008 3182 therefore
1016 3131 1088 3180 when
1102 3131 1271 3194 0101111101)-

170 3221 260 3283 portsd
272 3222 304 3284 by
317 3219 377 3270 such
389 3237 421 3269 en
433 3221 550 3278 estimato,
562 3221 614 3269 thet
626 3221 671 3269 lew
683 3220 754 3268 binde
765 3220 876 3282 heevily:
895 3218 943 3266 sud
956 3217 975 3266 it
985 3218 1035 3265 will
1048 3218 1076 3265 be
1088 3232 1102 3264 s
1119 3223 1186 3276 greet
1197 3216 1236 3265 sin
1245 3224 1270 3266 to

168 3306 249 3355 break
266 3306 292 3363 it,
305 3307 388 3355 unless
397 3305 463 3354 there
475 3307 504 3354 bc
516 3322 529 3354 e
540 3314 608 3367 great
618 3321 691 3354 cause
704 3315 727 3353 10
741 3304 871 3364 legitimare
888 3319 915 3350 01
926 3317 1016 3350 excuso
1027 3299 1160 3348 it-'l'hus
1174 3301 1225 3350 slso
1241 3301 1268 3351 in

169 3391 215 3441 tho
224 3390 353 3453 soregoing
363 3392 473 3440 instance
485 3392 513 3439 01
522 3390 691 3440 00010111111001
701 3391 759 3439 fests
771 3405 811 3437 ere
823 3388 892 3437 those
904 3385 983 3435 words
990 3386 1018 3434 01
1031 3386 1066 3433 St.
1076 3383 1212 3435 Besiltobs
1223 3401 1269 3436 tm·

168 3476 288 3526 derstood
300 3475 395 3538 ming,
413 3473 486 3524 ‘Non
499 3475 581 3524 minus
589 3477 680 3524 crimen
692 3490 745 3522 esse
757 3473 845 3522 violare
853 3472 976 3538 jejunium
989 3470 1186 3530 ecclesiasticum,
1195 3487 1269 3535 quem

169 3561 246 3610 militi
271 3561 372 3625 abjicere
389 3568 487 3609 scutum
505 3560 531 3609 iu
548 3560 619 3617 bello,
636 3570 679 3608 eut
696 3559 825 3608 stationem
843 3555 966 3607 deserere!
1012 3555 1195 3606 Ecclesiasticel
1212 3554 1271 3606 fests

168 3646 196 3695 in
222 3646 261 3695 his
279 3646 337 3695 time
361 3662 423 3694 were
441 3646 482 3694 the
504 3646 651 3707 erigniaence
664 3645 693 3694 01
705 3661 719 3694 s
737 3642 920 3705 curiscuriis
937 3642 1037 3692 delence
1054 3641 1102 3691 end
1125 3643 1218 3704 guerd3
1236 3658 1268 3692 su

171 3731 292 3779 theremre
310 3739 354 3780 not
365 3740 389 3780 to
400 3731 462 3794 keep
474 3730 540 3779 them
553 3746 603 3779 rres
615 3746 642 3779 as
651 3730 673 3778 il
687 3746 702 3779 e
721 3729 810 3778 soldier
826 3728 865 3778 did
883 3728 961 3778 tbrosr
982 3743 1051 3791 errey
1064 3727 1103 3776 bis
1122 3727 1199 3776 shicld
1218 3727 1270 3776 inu

174 3815 222 3879 day
232 3816 260 3864 01
268 3816 349 3873 battle,
366 3831 394 3864 01
404 3816 483 3865 desert
494 3815 532 3864 his
543 3813 657 3864 station.”
693 3815 788 3864 Ductor
800 3812 992 3871 Dubitantium,
1004 3812 1059 3860 Vol.
1071 3812 1095 3859 ri.
1115 3827 1137 3874 p.
1153 3813 1189 3858 13.
1208 3811 1224 3859 1.
1235 3811 1269 3860 111.

175 3917 196 3950 c
207 3902 223 3951 i.
258 3902 359 3951 1100101
370 3902 505 3952 consentin
524 3901 709 3963 “Considcring
726 3901 778 3950 thet
790 3901 845 3964 they
858 3900 940 3949 which
957 3898 1038 3960 griere
1049 3898 1095 3945 und
1111 3900 1154 3961 joy
1167 3912 1194 3944 es
1211 3896 1269 3960 they

176 3987 261 4049 ought,
272 3995 363 4035 cennot
372 3987 477 4050 possibly
490 3986 617 4036 otherwise
630 3988 675 4036 lire
687 3986 747 4035 then
758 4001 786 4034 ss
797 3984 854 4047 thoy
866 3982 962 4042 should,
974 3980 1015 4031 the
1026 3981 1127 4029 Churcb
1139 3981 1167 4029 01
1175 3979 1264 4039 Christ,

176 4073 216 4122 the
228 4082 291 4122 most
302 4072 412 4122 sbsolotc
428 4073 477 4122 end
493 4073 583 4137 perfect
595 4071 678 4122 school
690 4071 718 4120 01
732 4072 763 4121 sll
777 4070 860 4129 virtue¹
871 4068 931 4118 heth
948 4069 979 4131 by
992 4067 1034 4115 the
1043 4067 1131 4130 special
1142 4066 1261 4118 direction

177 4159 204 4207 01
211 4157 287 4207 God’s
299 4157 363 4220 good
375 4156 450 4223 Spirit
461 4157 566 4207 hitherto
575 4159 666 4221 ulweys
678 4155 762 4205 ioursd
777 4170 833 4203 men
844 4153 905 4203 110111
917 4151 979 4202 their
995 4150 1103 4215 infeocy,
1114 4153 1192 4217 portly
1205 4154 1265 4204 with

693 4253 747 4307 ts*
