2744 4980
763 224 824 329 m

395 382 453 445 DE
474 383 630 444 LEGUM
647 383 953 446 OBLIGATIONE.
1165 394 1220 451 171

127 551 278 611 nicationis
289 549 428 606 sententia
437 549 638 626 promulgatur,
648 547 754 607 subditi
766 551 829 627 ejus
838 549 943 608 lurtum
957 563 1037 609 extra
1049 553 1141 628 ipsius
1152 553 1221 614 dioe·

126 651 216 709 cesim
237 649 458 719 committentes,
479 648 597 706 minime
606 648 687 725 ligari
700 658 863 717 noscuntur,
882 668 947 707 cum
960 660 1039 708 extra
1051 654 1220 713 territorium

123 750 172 826 jus
186 747 295 806 dicenti
307 766 366 805 non
378 757 507 825 pareatur
520 741 686 822 impune.''¹
727 746 870 807 Ceterum
889 748 967 824 leges
988 767 1050 821 quae
1063 751 1219 826 respiciunt

125 846 267 905 benefima
280 847 325 904 rel
344 826 448 905 munus
470 845 631 922 parochiale
644 846 702 904 vim
716 847 852 914 obtinent,
872 865 961 920 quum
974 847 1036 906 haec
1056 850 1219 926 subjaceant

126 945 253 1023 praesuli,
267 946 381 1004 fictione
395 945 501 1021 quippe
517 946 591 1021 juris
605 946 654 1017 qui
675 963 709 1001 ea
727 945 875 1022 possident
893 957 1043 1005 censentur
1056 946 1156 1007 adesse
1169 951 1218 1008 ubi

126 1062 173 1101 res
187 1053 253 1102 sunt
265 1045 335 1111 sitae,
357 1053 385 1100 et
406 1044 515 1120 legibus
537 1043 644 1102 idcirco
664 1044 882 1121 obstringuntur.
925 1045 975 1102 Sic
993 1045 1072 1122 leges
1092 1048 1220 1126 episcopi

126 1141 162 1200 de
177 1143 284 1200 ratione
302 1142 492 1218 parochorum
512 1161 616 1200 munus
635 1142 759 1200 obeundi
779 1144 866 1220 ligant
886 1143 1026 1218 parochos
1048 1163 1120 1217 quos
1139 1158 1219 1204 extra

127 1240 276 1301 direcesim
289 1243 395 1298 versari
413 1238 570 1317 contigerit,
581 1241 652 1299 adeo
662 1251 693 1298 ut
702 1251 848 1299 teneantur
861 1244 962 1299 reverti
975 1253 1004 1299 et
1016 1262 1119 1302 munus
1130 1246 1219 1311 obire,

128 1349 213 1418 prout
224 1340 272 1397 lex
284 1342 449 1416 prescribit.
491 1339 551 1396 Sed
570 1342 595 1398 si
608 1341 761 1418 episcopus
781 1349 882 1398 statuat
895 1358 1008 1416 poenam
1024 1345 1219 1417 suspensionis

127 1441 191 1516 ipso
211 1439 285 1498 sacto
307 1438 527 1498 contrahendam
551 1458 568 1496 a
589 1438 732 1497 sacerdote
755 1457 936 1512 quocumque
958 1440 1013 1497 sibi
1035 1440 1147 1499 subdito
1169 1444 1219 1515 qui

129 1539 238 1596 crimen
252 1539 367 1611 aliquod
385 1538 539 1606 admiserit,
560 1558 587 1597 v.
603 1558 638 1616 g:
660 1538 810 1606 ebrietatis,
830 1548 963 1597 statutum
985 1538 1055 1597 illud
1075 1558 1133 1598 non
1151 1542 1221 1619 ligat

127 1636 302 1696 sacerdotem
318 1639 366 1710 qui
379 1648 459 1696 extra
472 1637 617 1696 dioecesim
631 1637 785 1710 delinquat.

169 1741 217 1794 30.
239 1736 398 1815 Peregrini,
420 1739 469 1809 qui
489 1737 600 1795 scilicet
619 1738 671 1795 iter
691 1737 797 1794 iaciunt
816 1737 910 1794 animo
931 1736 1087 1795 revertendi
1108 1737 1142 1794 ad
1155 1756 1216 1808 sua,

129 1836 174 1894 rel
182 1836 248 1895 alibi
262 1855 345 1897 suum
358 1836 534 1894 domicilium
548 1835 698 1904 statuendi,
711 1835 839 1893 locorum
853 1853 904 1911 per
923 1853 986 1907 quae
1000 1837 1116 1894 transire
1130 1838 1218 1896 conti·

127 1937 202 2012 gerit
216 1935 325 2012 legibus
337 1945 476 2004 tenentur,
492 1946 630 2008 qnatenus
649 1935 690 1994 nil
703 1933 794 1993 facere
806 1934 890 1993 liceat
902 1933 979 2007 quod
993 1934 1048 1992 illis
1062 1935 1100 1992 sit
1111 1945 1219 1993 contra·

126 2035 212 2102 num,
227 2044 256 2091 et
268 2036 297 2094 iu
310 2034 429 2094 aliomm
442 2032 632 2094 offensionem
645 2033 734 2093 cedat.
777 2031 848 2100 Qure
861 2031 924 2109 lege
938 2034 1141 2110 precipiantur
1152 2033 1218 2094 saci·

128 2133 202 2193 enda
214 2133 342 2192 subditos
355 2135 521 2212 plemmque
535 2144 642 2192 tantum
654 2133 820 2210 respiciunt,
835 2150 924 2204 quum
938 2152 1018 2191 mora
1030 2132 1161 2206 quedam
1180 2136 1219 2192 sit

128 2234 289 2292 necessaria
306 2243 339 2290 ut
360 2234 424 2306 quis
443 2253 477 2291 ea
500 2244 665 2307 exequatur.
708 2231 787 2290 Hinc
809 2230 905 2289 clerici
926 2231 979 2288 iter
999 2231 1136 2290 facientes
1159 2249 1217 2290 non

129 2341 260 2391 tenentur
273 2332 397 2411 speciale
409 2332 607 2392 indumentum
620 2333 649 2391 in
659 2330 775 2390 dioecesi
786 2320 880 2402 aliqua
889 2330 1048 2407 injunctum
1061 2347 1216 2398 assumere,

128 2432 234 2490 nisiex
248 2432 341 2491 aliena
353 2443 432 2490 veste
442 2431 572 2490 fidelibus
585 2439 715 2490 nascatur
727 2431 820 2508 gravis
833 2427 966 2488 offensio.
1000 2428 1026 2487 E
1042 2439 1138 2488 contra
1146 2429 1221 2506 jeju·

128 2531 208 2589 nium
228 2530 306 2603 quod
324 2531 388 2610 lege
408 2530 540 2589 dioecesis
563 2529 711 2609 cujusdam
730 2529 902 2606 praecipitur,
915 2527 1085 2587 servandum
1105 2537 1150 2586 est
1171 2529 1224 2587 iter

133 2628 311 2700 facientibus,
326 2630 372 2688 vel
384 2629 530 2708 paululum
548 2630 606 2688 illic
625 2629 809 2688 morantibus.
851 2627 883 2685 S.
898 2627 1068 2686 Ambrosius
1088 2624 1150 2684 as.
1165 2630 1223 2685 Au·

130 2730 244 2805 guetino
257 2730 442 2806 interrogatus
455 2728 490 2786 de
506 2730 618 2806 jejunio
631 2728 738 2785 sabbati
751 2726 827 2798 quod
848 2724 1006 2785 Mediolani
1019 2745 1078 2784 non
1096 2726 1223 2782 servaba-

132 2838 185 2894 tur,
199 2826 268 2885 dum
289 2828 389 2886 Rome
409 2829 528 2903 vigeret,
547 2824 711 2904 respondit:
733 2824 842 2882 “Cum
864 2824 986 2882 Romam
1006 2826 1102 2890 venio,
1119 2824 1221 2900 jejuno

131 2925 246 2984 sabbato
260 2945 267 2982 ε
289 2945 355 2984 cum
368 2926 502 2994 hiesum,
517 2943 575 2984 non
583 2926 694 3002 jejuno.
737 2924 785 2981 Sic
799 2924 883 2981 etiarn
904 2934 932 2979 tu
946 2921 981 2981 ad
994 2942 1080 2996 quam
1093 2922 1164 2980 sorte
1177 2941 1222 2980 ec·

132 3023 250 3083 clesiam
263 3026 384 3092 veneris,
400 3044 507 3085 morem
521 3024 596 3082 illius
611 3017 742 3080 serva.”²

173 3127 223 3181 31.
245 3123 339 3199 Leges
351 3142 519 3183 communes
532 3123 673 3180 Ecclesia
692 3140 755 3195 qure
775 3120 870 3178 forsan
889 3120 1094 3180 consuetudine
1114 3119 1159 3177 vel
1178 3121 1221 3178 in·

132 3220 212 3280 dulto
222 3223 326 3281 alicubi
339 3223 469 3281 relaxatae
482 3232 558 3290 sunt,
572 3240 630 3280 non
642 3231 708 3278 sunt
720 3217 880 3278 necessario
894 3218 1038 3277 servande
1051 3217 1218 3294 peregrinis:

133 3332 254 3397 possunt
266 3321 344 3379 enim
357 3320 415 3381 loci
428 3321 576 3399 privilegio
589 3322 640 3381 uti.
663 3317 722 3376 Sed
735 3320 760 3375 si
773 3318 837 3391 quis
850 3336 866 3374 e
879 3318 944 3377 loco
956 3315 1120 3394 hujusmodi
1135 3333 1218 3374 vene·

132 3421 169 3478 rit
182 3420 217 3477 ad
231 3420 379 3481 diocesim
391 3423 421 3482 in
434 3442 490 3495 qua
502 3429 656 3486 servantur,
670 3416 754 3476 debet
766 3416 884 3474 omnino
898 3431 947 3473 eas
961 3434 1084 3473 servare.

270 3610 313 3673 (l)
333 3607 364 3661 0.
375 3609 399 3660 ii.
411 3608 442 3659 de
454 3607 559 3658 constit.
572 3605 597 3655 in
610 3605 631 3655 6.
812 3602 853 3670 (2)
874 3601 904 3653 G.
916 3600 972 3661 Illa,
983 3601 1037 3652 dist.
1049 3604 1083 3653 xii
