2744 4980
406 413 463 472 DE
485 412 650 480 QUINTO
671 413 925 474 PRAECEPTO.
1157 422 1213 478 107

124 579 164 637 rel
176 577 291 655 alapam
306 580 334 637 ei
348 579 507 655 impingere
522 589 648 646 conatur,
663 579 689 636 si
702 579 781 635 aliter
794 582 929 655 probrum
944 588 1068 636 avertere
1082 591 1213 653 nequeat.

126 677 163 735 lta
174 674 323 734 hessius}
353 676 498 734 Ceterum
516 677 617 752 Sylvio
631 679 802 735 assentimur
815 677 933 735 dicenti:
957 688 975 714 “
988 679 1111 735 Etiamsi
1124 680 1215 737 bonor

129 778 161 834 sit
172 777 281 832 bonum
293 777 481 864 praestantius⁸
489 794 574 847 quem
586 775 699 843 divitie,
714 788 762 833 aut
774 777 892 843 nullum,
902 778 1131 835 antrarissimum
1145 779 1216 836 arbi·

131 889 226 932 namur
240 893 307 931 esse
327 893 435 942 casum,
450 893 507 948 quo
527 892 579 949 pro
599 872 763 932 defensione
780 875 869 932 solius
889 875 1004 933 honoris
1024 876 1090 932 licet
1103 896 1214 953 aggres-

133 992 215 1032 sorem
236 966 444 1030 interficere.”²
484 972 630 1045 Equidem
650 972 752 1030 honori
770 973 837 1030 alias
851 975 960 1030 consuli
974 983 1082 1048 potest;
1104 986 1133 1031 et
1145 994 1217 1033 vana

134 1073 271 1132 hominnm
283 1072 431 1129 aestimatio
441 1090 498 1143 qua
511 1069 633 1128 vindicta
644 1070 720 1127 laudi
735 1071 853 1128 habetur
865 1072 947 1129 nihili
961 1082 1004 1128 est
1017 1072 1155 1130 facienda.

168 1174 231 1227 108.
253 1169 402 1246 Incnlpata
415 1170 500 1227 tutela
513 1171 612 1244 exigit,
626 1179 658 1225 ut
669 1169 695 1225 si
712 1170 776 1240 quis
799 1168 882 1237 fuste,
896 1170 942 1227 vel
955 1171 1017 1227 solo
1030 1171 1156 1239 vulnere,
1170 1172 1215 1230 vel

140 1270 318 1344 amputatione
333 1268 452 1334 brachii,
467 1268 511 1324 vel
524 1268 604 1325 aliter
623 1285 718 1323 arcere
741 1267 832 1323 valeat
851 1268 983 1344 injustam
1005 1270 1074 1335 vim,
1096 1279 1217 1328 mortem

139 1367 306 1428 nouinferat.
350 1364 496 1423 Caetemm
518 1366 572 1423 sibi
596 1365 765 1440 plenumque
784 1367 834 1422 vix
856 1368 1004 1424 consulere
1028 1377 1121 1442 potest
1133 1371 1216 1446 cujus

141 1470 183 1525 rita
200 1467 228 1522 in
251 1464 416 1522 discrimine
436 1471 489 1530 est,
504 1465 559 1521 nisi
581 1482 777 1539 aggressorem
799 1465 956 1523 interficiat.
999 1465 1110 1541 Fugere
1124 1466 1217 1534 debet,

141 1564 224 1622 saltem
237 1565 285 1621 cui
298 1562 430 1621 dedecori
443 1580 502 1620 non
515 1562 595 1628 foret,
610 1564 635 1619 si
649 1561 802 1620 discrimen
815 1563 880 1639 fuga
893 1564 1012 1621 evadere
1026 1567 1135 1640 possit:
1151 1585 1217 1638 que·

142 1673 242 1741 propter
255 1662 352 1720 clerici
360 1672 389 1719 et
397 1661 522 1737 religiosi
535 1660 690 1718 excusandi
705 1663 864 1721 nullatenus
879 1663 971 1721 forent
983 1664 1018 1729 si,
1030 1664 1098 1720 dum
1111 1683 1142 1721 se
1153 1665 1220 1739 fuga

142 1763 211 1819 facile
233 1780 347 1818 servare
368 1769 495 1836 possent,
508 1778 688 1836 aggressores
700 1761 898 1819 interficerent.
929 1763 1030 1827 Ebrio,
1045 1763 1089 1817 vel
1103 1763 1218 1828 amenti,

142 1863 266 1937 injustam
279 1861 337 1916 vim
350 1859 492 1925 inferenti,
516 1860 712 1929 unusquisque
734 1858 819 1916 debet
840 1859 907 1936 fuga
930 1880 960 1917 se
974 1859 1141 1926 subduccre,
1157 1879 1219 1931 quae

138 1961 231 2036 probro
244 1957 321 2015 hand
333 1958 416 2025 foret,
430 1957 525 2033 potins
539 1975 623 2028 qnam
638 1967 726 2015 morte
740 1976 806 2016 eurn
820 1958 964 2015 mulctare.
1007 1959 1078 2015 Post
1088 1959 1220 2034 injuriam

135 2063 185 2136 jam
206 2059 357 2133 irrogatam
378 2067 454 2115 certe
475 2074 532 2112 non
553 2055 620 2112 licet
638 2055 692 2113 sibi
707 2067 796 2115 morte
816 2058 965 2133 irrogantis
979 2058 1140 2114 satisfacere
1153 2077 1220 2115 narn

137 2155 249 2214 undicta
263 2155 375 2213 Christi
395 2157 457 2231 lege
472 2163 595 2211 vetatur:
617 2172 670 2210 nec
689 2155 756 2212 licet
775 2157 946 2214 calumniam
969 2157 1080 2214 illaturo
1100 2169 1220 2213 mortem

137 2260 264 2331 irrogare,
280 2274 368 2326 quum
382 2265 462 2311 atrox
476 2253 560 2309 nimis
574 2254 610 2309 sit
623 2252 684 2310 haec
694 2254 797 2311 samam
811 2255 906 2312 tuendi
920 2258 999 2312 ratio.
1025 2256 1166 2311 Damnata
1179 2254 1221 2312 id·

138 2358 204 2413 circo
217 2365 261 2411 est
274 2355 309 2410 ab
324 2353 493 2412 innocentio
507 2350 561 2407 XI.
576 2353 749 2427 propositio:
772 2362 791 2387 “
802 2353 857 2410 Fas
868 2363 912 2410 est
924 2355 984 2411 viro
997 2353 1133 2411 honorato
1147 2354 1221 2410 occi·

136 2455 192 2511 dere
201 2454 375 2520 invasorem,
388 2453 437 2525 qni
451 2452 547 2507 nititur
556 2450 726 2508 calumniam
740 2451 852 2518 inferre,
866 2453 890 2508 si
905 2452 984 2509 aliter
993 2452 1055 2510 haec
1066 2452 1222 2529 ignominia

137 2555 208 2611 vitari
223 2553 339 2624 nequit:
361 2551 438 2609 idem
453 2567 565 2621 quoque
581 2548 744 2616 dicendum,
759 2551 782 2606 si
800 2552 866 2622 quis
888 2552 1026 2626 impingat
1045 2553 1165 2626 alapam,
1180 2550 1225 2606 vel

137 2653 200 2709 fuste
214 2653 372 2726 percutiat;
393 2660 422 2707 et
434 2659 499 2724 post
509 2649 661 2722 impactam
676 2648 796 2723 alapam,
815 2649 860 2705 vel
876 2651 960 2706 ictum
974 2650 1055 2707 fustis
1070 2639 1206 2724 fngiat.''³

171 2754 237 2807 109.
260 2751 310 2807 Ex
325 2750 386 2805 aliis
400 2749 539 2805 damnatis
555 2747 798 2823 propositionibus
822 2767 892 2818 quas
914 2748 1028 2803 recitare
1044 2750 1135 2824 juvat,
1150 2756 1227 2803 certa

139 2849 260 2922 quaedam
275 2849 328 2905 hac
343 2849 371 2904 in
391 2866 422 2903 re
435 2848 578 2922 principia
590 2848 770 2921 colliguntur.
812 2850 861 2902 31.
884 2855 903 2879 “
914 2846 1091 2920 Regulariter
1109 2864 1226 2920 possum

139 2948 262 3006 occidere
278 2948 370 3004 furem
384 2966 435 3021 pro
448 2947 661 3002 conservatione
682 2947 767 3002 nnius
791 2943 900 3002 aurei.'’
943 2949 992 3001 32.
1015 2945 1113 3001 “Non
1135 2944 1227 3000 solum

140 3048 242 3105 licitum
259 3057 304 3102 est
317 3045 468 3103 defendere
480 3045 646 3101 defensione
659 3045 784 3101 occisiva
804 3063 867 3116 quae
888 3053 949 3101 actu
972 3044 1161 3120 possidemus,
1176 3041 1227 3099 sed

140 3148 216 3202 etiarn
231 3145 267 3202 ad
282 3165 345 3216 quar
356 3147 406 3221 jus
420 3144 583 3201 inchoatum
597 3144 744 3210 habemus,
753 3153 782 3199 et
794 3164 857 3216 quae
871 3161 924 3200 nos
938 3162 1121 3219 possessuros
1136 3160 1230 3216 spera·

140 3244 229 3302 ntus.''
275 3249 326 3302 33.
349 3244 502 3301 “Licinum
517 3252 560 3299 est
574 3252 630 3299 tarn
648 3240 756 3308 heredi,
771 3261 856 3314 quam
869 3242 1003 3315 legatario
1017 3252 1111 3298 contra
1126 3241 1229 3315 injuste

139 3343 340 3419 impedientem
359 3362 394 3399 ne
409 3343 452 3399 vel
466 3336 615 3397 haereditas
629 3341 753 3405 adeatur,
769 3341 813 3396 vel
826 3340 916 3413 legata
930 3340 1084 3404 solvantur,
1096 3357 1127 3393 se
1142 3337 1232 3393 taliter

76 3479 80 3485 -
139 3440 305 3508 defendere;
321 3444 396 3498 sicut
409 3451 436 3497 et
445 3443 494 3516 jus
509 3439 623 3497 habenti
638 3439 665 3495 in
681 3437 853 3504 cathedram,
868 3437 912 3493 vel
933 3438 1121 3512 praebendam,
1136 3444 1232 3492 contra

141 3559 232 3598 earum
255 3541 470 3616 possessionem
486 3539 589 3616 injuste
603 3536 840 3614 impedientem.”
882 3536 1044 3612 Propositio
1070 3541 1116 3593 18.
1131 3537 1164 3591 ab
1184 3534 1233 3592 Al-

141 3639 263 3697 exandro
292 3639 376 3697 VllI.
405 3638 552 3696 damnata:
585 3637 696 3694 “Licet
715 3637 872 3694 interficere
899 3635 1000 3692 falsum
1028 3644 1230 3702 accusatorem,

172 3857 212 3922 (l)
234 3857 273 3906 De
281 3860 341 3923 just.
352 3865 376 3907 et
385 3860 439 3923 jure
452 3861 466 3916 1
485 3857 509 3905 11.
522 3872 543 3906 c.
555 3857 589 3905 ix.
599 3856 663 3907 Dub.
675 3855 717 3905 rii.

171 3941 213 4006 (2)
234 3941 263 3989 ln
275 3945 300 3988 2.
312 3946 336 3989 2.
348 3958 389 4005 qu.
402 3943 441 3990 ot.
458 3949 502 3991 ert.
517 3945 540 3990 7.
552 3958 593 4004 qu.
606 3944 630 3992 9.
664 3940 701 3990 lte
711 3947 736 3990 et
753 3939 845 4003 Mayol.
854 3937 948 4002 Erpos.
960 3954 983 3984 v.
996 3953 1063 4000 pree.
1076 3944 1121 3985 ert.
1134 3936 1165 3984 vi.
1180 3939 1192 3994 ἐ
1206 3938 1230 3984 4.

141 4025 181 4073 ool.
192 4027 251 4073 436.
270 4025 346 4089 Peley
359 4027 433 4075 dicit:
463 4035 477 4057 ¹⁸
486 4025 550 4075 This
567 4027 651 4088 liberty
665 4026 685 4073 is
704 4023 834 4073 restrained
853 4031 877 4071 to
889 4037 965 4074 cases,
983 4022 1008 4069 in
1022 4019 1102 4068 which
1121 4035 1153 4068 no
1165 4019 1235 4069 other

143 4112 253 4174 probsble
265 4127 350 4159 means
370 4113 398 4160 of
411 4113 552 4175 preserring
570 4128 615 4160 our
632 4111 672 4160 life
690 4110 790 4166 romain,
807 4124 834 4156 es
854 4106 931 4167 ssight,
943 4105 1033 4165 calling
1045 4105 1081 4152 for
1093 4106 1234 4164 assistance,

144 4193 274 4256 dinrming
283 4195 323 4244 the
336 4196 473 4261 edversary,
486 4195 550 4246 &c.'’
585 4194 615 4244 L.
627 4195 662 4245 iii.
672 4210 696 4259 p.
708 4193 733 4243 ii.
745 4192 784 4242 cb.
796 4192 811 4241 1.
824 4188 907 4240 Mora!
923 4186 1083 4256 Philosophy.

176 4283 219 4350 (3)
239 4281 314 4348 Prop.
326 4299 386 4332 xxx.
