2744 4980
286 432 343 495 un
365 433 630 495 noanusrnus
652 424 1022 498 onmcrrrournua.
1142 440 1201 497 aro
1315 452 1351 545 '.·.

105 606 151 654 tur
163 614 293 656 munere.
327 598 391 658 lmo
400 600 560 677 justissime
573 599 740 676 prohibetur
749 617 786 657 ne
798 610 901 676 sponte
914 601 1008 660 oblata
1021 593 1107 668 dona,
1120 600 1201 660 nullo
1253 578 1286 629 ‘⁸
1312 572 1327 674 Ι,
1340 574 1369 637 ’·

106 696 241 773 apposito
254 715 351 765 onera,
372 718 389 755 a
407 698 578 775 litigantibus
601 693 799 788 accipiantur,1
818 699 855 757 ob
874 698 1032 776 periculum
1052 717 1090 757 ne
1108 698 1202 776 judex
1282 676 1289 695 ’
1333 678 1355 699 ”

106 794 168 854 ullo
180 813 298 872 prorsus
311 805 394 873 pacto
411 816 428 854 a
443 797 518 873 juris
538 806 567 855 et
584 797 701 874 justitia
724 799 833 856 tramite
855 797 988 857 declinet.
1031 796 1201 859 Consonant

107 895 213 952 veteris
226 893 315 970 Legis
328 893 515 954 documenta:
538 896 638 953 “Non
658 895 782 971 accipies
802 913 965 971 personam,
986 915 1040 956 nco
1059 915 1197 955 munera:
1277 886 1287 893 ⁰

108 992 178 1065 qnia
189 1010 308 1051 munera
319 1004 463 1052 croceam
471 994 571 1053 oculos
581 995 750 1071 sapientum,
761 1002 790 1050 ct
798 1004 908 1054 mutant
917 996 1001 1054 verba
1008 987 1203 1072 justorum&

109 1089 197 1158 Quod
209 1091 235 1148 si
243 1090 336 1169 judex
352 1111 457 1150 munus
470 1093 619 1151 extorscrit
631 1093 668 1151 ob
680 1093 849 1151 sententiam
869 1094 1025 1161 serendam,
1039 1093 1110 1152 illud
1122 1094 1203 1153 resti·

108 1198 189 1248 tuere
202 1188 296 1257 debet,
309 1208 398 1263 quum
410 1191 515 1268 injuste
529 1193 566 1249 sit
585 1201 741 1269 sumptura.
783 1191 829 1250 De
849 1192 1020 1270 obligatione
1034 1182 1202 1250 restituendi

109 1306 230 1348 munera
242 1297 345 1365 sponte
357 1289 459 1357 oblata,
473 1299 502 1347 et
512 1291 590 1349 nulla
602 1289 710 1367 adjecta
722 1289 896 1358 conditione,
916 1310 974 1350 non
987 1300 1031 1348 est
1042 1310 1100 1349 una
1112 1290 1203 1373 opuli-

109 1405 160 1447 um
173 1388 333 1446 sententia:
355 1388 439 1446 nobis
452 1406 510 1447 nou
523 1387 653 1447 videntur
673 1388 835 1447 necessarii
856 1388 1040 1456 restituenda,
1062 1407 1151 1462 quum
1168 1387 1202 1445 li·

112 1487 180 1545 bere
191 1487 299 1546 volenti
312 1505 346 1544 ea
359 1485 425 1544 dare
439 1487 541 1564 injuria
554 1506 612 1546 non
625 1487 675 1545 fiat
687 1485 863 1563 accipiendo.

153 1588 222 1642 llo.
243 1585 395 1659 Inquisitio
414 1586 555 1664 generalis
575 1605 610 1644 an
630 1586 709 1662 loges
729 1595 887 1654 serventur,
902 1585 933 1643 fit
953 1605 969 1642 a
985 1584 1093 1661 judice,
1107 1584 1137 1642 vi
1157 1586 1203 1643 sui

110 1678 274 1753 muneris;³
293 1683 344 1742 sed
361 1685 425 1762 jure
448 1685 570 1762 Anglico
591 1694 619 1742 et
639 1683 808 1743 Americano
828 1684 889 1741 fita
905 1683 1006 1761 juratis
1028 1682 1202 1748 hominibus,

111 1782 163 1855 qui
175 1781 326 1842 duodecim
346 1783 448 1842 saltem
469 1802 588 1842 numero
609 1801 673 1841 esse
687 1781 800 1849 debent,
814 1781 859 1839 vel
882 1780 918 1839 ad
939 1799 1084 1840 summum
1104 1781 1203 1858 viginti

111 1878 199 1939 tres.⁴
224 1881 364 1958 Specialis
378 1883 527 1956 inquisitio
540 1882 575 1940 de
588 1883 707 1942 crimine
717 1880 866 1958 cujusdam
874 1880 936 1938 lieri
944 1881 1052 1951 nequit,
1065 1880 1121 1938 nisi
1134 1897 1205 1956 prse-

111 1981 232 2039 cesserit
243 1981 369 2049 infamia,
385 1981 429 2040 vel
442 1982 654 2058 comprobatio,
675 1980 721 2039 vol
740 1980 833 2057 gravis
853 1979 948 2051 aliqua
960 1996 1045 2036 causa
1056 1972 1081 2036 :³
1099 1978 1205 2055 injuria

110 2078 192 2137 enim
204 2078 328 2153 alioquin
342 2080 423 2138 lieret
435 2080 562 2139 innoxiis
581 2079 755 2147 horninibus,
776 2077 939 2155 suspicione
951 2077 1079 2136 criminis
1099 2086 1204 2135 temore

111 2178 149 2236 iis
163 2177 277 2254 injecta.
319 2176 468 2238 Consonat
480 2179 642 2238 constitutio
655 2178 833 2244 Americana
848 2185 933 2251 prout
945 2175 1095 2235 amendata
1108 2165 1178 2232 est.⁶

155 2280 224 2334 111.
244 2276 379 2349 Equuleo
392 2278 461 2336 olim
474 2279 654 2350 torquebatur
672 2295 750 2342 reus,
772 2273 997 2352 procedentibus
1019 2285 1113 2332 tamen
1133 2270 1205 2331 indi·

113 2375 168 2434 ciis
182 2375 359 2453 gravissimis
372 2377 510 2444 criminis,
523 2386 556 2435 ut
567 2394 604 2433 ex
621 2375 683 2451 ejus
703 2373 883 2433 consessione
903 2372 988 2449 plena
1007 2372 1088 2430 lieret
1108 2371 1207 2448 proba·

114 2473 164 2532 tio.
206 2473 240 2532 Si
259 2474 382 2548 equuleo
400 2475 533 2533 liberatus
546 2473 756 2533 consessionem
769 2473 931 2540 retractant,
946 2474 1048 2530 iterum
1062 2470 1208 2543 torqueba·

116 2581 181 2630 tur:
202 2572 253 2630 sed
265 2575 290 2631 si
312 2575 393 2632 tertio
407 2583 495 2631 tortus
516 2593 548 2631 ao
568 2573 727 2641 confessus,
752 2570 832 2630 tertid
853 2580 1041 2637 retractasset,
1063 2569 1207 2628 absolutus

114 2668 314 2730 dimittebatur.
356 2672 419 2730 Viri
433 2671 566 2739 illustres,
582 2672 627 2728 vel
640 2673 670 2729 in
683 2670 818 2748 dignitate
832 2670 986 2735 constituti,
1000 2667 1141 2733 doctores,
1155 2668 1207 2726 mi·

113 2768 189 2837 lites,
202 2788 298 2839 senes,
312 2772 485 2848 impuberes,
505 2780 692 2848 pregnantes,
708 2778 736 2825 et
756 2766 883 2826 nondum
903 2765 1076 2824 confirmatae
1096 2774 1207 2839 aprtu

114 2868 238 2940 equuleo
251 2871 376 2943 torqueri
389 2870 553 2943 nequibant
586 2869 604 2926 J
607 2886 655 2927 ure
669 2865 792 2943 Anglico
805 2883 869 2922 reus
883 2862 1055 2939 respondere
1068 2879 1203 2920 recusans

114 2965 191 3025 haud
204 2968 327 3042 equuleo
341 2970 530 3043 torquebatur,
544 2967 595 3026 sed
614 2968 644 3026 in
663 2984 774 3024 carcere
795 2963 880 3022 dorso
896 2964 1008 3041 jacens,
1023 2962 1089 3021 serri
1102 2978 1208 3039 magno

149 3194 189 3256 (l)
206 3192 263 3255 hog.
278 3193 342 3242 xviii
356 3198 369 3254 ξ
382 3194 413 3243 ds
424 3193 486 3243 offic.
504 3192 596 3257 prosid.
610 3199 632 3240 ct
646 3190 705 3252 ch.
719 3189 748 3238 vl
768 3193 782 3248 ς
797 3189 826 3238 dc
839 3188 902 3237 offic.
914 3202 1024 3250 procons.
1035 3192 1060 3233 ct
1078 3182 1212 3233 authentic.

116 3280 252 3346 Utjudicos
263 3281 316 3332 sinc
325 3298 423 3346 quoquc
433 3279 555 3341 suffragio.
576 3278 637 3342 Cap.
648 3294 669 3327 r.
679 3276 709 3325 dc
722 3275 762 3324 vit
775 3284 799 3324 et
808 3275 904 3324 honest.
916 3289 937 3322 c.
947 3272 980 3321 xi.
993 3271 1022 3320 de
1034 3269 1140 3334 rescript.
1148 3271 1174 3318 in
1187 3270 1211 3317 6.

152 3366 194 3432 (2)
208 3365 282 3417 Dant.
292 3367 340 3416 xvi.
357 3369 394 3415 19.
562 3365 604 3427 (3)
618 3361 679 3424 Cap.
693 3361 707 3409 i.
718 3359 747 3408 de
757 3358 820 3408 offic.
830 3357 884 3423 jud.

154 3453 195 3516 (d)
212 3449 380 3518 Grarrdjury.
409 3450 471 3499 Vide
483 3448 547 3514 apud
560 3447 716 3502 Blackstouo,
728 3445 742 3493 l.
754 3444 787 3493 iv.
798 3459 824 3493 n.
833 3441 890 3490 ³0³.

154 3538 197 3602 (5)
212 3536 274 3600 Cap.
282 3536 334 3585 xxi.
345 3543 370 3584 ct
379 3533 445 3583 xxiii.
457 3531 486 3581 de
494 3534 601 3580 musal.

153 3621 196 3685 (6)
216 3628 231 3650 “
240 3619 297 3668 Tho
310 3618 376 3680 right
392 3618 420 3666 οἰ
433 3618 474 3666 tho
486 3615 572 3680 peoplc
583 3622 609 3663 to
621 3615 650 3661 ba
668 3627 751 3660 securo
763 3610 789 3660 in
802 3609 864 3659 their
881 3623 990 3673 persons,
1002 3606 1102 3665 houscs,
1119 3621 1212 3671 papsrs,

115 3704 166 3754 and
177 3703 268 3762 sffccts,
280 3704 376 3766 against
384 3701 558 3752 uurcasouablc
570 3696 681 3746 scacchos
689 3696 737 3744 and
749 3699 861 3754 acizures,
873 3693 935 3743 shall
947 3694 1030 3743 nothe
1042 3691 1154 3748 violatcd3
1166 3690 1213 3739 and

116 3807 151 3841 no
162 3798 281 3840 wrmnts
291 3789 353 3838 shall
365 3788 437 3844 issue,
450 3787 493 3835 but
511 3801 576 3849 upon
591 3783 704 3848 probabis
716 3797 796 3839 causo,
808 3778 938 3844 supported
956 3779 987 3840 by
1004 3776 1062 3826 oath
1073 3790 1100 3823 or
1112 3774 1215 3823 affirma·

118 3878 180 3934 tion,
191 3876 240 3926 and
259 3873 412 3939 particularly
425 3871 563 3932 describing
579 3870 621 3919 tho
639 3869 707 3932 place
726 3876 751 3915 to
770 3869 798 3914 ba
818 3863 940 3918 searched,
957 3861 1004 3909 and
1017 3861 1059 3908 ths
1070 3874 1171 3923 persons
1188 3874 1215 3908 or

119 3961 203 4023 things
215 3970 240 4010 to
251 3962 280 4008 bc
289 3956 393 4008 scized.'’
411 3957 502 4007 Articlo
515 3956 546 4003 iv.
565 3950 747 4001 Amcrrdmentc
758 3953 782 3997 to
798 3942 969 3996 Gomtilution
981 3942 1014 4010 os
1024 3940 1115 3992 United
1126 3941 1214 3992 Slater.

117 4051 133 4076 ‘⁸
141 4046 184 4095 No
196 4060 285 4110 person
296 4042 357 4092 shall
370 4045 399 4092 bs
410 4041 465 4091 hold
478 4050 503 4091 to
515 4054 610 4090 answcr
628 4038 664 4086 lor
676 4052 689 4084 ι
707 4033 795 4098 capital
814 4049 841 4081 or
852 4030 980 4081 otherwise
997 4028 1121 4079 iniamous
1132 4028 1214 4084 crime,

118 4131 202 4180 unlcss
214 4144 247 4178 on
259 4145 274 4177 s
284 4132 449 4192 proscntmcnt
465 4141 495 4174 or
504 4123 649 4174 indictrnont
667 4120 695 4168 ol
708 4133 723 4166 a
735 4116 812 4180 grand
826 4117 893 4180 jury,
909 4112 1033 4178 exceptio
1045 4127 1113 4161 cases
1126 4111 1215 4174 crising

120 4218 146 4266 in
158 4215 199 4266 tha
212 4214 268 4265 land
282 4229 308 4262 or
319 4212 390 4263 narrl
409 4211 493 4269 iorccs,
510 4225 537 4259 or
548 4208 573 4257 in
586 4207 627 4257 ths
644 4204 738 4261 militia,
749 4203 821 4251 when
839 4201 864 4250 iu
877 4200 956 4250 actual
968 4198 1069 4256 corrice,
1080 4197 1106 4246 in
1119 4197 1176 4247 timo
1191 4199 1218 4246 os

121 4315 172 4350 war
183 4315 210 4349 or
221 4297 304 4363 public
315 4292 430 4358 dmgcre’
461 4293 551 4342 Articlo
565 4306 586 4341 v.
1225 4282 1315 4681 ι

812 4658 900 4683 .—
