2766 4996
215 455 271 510 tet
537 444 593 505 DE
615 441 972 504 DlsPENSATIONE.

213 614 297 679 votis,
317 609 497 686 juramentis,
507 609 629 686 jejunio,
650 604 744 665 &cm
785 606 844 664 Sed
866 606 898 664 id
919 603 1144 680 intelligendum,
1166 605 1260 680 gravis
1280 620 1302 657 sr

212 711 285 769 adsit
298 727 394 775 causa,
409 708 446 765 ob
460 726 546 780 quam
561 707 804 783 dispensationem
825 704 904 763 alteri
916 702 1128 763 concedendam
1138 701 1288 778 judicaret.

252 813 302 865 54.
323 806 369 864 Ad
382 805 606 884 dispensandum
619 824 700 879 aqua
718 805 812 876 aliqua
830 804 901 860 ratio
920 803 1042 878 exigitur
1060 819 1113 878 pro
1132 801 1175 859 rei
1194 800 1231 857 de
1250 817 1302 871 qua

215 907 306 983 agitur
318 916 426 971 natura,
435 923 523 978 quum
533 914 658 981 potestas
668 904 761 962 omnis
771 902 834 960 data
843 902 881 958 sit
893 908 914 936 “
923 902 952 959 iu
966 899 1194 965 aedificationem,
1208 907 1238 955 et
1248 916 1302 955 non

213 1007 243 1063 in
270 999 539 1062 destructionem.”²
585 1003 669 1061 Valet
690 1012 784 1059 tamen
804 999 978 1077 dispensatio
1000 1017 1016 1055 a
1036 998 1200 1074 legislatore
1220 997 1301 1054 etiam

216 1105 322 1176 absque
336 1121 421 1161 causa
433 1119 579 1168 concessa,
594 1119 631 1158 ex
644 1101 735 1177 ipsius
745 1101 851 1175 quippe
859 1098 972 1156 arbitrio
979 1106 1036 1154 tota
1047 1096 1091 1153 vis
1103 1097 1177 1173 legis
1190 1093 1302 1171 pendet.

216 1203 331 1260 Peccati
346 1200 445 1259 meritd
459 1201 594 1275 arguitur,
611 1200 660 1270 qui
679 1207 816 1274 potestate
829 1198 867 1253 ita
881 1196 1001 1254 abutitur
1012 1196 1042 1252 in
1055 1196 1199 1270 publicam
1216 1193 1305 1269 perui·

215 1302 292 1358 ciem
305 1309 334 1355 et
347 1298 465 1355 aliorum
475 1297 674 1361 offensionem,
689 1295 818 1366 quamvis
828 1296 853 1350 si
863 1294 926 1350 haec
935 1293 1010 1350 mala
1021 1310 1079 1349 non
1096 1294 1154 1350 sint
1166 1302 1305 1354 secnurra,

216 1397 308 1472 gravis
322 1394 417 1451 delicti
430 1395 480 1450 vix
492 1410 558 1450 reus
571 1391 682 1450 videtur
690 1394 740 1463 qui
754 1390 905 1461 aliquando
919 1402 1023 1448 temere
1036 1384 1209 1467 dispensat³
1250 1388 1306 1455 Qui

216 1493 301 1549 utitur
311 1490 522 1566 dispensatione
544 1490 650 1562 absque
674 1507 759 1546 causa
780 1506 929 1555 concessa,
952 1488 1043 1564 culpe
1068 1485 1232 1564 arguendam
1257 1488 1308 1544 erit

216 1591 327 1663 quoties
341 1590 402 1664 ipse
416 1589 559 1665 impulerit
568 1588 699 1664 precibus
713 1588 882 1662 importunis
896 1588 1080 1663 Superiorem
1093 1586 1129 1644 ad
1141 1586 1308 1661 dispensan-

217 1687 295 1755 dum,
309 1687 355 1745 vel
377 1686 439 1745 aliis
461 1688 493 1745 fit
511 1686 666 1746 offensioni
686 1695 715 1743 et
734 1684 847 1752 dunno,
861 1704 915 1744 suo
934 1685 1086 1761 exemplo:
1108 1703 1193 1742 secus
1216 1684 1308 1760 gravis

218 1787 309 1863 eulpa
322 1804 387 1845 reus
401 1806 458 1846 non
464 1786 582 1846 videtur.
624 1787 658 1844 si
670 1783 816 1861 delegatus
826 1794 931 1843 umere
942 1785 1096 1860 dispenset,
1107 1783 1185 1841 nulla
1191 1789 1309 1858 urgente

219 1905 314 1951 causa,
328 1886 376 1944 lex
390 1885 481 1945 adhuc
503 1903 584 1943 suam
597 1886 656 1943 vim
674 1885 794 1950 retinet3
815 1901 868 1941 nec
890 1885 966 1941 enim
987 1890 1111 1958 potestas
1132 1883 1161 1939 ei
1182 1880 1310 1956 delegata

219 1993 349 2040 cerasetur
361 1984 416 2040 nisi
429 2001 510 2055 equa
522 2001 559 2041 ex
573 2002 658 2039 causa
676 1980 845 2041 exercenda.
887 1980 1031 2038 Ceterum
1050 1981 1142 2056 gravis
1156 1977 1309 2037 admodum

215 2080 278 2136 ‘non
291 2095 406 2154 semper
419 2078 559 2154 exigenda
571 2089 615 2135 est
626 2080 706 2144 ratio,
720 2078 771 2134 sed
784 2096 847 2150 quaa
860 2097 912 2154 pro
924 2081 966 2136 rei
978 2088 1075 2137 natura
1087 2077 1219 2135 sufficere
1233 2075 1309 2133 vide·

220 2186 275 2244 tur,
289 2178 351 2235 sive
364 2178 402 2234 sit
413 2176 535 2254 petentis
548 2177 713 2243 necessitas,
728 2176 773 2231 vel
792 2175 908 2242 utilitas,
923 2177 969 2235 vel
987 2177 1087 2234 merita
1106 2193 1170 2247 quae
1191 2176 1222 2233 in
1234 2191 1310 2231 com·

222 2293 339 2335 munem
352 2276 498 2334 utilitatem
510 2274 611 2333 cedere
624 2273 779 2333 videantur.
822 2274 894 2340 Qum
913 2277 944 2332 in
966 2274 1055 2332 Curia
1068 2273 1311 2331 llomanaconoe·

221 2371 325 2431 duntur
344 2372 569 2448 dispensationes
583 2375 644 2432 sine
666 2392 762 2440 causa,
776 2390 834 2431 non
853 2390 968 2431 omnem
987 2370 1142 2431 excludunt
1159 2373 1311 2436 rationem,

220 2468 271 2525 sed
284 2487 348 2540 quae
367 2471 409 2526 rei
422 2471 508 2527 veluti
521 2470 656 2528 mbaereat
667 2480 696 2529 et
708 2472 802 2546 graus
814 2472 860 2537 sit,
875 2472 1005 2543 quamvis
1016 2468 1129 2530 aliunde
1141 2468 1310 2544 plerumque

222 2565 346 2632 accedat,
368 2584 471 2642 nempe
492 2566 632 2626 Ecclesia
651 2586 719 2644 pax,
739 2570 785 2626 cui
804 2567 919 2627 smdent
936 2570 1079 2646 principes
1099 2567 1310 2643 dispensatione

221 2663 257 2721 ad
269 2665 479 2724 matrimonium
492 2666 649 2742 impetrata,
660 2667 705 2724 vel
718 2667 903 2744 eleemosyna
910 2669 940 2725 in
953 2669 1000 2744 pia
1011 2684 1098 2744 opera
1107 2664 1309 2741 impendenda.

222 2763 256 2820 Si
269 2766 437 2840 gravissima
449 2774 560 2841 urgeret
577 2766 659 2832 ratio,
672 2765 785 2841 publica
804 2766 913 2824 scilicet
931 2766 1045 2833 utilitas,
1059 2765 1104 2822 vel
1117 2766 1240 2841 petentis
1254 2762 1310 2821 dis·

223 2863 421 2937 pensationem
444 2862 531 2929 salus,
554 2875 685 2939 peccaret
706 2864 844 2940 Superior
863 2883 926 2923 eam
946 2862 1120 2940 denegando.
1164 2863 1234 2921 Non
1248 2860 1311 2920 idco

222 2968 315 3016 tamen
328 2960 423 3018 licebit
434 2971 531 3018 contra
542 2959 636 3036 legem
649 2980 742 3038 agere,
755 2963 811 3020 nisi
824 2963 861 3020 iis
870 2963 901 3023 in
908 2981 1002 3021 rerum
1012 2962 1152 3040 adjunctis
1164 2963 1195 3020 in
1208 2960 1310 3033 quibus

222 3054 296 3131 legis
309 3056 443 3133 obligatio
456 3055 583 3114 desinit'
613 3059 690 3116 lliuo
703 3063 727 3118 si
741 3063 895 3136 episcopus
907 3060 1028 3138 deneget
1039 3060 1282 3135 dispensationem
1295 3076 1311 3113 a

222 3152 286 3231 lege
296 3155 400 3231 jejunii
412 3155 439 3212 ei
452 3155 499 3213 eui
513 3155 549 3212 ob
562 3155 693 3215 afflictam
707 3158 895 3217 valetudinem
908 3158 1036 3216 medicus
1051 3159 1194 3235 jejunium
1207 3174 1311 3216 nocere

221 3255 375 3323 existimat,
401 3255 504 3331 poterit
528 3256 590 3330 ipse
612 3257 718 3333 jejunii
741 3256 845 3332 legem,
870 3275 932 3329 quae
958 3268 1024 3316 tunc
1050 3256 1154 3314 desinit
1175 3256 1309 3332 obligare,

222 3353 351 3418 soluerez
372 3364 401 3412 et
410 3362 430 3390 “
439 3357 464 3413 si
471 3355 623 3430 episcopus
632 3356 736 3431 injuste
743 3365 828 3433 neget
837 3355 1077 3432 dispensationem
1087 3355 1310 3431 publicationum

222 3460 285 3507 ante
299 3454 520 3520 matrimonium,
534 3463 638 3529 potest,
651 3463 770 3531 urgente
788 3455 866 3531 gravi
885 3474 979 3524 cansa,
999 3453 1125 3517 contrahi
1145 3455 1208 3512 sine
1221 3448 1311 3511 eis.’'⁴

223 3544 283 3600 Sed
295 3550 321 3604 ai
334 3549 418 3604 etiam
432 3550 535 3623 injuste
548 3563 633 3626 neget
644 3551 754 3610 solvere
768 3552 1002 3628 impedimentum
1012 3555 1159 3621 dirimens,
1173 3571 1232 3611 non
1245 3551 1311 3610 ideo

222 3640 326 3700 valebit
338 3654 497 3701 contractus
510 3662 545 3701 eo
558 3648 696 3706 existente
710 3657 866 3707 attentabis.

262 3742 310 3800 55.
332 3740 516 3816 Dispensatio
527 3742 606 3801 nulla
619 3755 663 3801 est
680 3747 705 3804 si
718 3746 804 3805 suerit
815 3745 976 3825 obreptitia
995 3748 1041 3806 vel
1053 3747 1244 3825 subreptitio,
1254 3748 1310 3804 soi·

221 3838 288 3897 licet
299 3842 325 3898 si
338 3839 441 3900 falsum
454 3840 562 3914 aliquid
581 3841 720 3902 malitiose
739 3856 907 3921 exponatur,
927 3846 973 3905 vel
986 3865 1083 3906 verum
1097 3854 1221 3904 taceatur
1233 3843 1311 3916 qnod

221 3941 329 4015 exponi
340 3940 433 4017 stylus
447 3939 544 4000 Curiae
564 3943 662 4016 reique
681 3954 779 4002 natura
798 3945 938 4022 postulata
961 3953 980 3981 ‘⁴
992 3947 1056 4004 Nos
1076 3943 1195 4021 igitur,”
1217 3944 1311 4014 inquit

219 4034 402 4100 Innocentius
415 4039 482 4109 111„
504 4042 605 4101 “inter
624 4060 684 4111 eos,
698 4043 747 4116 qui
769 4061 820 4120 per
838 4041 965 4101 standena
978 4042 1024 4101 vel
1043 4042 1190 4109 malitiam,
1204 4052 1233 4098 et
1245 4040 1310 4099 illos

255 4200 298 4265 (l)
317 4201 347 4251 L.
359 4203 376 4253 i.
387 4219 413 4254 n.
426 4206 481 4257 ΙΙ.

254 4280 299 4347 (2)
318 4287 335 4332 2
347 4284 405 4335 Cor.
416 4287 466 4337 xiii.
480 4290 518 4339 to.
552 4290 616 4341 Vide
627 4290 726 4343 Suam.
736 4291 767 4343 de
778 4292 880 4354 legibus,
891 4291 908 4341 l.
916 4291 948 4341 vi.
961 4306 983 4341 c„
995 4290 1064 4341 xviii.
1073 4293 1098 4343 4.

253 4364 295 4433 (³)
314 4367 341 4417 ⁸·
352 4368 453 4435 atpnt
464 4371 481 4421 ‘a
492 4386 517 4422 n.
531 4370 586 4422 17⁸·
889 4375 932 4441 (4)
952 4374 1054 4433 uidam.
1065 4391 1090 4427 a.
1106 4378 1161 4425 rus.

71 4524 241 4688 .-
