2766 4996
509 1270 651 1331 CAPUT
671 1270 712 1331 11.

328 1488 368 1527 DE
389 1488 643 1529 OBLIGATIONIBUS
663 1489 896 1529 RELIGIOBORUH·

421 1706 474 1779 §l.
517 1704 565 1763 De
587 1723 800 1763 rnorrssrorrrr.

106 1904 155 1958 49.
177 1904 204 1961 A
218 1920 393 1960 remurinus
407 1902 548 1961 Ecclesiae
562 1902 675 1960 suerunt
694 1902 744 1974 qui
756 1902 872 1959 virtuter
886 1901 993 1962 eximio
1006 1901 1100 1960 studio
1113 1921 1159 1963 co·

65 2001 165 2068 lerent,
179 2012 208 2058 et
220 2003 348 2059 severius
362 2001 426 2059 vitre
440 2020 530 2078 genus
551 2000 797 2078 amplecterentur,
814 2022 921 2073 ασκηται
935 2021 951 2058 a
964 2002 1097 2061 virtutum
1110 2021 1159 2060 ex·

67 2099 167 2158 ercitio
180 2101 346 2177 nuncupati,
361 2101 412 2173 qui
425 2109 518 2158 tamen
533 2101 664 2158 inunum
683 2118 787 2177 corpus
808 2120 865 2159 non
878 2101 1052 2170 coaluerunt,
1066 2100 1160 2160 sedin

67 2199 153 2257 variis
167 2199 231 2256 vitre
244 2199 376 2276 gradibus
390 2199 455 2258 Deo
476 2201 673 2258 inservierunt
716 2200 817 2258 Medio
836 2201 942 2259 seculo
961 2202 1043 2257 tertio
1063 2218 1160 2257 mona·

63 2297 185 2355 chorum
200 2299 318 2356 instituti
339 2300 419 2376 origo
439 2298 611 2376 adsignatum
632 2299 775 2356 nonnullis
795 2299 825 2356 iu
844 2297 1025 2357 solitudinem
1042 2314 1073 2354 se
1086 2299 1157 2356 reci·

67 2397 213 2473 pientibus
227 2406 257 2453 ut
269 2396 354 2454 Decii
367 2400 595 2475 persecutionem
615 2397 798 2466 declinarent,
812 2396 860 2455 ubi
873 2397 1010 2474 deinceps
1030 2415 1161 2475 perrexe-

68 2503 134 2552 runt
147 2494 261 2553 cceleste
281 2496 345 2554 vitre
358 2515 459 2574 genus,
474 2496 703 2556 meditationibus
725 2508 755 2555 et
777 2496 861 2556 variis
874 2497 987 2576 pietatis
1008 2497 1160 2565 exercitiis,

69 2594 180 2651 sectari.
203 2595 309 2662 Quarto
319 2606 347 2653 et
357 2597 455 2669 quinto
466 2599 571 2657 seculo
581 2597 740 2656 monastica
753 2596 876 2657 floruere
886 2595 987 2665 studia,
1001 2597 1031 2654 in
1044 2594 1161 2655 Oriente

70 2693 221 2769 imprimis,
235 2693 338 2752 deinde
352 2714 404 2770 per
417 2695 614 2754 Occidentem.
657 2696 821 2754 Undecimo
834 2696 939 2754 ceculo
953 2693 1092 2752 Canonici
1106 2693 1163 2751 Re-

70 2792 181 2866 gularee
194 2794 313 2851 instituti
328 2802 413 2859 sunt;
434 2812 506 2864 quoe
519 2794 608 2851 secuti
628 2801 695 2849 sunt
708 2793 811 2850 seculo
824 2792 937 2851 decimo
951 2791 1033 2849 tertio
1046 2792 1161 2848 ineunte

70 2891 103 2947 S.
115 2890 260 2950 Dominici
271 2901 300 2947 et
313 2891 345 2947 S.
360 2890 507 2948 Francirci
520 2892 591 2949 socii
604 2900 632 2948 et
641 2889 787 2967 discipuli,
801 2899 830 2948 et
839 2889 887 2949 alii
900 2889 1015 2969 plurimi
1029 2888 1164 2968 deinceps

72 2988 106 3046 ad
120 3002 214 3048 nostra
228 3007 321 3063 usque
335 2985 489 3065 tempora.¹

111 3093 159 3147 50.
181 3091 277 3148 Status
291 3089 440 3166 religiosus
454 3087 555 3148 dicitnr
575 3097 594 3125 “
605 3087 713 3148 Stabile
733 3089 797 3147 vitre
817 3090 987 3156 institurum,
1001 3098 1030 3145 et
1043 3089 1162 3148 tendens

72 3186 106 3244 ad
121 3187 321 3264 perlectionem
345 3189 527 3247 christianam
547 3207 599 3264 per
619 3188 671 3245 tria
689 3198 755 3244 vota
776 3188 919 3257 castitatis,
933 3189 1116 3265 paupertatis,
1138 3200 1167 3247 et

71 3286 274 3345 obedientie.’'
308 3286 351 3344 lta
364 3277 515 3344 rlrrtoirre.⁸
554 3286 630 3343 Vota
643 3284 783 3344 solemnia
795 3285 962 3362 plerumque
975 3284 1165 3357 requiruntum

106 3455 149 3517 (l)
163 3452 227 3502 Vide
241 3452 330 3501 Deroti
342 3452 401 3501 luet
419 3450 486 3502 Jnrir
503 3450 568 3501 Gen.
580 3453 597 3501 1.
614 3453 631 3502 i.
642 3452 679 3502 tir.
692 3451 725 3501 ix.
736 3450 867 3502 consentit
878 3450 1034 3514 Binghemnr
1051 3453 1168 3517 Antiqui·

70 3542 123 3595 tier,
136 3539 152 3588 l.
163 3539 204 3588 vii·
216 3554 239 3588 c.
252 3539 274 3586 l.

106 3629 143 3684 (2)
155 3623 238 3674 'l'rcct
252 3623 283 3674 dc
295 3624 368 3686 oblig.
380 3639 401 3674 c
412 3623 439 3674 ii.
449 3622 707 3689 Andirturct'l'eylor
713 3623 745 3674 de
753 3623 900 3690 perfectione
906 3624 1026 3676 dirrerem
1038 3641 1045 3674 τ
1063 3623 1168 3677 “Thero

69 3725 110 3759 erc
121 3710 147 3761 in
159 3710 201 3760 the
212 3726 322 3760 aermon·
334 3710 363 3759 of
374 3709 459 3775 Clrriut
469 3724 538 3760 corno
549 3709 673 3760 mmnocr
689 3710 719 3761 ol
731 3709 811 3762 dntier
822 3710 914 3770 which,
924 3710 1045 3773 elthough
1053 3711 1112 3774 they
1124 3725 1165 3760 cro

71 3811 221 3860 purrucnoer
237 3797 266 3846 ot'
280 3798 326 3846 low
339 3797 387 3847 and
404 3797 474 3862 duty,
485 3804 528 3862 yet
544 3797 571 3847 in
589 3797 651 3847 their
667 3813 724 3848 orru
744 3798 853 3848 material
870 3797 966 3847 uctunl
983 3797 1057 3856 being
1067 3809 1107 3843 ero
1124 3803 1169 3844 not

72 3879 139 3939 lawr,
148 3881 192 3930 but
203 3880 261 3929 both
274 3880 300 3929 in
312 3880 353 3943 the
365 3880 451 3942 degree
462 3881 570 3946 implicd,
582 3881 630 3933 end
643 3881 670 3931 in
682 3881 723 3931 tho
735 3881 846 3930 instance
864 3876 993 3943 orprmed
1004 3892 1044 3926 cro
1056 3879 1169 3927 conmoie

73 3967 261 4029 euangelicum
274 3964 355 4015 which
366 3981 404 4016 we
415 3983 456 4017 ero
468 3966 560 4039 inritod
576 3967 608 4031 by
624 3972 692 4029 great
709 3964 821 4022 towards,
838 3964 883 4013 bnt
894 3970 939 4013 not
950 3960 1047 4024 obliged
1058 3971 1084 4012 to
1101 3962 1169 4014 them

74 4051 151 4101 under
162 4052 203 4102 the
214 4067 303 4118 proper
312 4052 431 4116 pernities
443 4053 471 4101 ol
483 4036 526 4102 rho
537 4053 593 4101 lrrr.
626 4050 696 4101 Snclr
707 4065 747 4099 cre
765 4048 865 4110 making
876 4046 1000 4099 onreelroe
1011 4047 1124 4098 eunucha
1134 4048 1171 4098 lor

72 4136 113 4185 the
125 4137 242 4199 kingdom
254 4137 284 4186 ol
297 4136 402 4195 heaven,
412 4137 502 4198 calling
518 4136 550 4186 all
562 4134 610 4185 end
628 4133 744 4198 givingit
760 4141 786 4184 to
797 4131 839 4182 rho
855 4146 923 4198 poor.
956 4130 1105 4183 'l'hcdutior
1122 4134 1169 4184 end

73 4223 133 4271 laver
144 4222 201 4271 here
210 4221 323 4284 rignifiod
333 4238 374 4272 ere
386 4221 500 4286 challey,
510 4220 614 4286 charity,
624 4226 750 4284 contempl
761 4218 791 4268 ol
803 4217 845 4268 the
862 4215 947 4278 world,
956 4217 1008 4267 ml
1018 4217 1056 4268 l'or
1066 4217 1108 4268 tlro
1116 4234 1170 4284 pro·

74 4308 188 4373 pagrum
203 4308 231 4358 of
239 4307 281 4358 tlre
292 4308 377 4373 torpel
388 4321 395 4364 r
410 4308 453 4358 rho
462 4307 554 4358 rinno·
565 4306 712 4358 thomice·
723 4319 764 4356 cre
775 4303 851 4355 direct
860 4302 951 4365 dutiae,
962 4303 1011 4355 end
1023 4303 1101 4356 under
1111 4305 1172 4356 lm

114 4401 191 4461 Vor..
212 4401 319 4460 l.-³l
