2744 4980
379 442 436 504 DE
457 442 667 505 PECCATIS
688 443 976 507 cumulemus,
1162 453 1220 508 8⁰7

126 611 189 687 ipse
203 607 349 667 Dominus
361 608 417 667 hoc
429 607 505 680 iecit,
527 610 578 668 sed
592 629 657 670 cum
677 613 852 689 suscepisset
870 614 992 692 alapam,
1006 611 1098 670 dixit:
1121 613 1221 680 ‘Quid

125 725 172 767 me
185 707 273 767 cedis
284 705 307 763 l’
349 708 391 766 Et
403 706 468 766 ideo
480 711 565 768 etiam
579 711 656 768 circa
668 711 753 768 verba
763 713 969 771 conumetiosa
983 730 1045 784 quse
1059 720 1222 770 contranos

126 805 268 873 dicunutr,
288 814 333 864 est
354 804 430 864 idem
453 808 678 886 intelligendum.
721 808 850 868 Tenetur
869 812 945 869 enim
968 810 1071 868 hebere
1093 811 1222 869 animum

129 916 258 983 paramur
272 903 308 962 ad
320 908 507 965 contumelias
521 905 689 974 tolerandas,
703 908 729 965 si
741 907 900 986 expediens
919 910 1021 969 fuerit:
1043 908 1224 982 Quandoque

128 1015 225 1063 umen
237 1012 392 1078 oportetut
410 1005 612 1065 contumeliam
631 1006 738 1064 illatam
758 1007 939 1084 repellamus,
959 1009 1086 1066 maxime
1106 1002 1224 1085 propter

128 1102 198 1162 duo.
240 1101 340 1160 Primo
359 1101 475 1175 quidem
495 1113 611 1181 propter
628 1105 736 1163 bonum
755 1108 818 1185 ejus
839 1108 888 1180 qui
908 1106 1110 1167 contumeliam
1130 1106 1224 1173 infert,

128 1213 162 1260 ut
174 1199 308 1259 videlicet
326 1201 389 1277 ejus
409 1201 526 1261 audacia
547 1205 723 1280 reprimatur,
738 1213 766 1262 et
784 1204 820 1263 de
834 1215 936 1265 cetero
950 1206 1015 1264 talia
1026 1222 1084 1263 non
1097 1214 1224 1271 attentet,

128 1297 288 1358 secundum
301 1298 370 1357 illud
384 1299 604 1360 Proverbiorum
624 1303 712 1360 xxvi:
735 1303 908 1380 ‘Responde
928 1305 1014 1362 stulto
1028 1306 1113 1381 juxta
1133 1305 1224 1362 stulti·

133 1399 202 1457 tiam
222 1416 314 1466 suam,
337 1417 374 1456 ne
394 1400 449 1459 sibi
469 1401 584 1478 sapiens
604 1399 750 1459 uideatur.¹
792 1403 859 1461 Alio
880 1401 966 1461 modo
986 1413 1100 1478 propter
1119 1403 1226 1462 bonum

131 1497 296 1564 multomm‚
317 1515 438 1569 quorum
458 1500 601 1576 proiectus
620 1499 775 1577 impeditur
794 1512 911 1578 propter
931 1501 1117 1560 contumelias
1143 1501 1226 1561 nobis

132 1592 274 1658 illamam

172 1698 223 1754 ot.
246 1694 458 1754 Contumeliam
471 1706 564 1755 autem
578 1716 637 1755 non
649 1699 718 1756 licet
728 1699 884 1775 rependere
898 1698 1121 1756 contumelioso:
1146 1707 1165 1734 ‘⁶
1177 1699 1206 1756 N
1209 1718 1225 1756 e

131 1793 306 1871 respondeas
326 1793 411 1852 stulto
430 1798 515 1874 juxta
535 1795 680 1855 stultitiam
698 1815 790 1864 suam,
814 1816 850 1855 ne
874 1796 1007 1855 efficiaris
1027 1797 1053 1853 ei
1076 1789 1228 1855 similis.'’²

133 1892 261 1970 Egregie
283 1891 427 1951 Basilius:
458 1893 700 1954 “Conmmeliam
722 1897 816 1954 intulit
836 1898 940 1964 iratus;
962 1897 1045 1954 vinee
1068 1913 1227 1968 amoreque

132 1991 248 2049 silentio
261 1990 378 2050 malum.
394 2034 401 2050 .
415 2036 443 2051 ..
467 1994 500 2052 si
520 1993 592 2052 mihi
613 1994 715 2061 credis,
737 1996 839 2069 probra
859 1994 1100 2066 contumeliasque
1123 2012 1227 2070 magno

133 2090 219 2148 etiam
234 2091 329 2148 animo
341 2101 517 2160 contemnes,
538 2103 566 2150 et
586 2103 613 2150 te
634 2092 725 2152 adhue
745 2094 874 2153 viliorem
893 2112 957 2151 esse
977 2090 1128 2151 concedes.
1171 2092 1228 2151 Oh

133 2207 250 2248 scutrum
264 2198 290 2245 te
305 2199 334 2246 et
349 2191 501 2267 inglorium
522 2192 642 2260 vocavit,
663 2192 826 2265 nulliusque
847 2193 1057 2251 estimationis:
1079 2200 1181 2248 terram
1202 2201 1228 2247 te

134 2307 169 2346 ac
181 2289 309 2346 cinerem
322 2307 387 2347 esse
399 2289 487 2348 dicas.
530 2291 595 2349 Nec
609 2300 638 2348 tu
658 2291 791 2349 illustrior
811 2311 843 2351 es
863 2300 941 2368 patre
962 2299 1059 2349 nostro
1073 2287 1228 2354 Abraham,

136 2388 189 2459 qui
201 2388 329 2463 seipsum
343 2388 388 2446 his
402 2390 563 2448 nominibus
583 2389 744 2466 appellavit.
761 2430 810 2447 ...
841 2387 964 2458 Quando
984 2391 1062 2447 enim
1079 2387 1231 2447 verborum

137 2486 313 2545 contumelia
325 2488 449 2555 esuris,
464 2487 533 2546 illud
546 2489 689 2555 existima,
703 2488 861 2563 perieulum
875 2488 909 2546 de
925 2497 950 2546 te
965 2489 1038 2556 fieri,
1052 2506 1089 2545 an
1102 2485 1167 2545 Deo
1180 2506 1233 2564 per

142 2586 309 2663 patientiam
329 2586 483 2654 adherens,
497 2605 548 2645 seu
569 2605 620 2662 per
640 2588 712 2644 iram
725 2589 754 2646 in
768 2587 919 2646 adversarii
933 2597 1025 2663 partes
1039 2586 1170 2645 inclines.
1184 2628 1191 2644 .
1203 2628 1232 2643 ..

138 2684 198 2751 Qui
221 2693 314 2741 autern
339 2704 370 2743 se
395 2685 547 2753 vindicare,
563 2696 591 2744 et
604 2705 655 2763 par
668 2688 728 2761 pari
749 2685 874 2752 reddere,
896 2705 929 2743 ac
949 2685 1130 2743 maledicenti
1149 2686 1232 2741 resis-

138 2794 195 2841 tere
209 2784 339 2851 voluerit,
351 2803 446 2856 qnam,
461 2804 570 2857 qureso,
581 2785 697 2842 habebit
707 2784 943 2843 exeusationem?
964 2782 1049 2848 Quod
1063 2782 1172 2858 primus
1186 2783 1233 2839 ille

138 2881 509 2958 lueritacprovoeuueritl
549 2884 608 2942 sed
623 2902 679 2955 qua
691 2884 774 2941 venia
787 2882 905 2960 dignum
918 2881 973 2938 hoc
985 2873 1035 2937 i”³
1076 2879 1233 2946 “Quando

138 2982 269 3039 convicia
280 2982 421 3058 regeris,”
437 2982 528 3055 inquit
541 2982 780 3059 chrysostomus,
802 2981 956 3040 “vinceris
977 2999 1034 3039 nou
1058 2980 1092 3038 ab
1106 2979 1232 3046 homine,

137 3079 201 3147 sed,
216 3078 294 3152 quod
308 3081 417 3156 turpius
430 3090 483 3149 est,
498 3101 515 3138 a
528 3082 660 3159 passione
674 3092 758 3156 atque
769 3082 876 3158 impetu
890 3073 987 3139 irae.”⁴

180 3182 231 3236 62.
253 3177 372 3237 Clamor
384 3197 420 3236 ex
434 3180 474 3236 ira
487 3182 658 3253 quandoque
672 3180 791 3239 furentis
812 3178 893 3238 valde
914 3180 1017 3237 mentis
1031 3177 1167 3236 indicium
1181 3186 1234 3240 est,

139 3287 170 3335 ct
181 3277 271 3334 animi
285 3278 410 3354 maligni.
453 3286 472 3313 “
484 3279 542 3337 Ore
557 3280 671 3353 quidem
685 3280 839 3338 clamorem
860 3276 995 3341 format,”
1011 3277 1102 3348 inquit
1116 3274 1148 3331 S.
1164 3274 1236 3331 Gre-

140 3375 238 3453 gorius
254 3375 309 3443 M.,
331 3375 522 3435 “sedsensus
543 3378 611 3451 quid
630 3378 762 3449 loquatur
782 3378 901 3454 ignorat.
943 3375 977 3433 ln
999 3374 1162 3447 quoitaque
1184 3374 1235 3430 iste

140 3475 177 3531 ab
189 3475 339 3550 arreptitiis
352 3476 437 3551 longe
451 3488 503 3545 est,
518 3478 567 3548 qui
581 3476 699 3534 aetionis
713 3494 772 3533 suae
786 3475 919 3534 conscius
933 3492 992 3532 nou
1007 3472 1072 3531 esti
1107 3468 1193 3530 Unde
1207 3471 1238 3529 fit

143 3572 322 3649 plenumque,
335 3582 470 3646 utusque
484 3575 519 3633 ad
534 3593 633 3633 manns
647 3576 688 3633 ira
700 3575 839 3653 prosiliat,
854 3572 951 3647 etqui
969 3573 1039 3632 ratio
1059 3572 1175 3650 longius
1195 3589 1237 3629 rc-

144 3670 231 3737 ccdit,
246 3670 379 3730 audacior
391 3668 560 3750 exurgat.”⁵

185 3773 235 3828 6³.
270 3770 322 3828 Ine
345 3771 503 3831 remedium
525 3773 700 3850 precipuum
720 3782 764 3831 est
784 3772 894 3832 Christi
915 3768 1160 3830 mansuetudinem
1182 3788 1239 3845 prae

143 3869 236 3927 oculis
250 3868 363 3938 habere,
385 3873 545 3944 “quicum
563 3871 786 3938 malediceretur,
807 3864 865 3929 non
886 3869 1089 3928 maledicebat:
1111 3885 1177 3925 eum
1191 3886 1238 3943 pa-

145 3976 260 4034 teretur,
274 3986 333 4028 non
354 3971 579 4030 comminabatur
587 3964 634 4038 ;”ὁ
653 3979 681 4029 et
694 3979 856 4028 sanctorum
877 3969 1011 4043 exempla
1031 3965 1167 4031 recolere,
1191 3967 1240 4038 qui

145 4068 368 4127 vehementioris
383 4069 553 4143 quandoque
567 4069 679 4138 indolis,
701 4070 797 4128 divina
815 4069 903 4145 gratia
915 4065 1081 4143 opitulante,
1098 4066 1238 4123 mansueti

182 4246 225 4309 (l)
245 4243 273 4292 S.
284 4242 376 4292 Thom.
387 4247 410 4290 2.
423 4241 447 4291 2.
458 4259 500 4306 qu.
511 4243 581 4293 lxxii.
594 4252 637 4293 art.
649 4243 683 4293 iii.
787 4243 829 4307 (2)
844 4241 916 4289 Pror.
928 4239 996 4288 xxvi.
1008 4240 1032 4285 l.

184 4328 227 4393 (³)
245 4327 321 4377 Hom.
333 4342 357 4376 x.
366 4326 397 4376 de
410 4328 452 4377 ira.
645 4381 648 4388 ,
788 4326 831 4391 (d)
842 4323 917 4374 Hom.
929 4321 988 4372 xxii.
999 4321 1026 4373 in
1036 4337 1074 4387 sp.
1086 4321 1116 4371 ud
1130 4321 1198 4372 Rom.

185 4413 229 4478 (5)
244 4411 274 4462 L.
286 4427 310 4462 r.
321 4409 407 4462 Moral-
419 4427 440 4462 c.
451 4427 511 4461 xxx.
788 4411 831 4477 (6)
847 4410 858 4458 l
870 4408 922 4459 Pet.
934 4408 959 4456 ii.
969 4405 1010 4454 2³.
