2744 4980
417 374 474 434 nn
495 372 661 465 cuturn
681 375 934 436 ermenero.
1166 387 1223 442 roc

126 538 239 597 randum
253 538 391 600 damnum
404 538 481 611 quod
501 559 538 598 ex
558 540 675 599 vulnere
694 543 797 618 patitur
816 543 865 615 qui
884 542 986 619 injuria
999 552 1151 620 percussus
1165 556 1218 615 est,

132 638 171 696 rel
183 638 261 710 quod
274 641 358 698 uxori
371 639 474 696 filiisve
487 640 575 696 occisi
587 639 712 700 hominis
726 642 848 699 obvenit.

168 741 233 795 1⁰2.
259 739 363 796 Utrum
376 739 543 796 imminente
556 742 655 797 mortis
670 741 856 816 plurimorum
870 741 1000 816 periculo
1012 741 1098 799 liceat
1110 742 1221 814 aliquos

133 837 280 894 interficere
293 837 329 895 ad
342 847 458 894 ceteros
471 838 636 905 servandos,
651 841 739 912 queri
752 848 863 916 potest:
885 841 1002 915 contigit
1014 841 1091 898 enim
1105 859 1163 898 non
1181 841 1220 898 ita

136 935 234 1010 pridem
246 946 345 992 nautas
359 936 429 993 mari
437 937 558 1011 jactatos
571 947 599 992 et
611 937 746 1014 scaphae
759 937 906 1013 naufragio
920 937 1081 1006 evadentes,
1097 941 1127 997 in
1139 957 1217 998 mare

139 1034 263 1110 projicere
277 1035 372 1109 plnres
385 1032 420 1090 ed
432 1034 581 1091 levandam
594 1035 740 1111 scapham,
755 1055 841 1108 quarn
860 1037 1044 1112 mergendam
1058 1024 1220 1095 alias'time·

139 1126 214 1188 brnt¹
253 1132 389 1189 Fidenter
411 1131 532 1189 dicimus
554 1133 583 1189 id
603 1135 763 1191 nullatenus
776 1135 899 1202 licuisse,
915 1154 1003 1207 quum
1017 1135 1146 1192 occidere
1161 1137 1217 1211 pri·

68 1252 71 1257 ·
141 1239 189 1286 rata
209 1231 350 1288 voluntate
376 1230 522 1287 hominem
543 1232 692 1289 innoxium
712 1231 814 1291 divine
840 1232 897 1309 legi
923 1252 1039 1309 prorsus
1062 1244 1215 1309 repugnet.

141 1328 212 1394 Quod
223 1338 318 1387 eutem
331 1347 431 1387 omnes
445 1330 642 1387 verosimiliter
654 1331 769 1406 perituri
783 1330 883 1398 forent,
898 1350 956 1388 non
976 1332 1041 1389 facit
1055 1341 1086 1388 ut
1098 1332 1217 1398 licuerit,

139 1444 212 1497 quum
226 1425 380 1486 infortunio
394 1426 423 1484 id
436 1429 621 1503 contingeret,
645 1429 721 1501 quod
735 1429 873 1506 impedire
888 1449 946 1488 non
959 1429 1097 1487 debebant
1109 1430 1218 1502 aliquo·

136 1543 192 1582 rum
204 1543 285 1582 nece.

351 1721 419 1795 511.
461 1722 509 1780 Du
524 1741 571 1781 sur
586 1742 766 1788 suonurreuu
781 1744 986 1783 ostensione.

169 1877 237 1930 103.
253 1881 272 1908 “
282 1873 418 1940 Quamvis
427 1874 485 1931 vim
495 1877 523 1933 vi
531 1875 667 1951 repellere
678 1894 778 1933 omnes
788 1876 876 1951 leges,
887 1884 915 1932 et
926 1876 1022 1933 omnia
1030 1875 1097 1951 jura
1108 1871 1222 1948 permit-

124 1979 195 2038 tant,
211 1981 305 2030 tamen
316 1971 344 2028 id
357 1971 441 2030 debet
453 1973 515 2031 lieri
528 1994 594 2032 cum
608 1974 800 2032 moderamine
821 1974 969 2049 inculpate
991 1973 1094 2039 tutelae,
1111 1990 1169 2027 non
1190 1967 1226 2025 ad

125 2070 297 2128 sumendum
310 2069 473 2139 vindictam,
489 2072 540 2129 sed
554 2073 589 2131 ad
610 2073 741 2149 injuriam
764 2065 1036 2148 propulsandam.''²
1077 2071 1121 2128 lta
1140 2068 1225 2126 docet

128 2168 309 2226 Innocentius
330 2170 385 2227 lll.
407 2170 561 2247 Disputant
581 2171 697 2244 quidem
718 2171 844 2247 theologi
866 2180 961 2227 utrum
980 2171 1065 2226 liceat
1093 2186 1124 2224 sc
1149 2166 1221 2223 tueri

130 2266 246 2323 alterum
259 2267 430 2327 occidendo:
453 2269 504 2327 sed
517 2271 632 2327 intimus
647 2279 751 2327 naturae
765 2288 879 2335 sensns,
895 2287 952 2340 quo
966 2267 1001 2324 ad
1014 2269 1101 2325 vitam
1115 2281 1227 2321 servan·

130 2363 192 2421 dam
215 2366 398 2441 impellimur,
420 2367 486 2425 secit
507 2377 538 2426 ut
556 2367 698 2427 affirmans
718 2368 817 2425 vicerit
836 2359 1004 2433 sententia,³
1025 2367 1071 2423 cui
1097 2361 1227 2441 pontifex

131 2463 277 2522 manifesto
290 2465 374 2522 lavet.
416 2467 470 2523 Vis
484 2476 578 2525 tamen
602 2468 676 2525 illata
691 2467 779 2542 juste,
795 2465 918 2542 exlegis
933 2465 1042 2521 scilicet
1055 2461 1227 2527 auctoritate,

132 2580 186 2618 non
199 2573 294 2637 potest
307 2565 335 2620 vi
348 2565 464 2640 repelli;
479 2585 544 2623 nam
555 2566 611 2623 Dei
625 2563 792 2624 ordinationi
803 2582 964 2641 repugnare
978 2563 1168 2626 convincitur,
1179 2559 1230 2630 qui

131 2663 273 2736 potestatis
287 2663 407 2738 publicae
420 2664 548 2740 legitimo
561 2665 697 2721 exercitio
711 2664 824 2720 resistit.
868 2661 1025 2719 Homicidii
1039 2678 1107 2718 reus
1121 2657 1230 2714 idcirco

131 2757 276 2817 habendus
290 2771 334 2817 est
347 2763 396 2834 qui
409 2763 557 2820 satellitem
574 2782 640 2819 eum
661 2780 762 2837 capere
786 2771 937 2817 conantem
955 2759 1098 2816 interficit.
1143 2750 1229 2818 Quod

133 2858 153 2913 si
172 2859 313 2915 innocens
334 2859 369 2916 ad
389 2871 510 2917 mortem
530 2870 669 2932 quaeratur
692 2877 728 2914 ex
750 2859 821 2932 legis
842 2859 1016 2922 auctoritate,
1032 2870 1088 2912 nec
1106 2849 1232 2927 supersit

133 2974 193 3031 spes
208 2957 348 3016 evadendi
358 2959 383 3014 si
397 2961 531 3034 capiatur,
542 2977 598 3015 non
612 2957 749 3013 audemus
757 2974 823 3012 eurn
834 2955 967 3012 damnare
983 2956 1069 3011 vitam
1093 2959 1230 3014 tuentem,

134 3055 213 3111 etiarn
227 3075 294 3112 cunr
309 3056 459 3114 satellitum
472 3056 653 3114 discrimine:
675 3074 742 3112 nam
759 3054 808 3111 lex
821 3055 850 3110 in
867 3054 1050 3111 innocentem
1074 3050 1114 3108 nil
1127 3055 1230 3126 potest.

135 3152 203 3210 Sunt
216 3155 301 3212 etiam
317 3157 365 3227 qui
379 3165 476 3230 putant
488 3155 573 3212 licere
597 3154 742 3212 innocenti
761 3153 791 3209 in
806 3152 917 3229 judicio
940 3152 1073 3209 damnato
1096 3149 1229 3205 resistere

134 3253 295 3310 satellitibus
309 3254 444 3329 injustam
464 3254 632 3310 sententiam
656 3252 882 3323 exequentibus,
904 3269 994 3321 quum
1008 3248 1076 3304 huic
1091 3246 1168 3318 uprlla
1186 3243 1230 3299 vis

135 3349 223 3408 insit*
265 3350 409 3409 Ceterum
424 3353 560 3410 nonlicet
581 3350 725 3409 innocenti
745 3345 895 3405 custodem
919 3346 1039 3437 perceris
1058 3342 1226 3407 interficere,

167 3518 208 3581 (ll
225 3518 307 3568 Navis
316 3522 448 3570 vocabatur
460 3518 573 3568 William
585 3519 701 3567 Browne
711 3515 839 3579 Liverpeol
847 3522 918 3579 portu
928 3511 1121 3578 Philadelphum
1132 3509 1230 3559 directe
1245 3505 1253 3519 ⁶

137 3601 220 3652 Mense
231 3604 246 3652 J
250 3605 317 3653 uuio.
330 3621 396 3654 anno
409 3605 481 3662 1841,
492 3603 649 3665 naufragium
660 3618 732 3668 passe
740 3609 785 3656 est,

171 3691 213 3752 (2)
234 3689 295 3752 Cup.
307 3688 466 3750 Significant.

171 3772 212 3836 (3)
234 3771 344 3822 Consule
358 3774 390 3824 D.
405 3772 537 3832 Thomum,
547 3772 571 3821 2.
583 3774 607 3822 2.
619 3789 659 3836 qu.
672 3772 730 3820 lxiv.
740 3778 783 3821 nrt
796 3771 827 3819 vi.
840 3770 883 3834 qui
894 3772 976 3818 tamar
987 3783 1038 3817 non
1061 3765 1113 3814 vult
1131 3770 1160 3812 ut
1176 3760 1233 3824 quie

138 3856 191 3905 velit
203 3856 330 3908 hominem
342 3860 459 3919 occidere,
471 3860 583 3923 quemvis
600 3875 627 3907 ee
643 3857 757 3907 defendat
774 3873 831 3906 cum
844 3856 928 3905 mortis
939 3851 1087 3915 aggressoris
1101 3856 1166 3897 certo
1186 3846 1234 3895 dis·

138 3941 243 3992 erimine.
280 3951 295 3974 ‘¹
304 3943 426 4006 Theologi
446 3943 646 3993 communissimc
657 3942 773 3991 recedunt
786 3943 816 3990 eb
827 3956 855 3990 ee
874 3938 1061 3988 Themistamm
1073 3931 1197 3995 opinione,
1210 3938 1234 3979 et

139 4031 219 4076 tenent
229 4028 324 4077 licitum
336 4044 390 4077 esse
409 4028 564 4092 quamdoqne
584 4027 709 4077 intendere
728 4033 830 4076 mortem
849 4023 942 4072 inimici
954 4029 981 4070 ut
992 4018 1101 4068 medium
1112 4014 1231 4065 evadendi

140 4112 260 4175 proprium
274 4111 436 4176 periculum.”
470 4112 538 4162 Edit.
550 4128 638 4162 cursus
647 4111 762 4174 completi
775 4110 800 4158 in
814 4107 906 4168 Meyol.
917 4113 934 4156 t.
946 4105 996 4153 xiv.
1007 4103 1053 4153 col.
1063 4102 1118 4149 619.

172 4196 215 4259 (4)
235 4195 366 4259 Denugo,
377 4196 467 4260 aliique
478 4197 545 4261 epud
555 4196 664 4246 Carrlere
676 4195 706 4245 de
714 4193 812 4259 justitie
823 4200 847 4241 et
854 4193 918 4255 jure,
933 4189 980 4238 vol.
992 4187 1017 4237 ii.
1025 4203 1050 4236 n.
1064 4187 1122 4235 789.
1150 4181 1236 4232 Cardi-
1316 4208 1323 4227 ι

142 4278 200 4326 nelis
212 4278 400 4343 Cupisucclriuo,
418 4289 435 4330 t
452 4281 477 4330 ii.
490 4297 532 4344 qu.
550 4281 589 4330 vii.
611 4280 652 4329 cit
664 4279 729 4344 apud
742 4277 835 4340 Msyol.
848 4274 913 4338 Exp.
925 4272 975 4322 viii.
992 4287 1061 4337 prce.
1073 4278 1115 4320 ert
1127 4269 1159 4319 iii.
1173 4272 1187 4326 §
1199 4268 1233 4318 ir.
1325 4306 1331 4319 ,

143 4362 185 4410 col.
198 4364 269 4411 11115,

143 4515 146 4527 ,
161 4468 186 4523 9
