2766 4996
210 393 270 448 844
378 386 435 449 DE
455 384 815 448 osllonrrountus
835 382 1135 446 emurcownt.

212 553 310 619 Quum
322 559 416 609 autem
428 568 487 609 non
499 551 540 611 sit
556 549 593 608 ad
610 550 732 608 salutem
750 549 954 617 necessarium,
965 566 1027 608 non
1039 558 1177 608 tenentur
1187 548 1224 608 ad
1236 548 1299 609 illud

212 647 428 717 conterendum,
441 648 467 706 si
479 649 543 707 vite
564 665 649 726 grave
662 648 820 725 periculum
833 646 917 716 adsit,
930 648 1063 722 muniris
1076 646 1160 714 illud,
1175 648 1301 724 praehro

213 767 280 808 sane
293 747 437 806 charitatis
458 747 603 824 exemplo,
617 755 697 823 peste
718 747 911 811 inherentibus
927 745 962 805 8.
976 744 1104 805 coctu
1123 745 1302 806 Bormam

213 843 386 905 contulerit¹
428 846 585 905 Laudabile
598 864 711 919 queque
732 854 776 904 est
796 846 965 921 episcopum
977 853 1112 921 paratim
1123 863 1160 902 se
1176 845 1303 904 munes

213 944 250 1003 ad
263 944 335 1004 illud
346 944 551 1004 conserendum
569 945 626 1002 vita
644 944 877 1020 periclitantibus,
890 943 975 1002 etism
988 934 1117 1019 pueris?
1130 945 1264 1016 quamvis
1274 941 1302 999 sd

215 1043 244 1102 id
267 1045 356 1102 teneri
378 1062 436 1102 nen
458 1042 594 1102 videaur.
627 1040 781 1101 ,Caeterum
803 1050 986 1102 nonracarst
997 1039 1303 1117 culparecusareillud

216 1144 323 1243 pauenti
335 1144 367 1201 in
378 1143 477 1201 mortis
491 1141 663 1208 discrimine,
677 1142 704 1198 si
716 1142 824 1214 absque
836 1141 916 1218 gravi
929 1139 1117 1198 incommodo
1130 1138 1203 1198 illud
1215 1149 1303 1216 posset

216 1238 385 1315 ministrare.
428 1241 497 1299 Non
511 1251 619 1298 tenetur
632 1249 726 1297 temen
746 1237 783 1298 ad
800 1238 873 1301 illud
891 1236 1099 1298 mueronem
1111 1240 1196 1297 omni
1208 1238 1304 1315 peent'

217 1339 343 1411 quolibet
360 1349 498 1415 ternpore,
511 1340 537 1396 si
549 1338 626 1396 nulla
642 1338 681 1395 sit
692 1339 763 1396 ratio
778 1339 874 1414 gravis
886 1356 936 1396 eur
949 1336 1033 1396 statis
1045 1334 1150 1396 diebus
1163 1355 1231 1395 curn
1250 1336 1304 1394 dis

215 1446 316 1510 petens
330 1453 433 1494 nense
447 1438 537 1494 sistat.

255 1537 305 1592 36.
325 1533 372 1592 Ad
385 1533 557 1611 penitentie
579 1543 789 1594 sacramentum
801 1531 1020 1615 ministrandam
1037 1550 1100 1592 son
1112 1533 1303 1608 teneursepis·

217 1648 318 1709 copus,
341 1631 557 1710 suppetentibus
583 1630 886 1704 sacerdcdbusquiee
906 1648 1024 1690 munere
1046 1630 1222 1706 fungentum
1247 1649 1304 1689 nam

216 1748 307 1804 quum
326 1732 455 1810 regimen
475 1731 503 1789 ei
528 1731 568 1788 sit
584 1731 781 1805 commissum,
803 1733 854 1789 vix
874 1731 1008 1788 convenit
1026 1730 1191 1788 animarum
1213 1748 1305 1788 meana

216 1832 345 1898 scrutari,
359 1849 396 1889 ne
409 1831 584 1888 existimetur
597 1847 631 1886 ea
639 1822 815 1901 aliquatenus
823 1830 865 1888 uti
875 1829 983 1887 notitia.
1024 1826 1186 1886 Laudabile
1193 1826 1304 1905 proinde

218 1927 328 1988 ridetur
340 1931 375 1987 ab
387 1929 443 1986 hoc
455 1927 613 1987 ministerio
635 1945 667 1984 se
687 1926 837 1995 abstinere,
861 1927 1019 2003 presertim
1043 1943 1113 2001 erga
1135 1926 1302 1992 sacerdotes,

215 2026 457 2091 sanctimoniales,
471 2027 580 2083 aliosve
593 2043 666 2097 quos
686 2042 782 2100 regere
802 2034 923 2101 oportet.
966 2022 1113 2082 Ceterum
1133 2024 1304 2084 sacerdotium

215 2122 314 2198 inopia
325 2134 355 2181 et
366 2120 542 2182 consuetudo
555 2121 631 2196 apud
643 2140 696 2180 nos
709 2123 821 2182 invecta
833 2124 939 2181 sacient
949 2122 1039 2180 utrix
1050 2123 1301 2200 possitepiscopus

215 2223 253 2280 ab
280 2220 458 2300 excipiendis
483 2222 621 2280 laicorum
647 2219 874 2280 confessionibus
889 2239 929 2291 ,ee
950 2220 1100 2278 munere.
1145 2220 1305 2280 Pontificale

221 2320 384 2380 Romanum
398 2319 516 2394 quidem
528 2321 560 2378 in
572 2319 752 2378 visitationis
765 2320 870 2379 muniis
884 2317 1079 2377 describendis
1086 2316 1176 2377 dicit:
1197 2329 1216 2354 ‘⁶
1225 2335 1305 2394 expe·

219 2417 276 2475 dita
289 2418 747 2485 confirmations-confessiones,
769 2429 798 2476 et
817 2417 919 2477 deinde
940 2416 1081 2488 querelas,
1101 2417 1129 2474 si
1152 2435 1215 2489 qun
1236 2427 1304 2477 sunt,

218 2512 296 2570 audit
305 2514 336 2571 :’'
358 2513 410 2571 sed
422 2514 451 2571 id
464 2512 681 2588 intelligendum
695 2514 806 2573 videtur
818 2515 854 2573 de
868 2515 992 2593 peccatis
1005 2516 1170 2574 reservans

258 2615 308 2670 ³7.
329 2609 453 2668 Ordines
467 2629 518 2687 per
530 2629 561 2667 se
575 2610 703 2669 conterre
724 2611 809 2669 debet
828 2616 991 2690 episcopus,
1012 2615 1098 2690 juxta
1110 2612 1306 2671 Tridentinum

220 2709 381 2770 decretum:
411 2710 584 2786 “Episcopi
607 2727 658 2784 per
679 2711 849 2786 semetipsos
874 2712 988 2771 ordines
1007 2712 1174 2778 conferant;
1195 2709 1308 2784 quodsi

220 2809 385 2886 egritudine
399 2809 505 2868 suerint
517 2808 656 2886 impediti,
671 2808 799 2868 subditos
813 2827 880 2868 suos
900 2829 958 2869 non
972 2809 1060 2877 aliter,
1075 2828 1165 2882 quarn
1175 2812 1236 2886 jam
1250 2827 1307 2884 pro

220 2909 309 2974 batos,
323 2917 353 2966 et
368 2910 548 2967 examinatos
570 2907 605 2965 ad
627 2908 715 2966 aliurn
737 2909 906 2984 episcopum
928 2907 1102 2967 ordinandos
1123 2901 1308 2966 dimittant”³

221 3004 330 3078 Magna
342 3023 406 3061 cum
420 3005 565 3080 diligentia
578 3024 700 3064 examen
721 3005 882 3063 laciendum
901 3017 955 3074 est,
969 3024 1005 3064 ne
1024 3006 1090 3080 quis
1104 3005 1252 3083 indignus,
1267 3006 1309 3062 vel

221 3119 322 3177 parurn
347 3100 466 3160 idoneus
488 3104 519 3160 in
541 3120 654 3159 sacrum
680 3104 868 3161 ministerium
897 3100 1063 3179 subrepatz⁴
1093 3105 1231 3163 “Manus
1256 3104 1309 3161 citi

222 3200 330 3258 nemini
343 3201 525 3276 imposueris,
536 3219 630 3272 neque
641 3202 894 3260 communicaveris
908 3204 1032 3278 peccatis
1047 3195 1199 3260 olienis.’'⁵

261 3303 311 3356 38.
332 3299 367 3358 ln
381 3300 543 3358 muneribus
557 3298 747 3375 designandis,
768 3300 870 3372 quibus
889 3300 1052 3359 sacerdotes
1072 3318 1173 3359 vacare
1194 3311 1309 3377 oportet

223 3398 400 3474 singulorum
423 3398 503 3455 dotes
520 3400 677 3471 meritaque
696 3397 870 3474 perpendere
883 3397 975 3467 debet,
989 3408 1018 3457 et
1030 3398 1147 3457 rationis
1163 3398 1311 3475 judicium,

222 3497 318 3568 potius
342 3515 426 3568 quarn
448 3497 536 3555 auirui
557 3496 700 3563 affectum,
722 3497 815 3569 sequi.
864 3496 1073 3574 Invigilandum
1098 3499 1186 3555 etiam
1213 3510 1256 3554 est
1285 3509 1313 3554 ut

221 3606 322 3646 omnes
335 3609 386 3649 sua
399 3593 534 3666 expleant
546 3597 644 3652 munia
657 3596 765 3671 integre
786 3605 956 3668 sancteque3
977 3606 1005 3654 et
1018 3596 1069 3670 qui
1088 3595 1244 3669 deliquerit
1256 3614 1312 3653 cor·

221 3684 367 3762 ripiendus
381 3699 409 3744 et
422 3688 581 3762 puniendus
594 3701 647 3757 est,
663 3710 698 3748 ne
712 3711 831 3752 munere
846 3712 927 3753 sacro
941 3697 971 3753 in
990 3695 1147 3755 enimenim
1161 3695 1313 3771 perniciem

224 3787 359 3845 abutatur.

426 3975 464 4038 (1)
483 3971 546 4021 Vide
559 3971 683 4022 Benedict.
694 3973 743 4022 xiv.
755 3974 785 4023 de
797 3973 858 4038 Syn.
871 3978 886 4025 l.
899 3977 947 4025 xiii.
957 3994 977 4027 c
990 3976 1039 4026 xix.
1051 3993 1075 4026 n.
1088 3993 1109 4027 r.

426 4056 468 4121 (ἱ)
482 4055 582 4114 Ibidem,
594 4056 610 4107 l.
622 4055 663 4104 rii.
675 4070 728 4119 cap.
739 4071 763 4105 x.
775 4072 801 4107 n.
813 4057 861 4106 viii.

425 4142 465 4205 (³)
484 4139 550 4190 θαι
558 4139 628 4189 xxiii.
638 4155 691 4204 esp.
704 4139 738 4189 iii.
749 4139 779 4190 de
791 4140 846 4190 Rei.

427 4224 471 4287 (t)
490 4224 590 4274 ibidem.
602 4238 655 4290 cap.
667 4223 708 4274 vii.
875 4225 918 4289 (d)
941 4227 951 4272 l
965 4224 1031 4275 Tim.
1044 4240 1067 4271 v.
1079 4223 1120 4274 22.
