2744 4980
185 470 245 526 282
583 463 638 522 DE
659 461 881 522 Psccnrrs.
920 457 926 478 ⁸

183 632 254 690 lium
267 630 356 688 oratio
369 630 513 687 satisfacit.
526 671 533 685 .
547 671 554 685 .
567 671 574 685 .
589 627 676 686 Delet
689 629 807 687 omnino
826 625 887 684 hec
907 626 997 684 oratio
1014 626 1135 683 minima
1149 635 1179 681 et
1193 626 1281 697 quoti·

186 725 447 805 diauapeccata.”¹

222 832 251 885 ³.
274 828 428 886 Peccatum
442 824 665 884 commissionis
679 823 780 883 dicitur
793 823 869 897 quod
889 811 952 881 actu
972 832 1097 899 patratur
1109 832 1209 880 contra
1222 821 1276 880 Dei

183 926 296 1004 legem:
330 945 358 983 r.
386 944 421 1001 g:
454 924 568 982 lurtum.
615 924 768 982 Peccatum
799 921 975 982 omissionis
1005 932 1050 979 est
1075 920 1105 978 id
1136 919 1278 998 negligere

184 1025 261 1099 quod
274 1025 337 1100 lege
352 1022 511 1081 faciendum
525 1023 701 1099 praecipitur:
723 1041 749 1079 v.
765 1042 799 1098 g:
822 1023 1020 1096 eleemosynas
1033 1021 1159 1078 tribuere
1176 1039 1279 1097 paupe·

184 1125 271 1182 ribus.
314 1123 460 1197 precepta
480 1121 626 1199 negativa
647 1122 748 1194 quibus
769 1118 875 1193 aliquid
897 1130 1015 1186 vetatur,
1037 1137 1153 1197 semper
1176 1131 1206 1176 et
1218 1137 1275 1197 pro

183 1239 299 1300 semper
312 1221 442 1278 dicuntur
455 1221 588 1297 obligare,
603 1239 759 1292 numquam
773 1221 851 1278 enim
863 1219 931 1276 licet
941 1219 1034 1276 lacere
1044 1217 1125 1293 qnod
1136 1218 1203 1294 lege
1217 1237 1278 1294 pro

183 1320 307 1387 hibetur,
318 1321 373 1377 nisi
387 1320 471 1375 verba
483 1320 554 1395 legis
568 1320 671 1377 limites
686 1321 771 1377 vetito
785 1319 946 1394 adsignent.
980 1317 1030 1374 Sic
1040 1336 1199 1390 numquam
1213 1317 1277 1374 licet

182 1418 284 1477 falsum
298 1418 423 1495 proserre
445 1418 648 1475 testimonium.
690 1419 837 1494 Praecepta
853 1416 1036 1495 affirmativo
1049 1418 1153 1490 quibus
1174 1415 1280 1487 aliquid

183 1518 347 1595 injungitur,
355 1515 479 1591 obligant
486 1533 609 1594 semper,
619 1518 685 1588 quia
692 1518 735 1574 vis
744 1536 843 1575 eorum
851 1525 956 1584 manen
964 1515 1015 1572 sed
1022 1535 1078 1575 non
1082 1533 1140 1594 pro
1152 1532 1278 1592 semper,

183 1635 241 1675 non
264 1618 341 1675 enim
363 1625 441 1672 actus
464 1634 577 1691 semper
599 1615 731 1673 eliciendi
755 1627 831 1683 sunt,
854 1614 905 1673 sed
929 1616 1081 1673 occasione
1103 1614 1179 1672 data.
1229 1614 1278 1671 Sic

182 1715 339 1774 honorandi
353 1724 419 1771 sunt
432 1725 572 1789 parentes,
587 1714 825 1788 quandocumque
838 1714 960 1772 occurrit
978 1714 1134 1772 necessitas
1149 1713 1187 1771 iis
1201 1715 1277 1770 testi·

183 1816 280 1873 monia
293 1814 396 1872 amoris
411 1812 583 1884 honorisque
598 1814 758 1890 prestandi.
1106 1797 1111 1807 ⁵

183 1973 186 1980 ,
222 1918 252 1971 4.
283 1912 317 1971 ln
343 1922 459 1990 peccato
485 1914 648 1970 omissionis
675 1912 824 1970 voluntatis
846 1913 1012 1970 exercitium
1035 1912 1185 1988 reperitur,
1211 1929 1278 1968 nam

183 2011 271 2070 homo
285 2011 344 2067 vult
363 2029 420 2068 non
441 2011 558 2087 implere
579 2024 761 2087 preceptum,
776 2010 822 2068 vel
841 2011 944 2069 omittit
956 2011 1029 2068 velle
1048 2011 1163 2068 arbitrio
1183 2028 1237 2066 sno
1249 2021 1278 2065 et

183 2109 335 2168 voluntate.
378 2107 464 2174 Quod
478 2111 502 2166 si
515 2109 608 2176 ludus,
626 2111 756 2177 ebrietas,
770 2109 858 2167 libido
878 2110 916 2167 sit
927 2110 1092 2168 omissionis
1105 2127 1204 2176 causa,
1219 2127 1281 2164 rna-

181 2208 243 2266 litia
262 2207 326 2266 inde
349 2220 499 2265 mutuatur.
541 2208 598 2274 Qui
619 2209 677 2285 pila
696 2207 798 2267 ludens
821 2210 911 2267 Sacro
932 2206 1041 2266 adstare
1063 2208 1195 2285 negligit,
1218 2225 1277 2265 non

183 2318 293 2365 tenetur
315 2308 479 2365 omissionis
501 2326 614 2366 causam
637 2308 776 2376 confiteri,
792 2326 879 2379 quum
903 2308 1034 2384 specialis
1059 2306 1137 2365 nulla
1158 2308 1187 2364 ei
1210 2307 1281 2365 insit

182 2407 307 2471 malitia3
328 2406 378 2477 qui
391 2405 458 2463 verri
472 2406 595 2481 potando
609 2407 640 2464 fit
653 2409 766 2483 ineptus
781 2407 848 2464 huic
859 2406 981 2472 muneri,
995 2406 1080 2464 debet
1093 2404 1122 2463 id
1135 2405 1278 2470 confiteri,

181 2521 269 2574 quum
283 2504 370 2560 nimia
384 2505 490 2580 potatio
511 2506 547 2560 sit
567 2516 723 2580 peccatum,
745 2519 772 2563 et
785 2508 894 2581 peccati
915 2505 1061 2564 omittendi
1083 2505 1166 2562 Sacri
1180 2523 1277 2561 causa.

182 2599 229 2659 Eo
242 2603 334 2678 magis
348 2601 515 2659 declaranda
528 2616 572 2659 eat
583 2604 711 2671 omissio,
732 2605 757 2660 si
771 2607 859 2662 menti
879 2606 1059 2664 observatum
1072 2606 1112 2662 sit
1123 2605 1189 2681 ejus
1204 2605 1279 2679 peri·

180 2699 288 2769 culum,
302 2699 370 2760 dum
384 2703 448 2774 quis
468 2703 548 2777 operi
569 2703 666 2760 illicito
686 2721 785 2760 vacare
805 2706 1006 2780 proposuerit;
1027 2705 1101 2762 sicut
1120 2701 1279 2773 aliquando

181 2802 321 2876 contingit
334 2801 442 2858 homini
456 2803 629 2859 consortium
643 2801 743 2878 puellae
757 2805 873 2878 petenti,
888 2823 904 2859 a
919 2821 1018 2874 quase
1033 2801 1143 2861 noverit
1156 2799 1281 2877 impedi-

180 2898 285 2956 endum
300 2918 336 2956 ne
354 2900 469 2956 domum
490 2900 594 2967 redeat,
608 2903 690 2958 uxori
705 2900 823 2959 infirmae
837 2902 883 2960 vel
902 2904 1019 2978 pauperi
1033 2901 1196 2960 necessaria
1211 2901 1278 2957 sub·

179 2996 252 3056 sidia
265 2997 494 3073 suppeditaturus
507 3019 513 3055 :
535 3018 593 3070 quo
606 3019 672 3057 casu
687 3013 834 3075 peccatum
849 3002 1011 3058 omissionis
1024 3001 1126 3077 incipit
1139 3000 1275 3075 imputari

177 3097 318 3155 statimne
333 3109 417 3154 causa
430 3098 520 3172 posita
533 3109 586 3155 est.
629 3099 662 3155 Si
677 3099 872 3158 nihilomnino
886 3099 921 3157 de
937 3102 1102 3159 muneribus
1116 3097 1276 3174 adimplen-

180 3193 224 3252 dis
238 3197 412 3272 cogitauerit,
428 3215 492 3253 reus
503 3207 597 3254 tamen
610 3210 663 3265 est,
678 3217 766 3270 quum
781 3209 921 3257 teneretur
930 3218 962 3257 se
976 3213 1105 3275 paratum
1120 3197 1237 3264 habere,
1251 3210 1279 3254 et

179 3295 245 3352 ideo
259 3297 368 3354 obicem
382 3312 491 3372 ponens
506 3307 634 3354 censetur
647 3298 718 3355 velle
732 3317 766 3354 ea
779 3301 917 3358 omittere.
959 3300 1133 3371 Plerumque
1148 3295 1235 3353 debet
1246 3297 1276 3353 in

178 3396 360 3455 consessione
374 3415 520 3454 recensere
535 3415 597 3469 qus
619 3397 745 3474 neglexit
764 3417 891 3464 munera,
910 3411 938 3455 et
958 3417 1102 3474 exponere
1124 3407 1222 3452 uuum
1247 3394 1276 3453 id

179 3496 328 3567 contigerit
347 3497 498 3560 voluntate,
513 3496 558 3551 vel
571 3498 722 3554 occasione
738 3499 798 3554 vitii
818 3517 876 3570 quo
895 3498 1077 3555 irretiebatur.
1123 3493 1275 3552 Ceterum

178 3591 204 3646 si
218 3608 269 3664 per
282 3591 443 3647 diuturnum
459 3595 592 3666 temporis
606 3597 728 3670 spatium
748 3599 846 3654 omnia
863 3597 1021 3672 neglexerit
1035 3595 1149 3672 pietatis
1163 3596 1271 3658 munia,

178 3688 246 3744 satis
261 3688 345 3744 estid
359 3687 462 3752 dicere,
478 3691 546 3759 quin
560 3693 671 3766 singula
684 3696 845 3753 minutatim
859 3696 972 3754 referat.

218 3792 246 3844 5.
270 3787 421 3843 Peccatum
435 3786 571 3863 spiritale
585 3792 678 3847 vocari
698 3792 771 3848 solet
789 3793 867 3865 quod
883 3805 979 3854 mente
993 3796 1135 3870 precipue
1149 3791 1272 3849 admitti·

177 3895 239 3942 tur:
262 3906 289 3942 v.
305 3907 337 3963 g:
359 3888 509 3962 superbia:
526 3887 644 3946 carnale
657 3900 702 3947 est
714 3891 790 3962 quod
804 3912 924 3968 corpore
935 3902 1168 3953 consummatur:
1192 3911 1221 3948 v.
1237 3910 1270 3967 g:

174 3983 369 4044 homicidium.
413 3986 556 4045 Ceterum
571 3989 704 4064 pleraque
715 3991 783 4049 vitia
795 3993 873 4050 carni
887 3995 1054 4061 tribuuntur,
1069 4009 1158 4063 quum
1173 4008 1209 4047 eo
1223 4009 1272 4048 no·

173 4083 250 4141 mine
265 4085 427 4162 designetur
443 4088 471 4144 in
486 4087 639 4164 Scripturis
660 4103 758 4150 natura
771 4094 881 4150 uitiata:
904 4103 923 4128 “
936 4093 1093 4151 Manifesta
1103 4100 1174 4148 sunt
1186 4108 1272 4165 opera

171 4184 281 4251 carnis;
305 4204 367 4257 quae
381 4200 448 4244 sunt
462 4188 618 4260 lomicntio,
634 4190 821 4258 immunditia,
835 4191 1020 4268 impudicitia,
1034 4190 1160 4257 luxuria,
1179 4186 1276 4249 idolur.

563 4391 599 4450 (l)
612 4390 737 4443 linchirid.
750 4393 811 4460 Cep.
825 4395 876 4444 lxx.
