2744 4980
431 403 489 464 DE
509 403 644 464 PRIMO
665 403 916 464 PRAEFEC'I'O.
1165 416 1204 470 77

156 577 204 633 36.
226 569 336 628 Contra
354 579 526 647 praeccptnm
537 573 657 646 peccant
668 568 693 626 si
712 569 804 641 quiin
823 569 992 646 imaginibus
1011 568 1137 631 divinam
1157 574 1206 633 ali·

125 692 199 748 quam
218 671 352 728 virtutem
372 668 466 726 inesse
487 677 594 744 putent,
615 667 666 740 qui
686 668 863 726 ethnicorum
876 669 929 726 snit
948 686 1034 736 error3
1055 670 1100 727 vel
1120 673 1149 729 in
1171 674 1188 686 '⁶

125 772 248 832 fiduciam
261 777 409 844 reponant,
430 775 575 840 tanquam
595 767 624 824 in
644 767 745 824 causis·
756 767 957 826 beneficiorum
970 785 1033 839 quse
1053 768 1147 845 postnl
1199 765 1201 771 ’

124 871 161 929 rel
172 889 220 928 eas
233 867 311 926 cultu
331 874 544 942 prosequantur,
559 865 608 938 qni
626 866 657 923 in
676 865 713 923 iis
732 865 875 933 consistat,
896 885 948 924 nec
962 865 997 923 ad
1010 885 1059 924 eos
1074 887 1146 940 quos
1167 888 1208 927 re·

125 976 285 1048 praesentant
294 964 436 1022 referatur.
467 963 612 1022 Gaetcrum
625 982 683 1021 non
692 963 774 1021 facilc
787 962 938 1022 damnandi
951 975 1018 1023 sunt
1029 964 1127 1024 fideles
1141 968 1208 1026 sinr-

126 1069 259 1145 pliciorcs,
273 1081 395 1137 quonun
408 1081 502 1121 sermo
515 1063 561 1120 vel
574 1071 652 1120 actus
661 1063 781 1121 nimiam
794 1062 935 1135 quandam
948 1065 1081 1142 imaginis
1095 1084 1209 1124 venera·

126 1168 222 1226 tionem
241 1163 368 1221 videatur
387 1159 522 1237 prodere:
546 1161 714 1237 plerumque
736 1162 814 1219 enim
835 1181 916 1220 mens
936 1180 1034 1220 cornrn
1054 1165 1137 1221 rectis
1158 1165 1209 1222 im·

127 1266 182 1323 buta
193 1275 238 1322 cst
249 1260 407 1338 principiis,
422 1262 550 1332 quamvis
563 1258 639 1317 haud
651 1259 770 1319 feliciter
786 1278 817 1316 se
830 1261 982 1338 explicent.
1024 1261 1058 1320 Id
1077 1264 1208 1321 omnibus

129 1377 224 1422 ccrtnn
237 1373 265 1419 et
284 1359 461 1436 exploratum
481 1368 525 1416 cst
545 1357 610 1416 Dco
629 1359 684 1418 soli
703 1377 867 1434 supremum
889 1360 995 1418 cultum
1018 1361 1207 1420 tribuendum.

130 1463 189 1529 Qun
203 1456 372 1535 quibusdam
386 1457 557 1535 imaginibus
570 1456 658 1515 virtus
677 1456 787 1516 videtur
806 1456 928 1517 adscribi
947 1458 984 1516 ob
995 1460 1133 1519 beneficia
1146 1461 1209 1537 plu·

130 1563 189 1619 rins
200 1561 261 1637 ejus
274 1556 425 1616 occasione
445 1557 601 1633 impetrata,
616 1555 652 1613 nd
665 1558 720 1615 Dei
741 1557 911 1614 voluntatem
931 1557 1077 1616 referenda
1089 1569 1142 1627 est,
1158 1561 1208 1632 qni

132 1660 192 1718 donn
203 1677 255 1718 sna
266 1656 435 1734 impertitur,
449 1654 480 1713 in
492 1655 527 1713 iis
541 1655 643 1729 quibus
657 1656 717 1716 vult
729 1674 823 1714 rerum
836 1656 991 1735 adjunctis.
