2744 4980
624 1128 767 1189 CAPUT
788 1126 826 1187 ll.

501 1363 548 1402 DE
578 1363 707 1402 RERUM
735 1358 951 1401 u1v181olte„

216 1544 245 1597 4.
266 1540 429 1598 Perucrero
444 1542 541 1599 omnia
553 1550 633 1599 erant
644 1542 818 1607 communia,
834 1548 908 1596 totns
922 1537 1028 1613 quippe
1048 1545 1187 1593 terrarum
1201 1533 1280 1592 orbis

177 1641 277 1717 generi
302 1639 428 1697 humano
450 1640 481 1697 in
503 1641 717 1716 possessionem
734 1639 815 1696 datus
838 1647 901 1694 est:
924 1646 1005 1694 aucto
1016 1644 1109 1692 tanmn
1122 1633 1278 1691 hominum

177 1756 296 1796 numero
308 1739 504 1811 unusquisque
519 1739 573 1795 sibi
587 1740 716 1798 sumebat
734 1756 797 1795 eam
818 1738 979 1814 portionem
999 1753 1085 1808 quarn
1104 1741 1218 1810 poterat
1231 1750 1278 1789 oc·

177 1856 290 1913 cupare,
314 1846 343 1893 et
364 1837 395 1894 in
418 1856 474 1910 qua
494 1838 613 1895 colenda
635 1849 663 1895 et
685 1836 868 1896 custodienda
891 1854 973 1893 suam
994 1833 1117 1910 ponebat
1142 1850 1275 1908 operam.

177 1935 256 1994 Hinc
270 1935 388 2012 contigit
401 1955 496 1994 rerum
510 1936 623 2003 divisio,
639 1956 702 2010 quae
717 1935 752 1993 ad
768 1939 818 2014 jus
838 1937 967 2013 gentium
986 1933 1117 2009 pertinet,
1133 1941 1277 2004 quatenns

177 2035 249 2092 inter
262 2033 412 2091 hominum
427 2035 633 2102 multitudines,
649 2055 711 2108 quae
727 2037 756 2092 in
770 2054 859 2092 unum
873 2041 1049 2110 congregato
1063 2040 1139 2097 sunt,
1154 2030 1275 2106 singule

177 2134 208 2191 in
221 2133 383 2209 regionibus
397 2133 451 2192 sibi
475 2135 607 2210 sumptis,
630 2135 765 2193 convenit
785 2153 832 2191 eas
854 2135 985 2209 regiones
1007 2131 1099 2207 gentis
1119 2129 1275 2206 cujuslibet

175 2250 239 2290 esse
254 2233 382 2308 proprias
396 2251 448 2308 pro
462 2234 548 2309 priori
562 2234 759 2310 occupationis
775 2234 860 2310 jure3
881 2252 934 2290 nec
948 2231 1026 2288 alteri
1039 2229 1117 2307 genti
1130 2229 1219 2286 licere
1232 2246 1273 2286 rc·

175 2333 290 2408 gionem
297 2332 359 2407 jam
370 2342 538 2408 occupatam
548 2332 690 2402 invadere,
700 2333 914 2408 possessoribus
925 2331 1034 2407 ejectis.
1077 2328 1171 2405 Igitur
1179 2339 1274 2385 contra

172 2431 222 2506 jus
235 2430 363 2506 gentium
378 2440 478 2505 peccat
485 2432 560 2488 natio
574 2450 636 2503 quae
648 2431 764 2491 ditionis
776 2431 922 2508 amplioris
933 2429 1049 2488 libidine
1060 2438 1176 2505 gentem
1189 2428 1272 2485 aliam

176 2529 298 2595 lacessit,
313 2528 391 2585 nulla
405 2529 507 2606 injuria
521 2540 682 2605 provocata,
697 2549 817 2602 eamque
832 2530 963 2588 exturbat
976 2527 1111 2605 pellitque
1125 2545 1141 2583 e
1156 2528 1271 2604 regione

134 2632 151 2663 ὑ
176 2646 261 2702 quam
275 2629 446 2704 occupabat:
468 2629 543 2686 sicut
562 2641 681 2703 peccant
703 2629 807 2705 singuli
829 2642 926 2688 contra
944 2630 993 2705 jus
1013 2628 1139 2703 gentium
1153 2634 1183 2682 et
1194 2626 1270 2703 leges

177 2728 374 2804 municipales,
390 2730 439 2800 qui
459 2728 578 2786 aliorum
600 2747 645 2786 res
666 2730 711 2787 vel
731 2731 930 2805 possessiones
951 2736 1097 2802 usurpant.
1140 2725 1225 2791 Quod
1245 2727 1270 2782 si

176 2828 326 2903 contigerit
338 2839 453 2903 gentem
467 2846 482 2884 e
497 2830 556 2885 suis
567 2829 632 2905 ejici
643 2829 756 2896 linibus,
767 2830 816 2905 jus
826 2829 911 2886 habet
920 2827 988 2884 alias
999 2824 1168 2899 exquirendi
1179 2824 1270 2890 sedes,

176 2926 223 2983 ubi
240 2926 338 2983 incolae
353 2929 436 3001 pauci
450 2939 518 2985 sunt
537 2946 665 2995 numero,
680 2929 726 2985 vel
749 2929 925 3004 amplissima
948 2937 992 2984 est
1014 2927 1108 3002 regio:
1131 2937 1160 2980 et
1173 2935 1270 2982 contra

174 3025 268 3099 legem
293 3034 398 3082 naturae
425 3033 555 3102 peccaret
577 3045 657 3101 gens,
682 3043 746 3098 quae
773 3027 834 3085 aliis
861 3025 1014 3102 denegaret
1032 3023 1174 3099 refugium
1196 3023 1271 3096 quod

173 3123 280 3196 absque
294 3124 339 3181 sui
352 3122 519 3182 detrimento
533 3134 631 3200 posset
641 3127 785 3201 praebere:
808 3135 965 3183 nontamen
979 3133 1087 3181 tenetur
1100 3123 1165 3181 illos
1180 3141 1268 3180 unum

174 3224 204 3280 in
216 3223 312 3282 locum
326 3226 492 3301 congregari
506 3225 599 3282 sinere
614 3244 679 3282 cum
694 3244 752 3283 sum
766 3226 902 3284 libertatis
915 3224 1089 3282 discrimine.

214 3328 242 3379 5.
265 3325 298 3381 Si
311 3343 381 3400 gens
395 3326 543 3401 regionem
558 3325 677 3383 alienam
692 3326 795 3402 injuste
810 3325 954 3391 invaserit,
965 3333 994 3380 ct
1006 3341 1057 3398 per
1068 3321 1269 3397 longissimum

175 3424 310 3497 temporis
324 3425 448 3498 spatium
463 3425 616 3492 retinuerit,
631 3425 738 3501 populo
748 3425 802 3483 sibi
812 3425 1032 3499 obtemperante,
1044 3421 1156 3478 videtur
1171 3421 1270 3478 vitium

175 3519 246 3577 tituli
261 3519 372 3578 tandem
388 3522 540 3594 aliquando
554 3535 681 3580 sanatum
696 3522 868 3590 habendum,
883 3541 918 3580 ne
932 3542 998 3580 cum
1012 3520 1184 3597 populorum
1199 3519 1269 3576 cala·

172 3619 268 3676 mitate
283 3627 375 3675 motus
390 3620 534 3690 turbaeque
549 3622 714 3678 excitentur.
761 3620 961 3699 Usucopionia
971 3623 1019 3698 jus
1033 3630 1126 3696 potest
1138 3619 1270 3695 gentibus

173 3716 410 3789 convenireque
424 3717 635 3794 prescribitur
651 3729 748 3776 contra
768 3713 935 3787 adversos3¹
955 3719 1007 3777 sed
1025 3718 1124 3795 populi
1138 3719 1270 3794 oppressi

174 3816 308 3890 patientia
323 3834 380 3874 non
395 3827 438 3873 est
450 3817 531 3874 facile
547 3818 577 3874 in
591 3828 788 3893 argumentum
796 3820 870 3896 juris
884 3821 972 3895 agniti
986 3816 1165 3875 assumenda.
1188 3815 1270 3875 Prae-

207 4003 249 4066 (1)
264 4001 327 4052 Vide
340 4003 377 4053 Do
390 4003 478 4053 llattel
514 4006 578 4056 Luto
590 4003 622 4072 os
635 4004 748 4066 Nutibus,
766 4006 799 4056 lii.
810 4022 832 4056 c.
844 4007 877 4056 ri.
891 4010 905 4066 ᾗ
921 4009 976 4057 140.
995 4012 1010 4037 “
1023 4003 1178 4072 [Ιεαςαρίίοπ
1190 4004 1212 4054 is
1229 4003 1272 4054 the

169 4085 314 4148 acquisition
332 4088 360 4136 os
373 4089 472 4139 domuin
489 4089 595 4140 founded
614 4105 646 4139 on
663 4090 754 4153 along
771 4091 908 4155 possession
927 4089 1112 4155 uninterrupted
1125 4089 1173 4140 end
1187 4088 1269 4140 undis·

170 4171 252 4234 puted.
272 4205 311 4220 ...
326 4172 497 4240 Preacription
510 4176 531 4225 is
543 4175 584 4225 tbe
595 4176 722 4226 exclusion
734 4177 763 4226 ol
770 4178 802 4227 all
814 4179 966 4243 protensione
975 4185 1000 4229 to
1011 4193 1026 4227 a
1038 4175 1104 4240 right
1115 4175 1224 4228 founded
1236 4190 1270 4226 cn

171 4254 212 4305 the
225 4255 310 4318 length
321 4256 349 4307 of
363 4258 423 4307 time
434 4257 523 4322 during
535 4259 617 4310 which
629 4262 648 4310 it
659 4260 704 4311 hu
715 4261 778 4312 been
789 4259 938 4324 neglectcd.”
