2744 4980
226 422 281 479 142
505 411 562 475 DE
584 410 755 474 ocTnvo
777 410 1030 472 PRAECEPTO.

221 584 335 642 alterius
355 580 399 638 vel
422 582 467 639 sui
486 597 620 658 magnam
642 571 815 636 utilitatem.¹
855 578 947 655 Paley
970 577 1116 639 contendit
1137 578 1320 637 mendacium

220 701 319 740 vacare
333 682 424 758 culpa,
439 682 464 740 si
478 682 546 740 alter
561 684 611 759 jus
632 697 690 736 non
710 678 813 736 habeat
831 680 976 737 veritatem
996 679 1145 747 noscendi,
1160 698 1214 737 nee
1235 697 1271 735 ex
1285 696 1321 736 eo

221 800 355 858 magum
369 781 583 839 incommodum
598 789 742 851 sequatur,
756 775 808 832 sed
819 779 1013 836 necessarium
1026 781 1064 837 sit
1083 778 1178 837 adres
1193 797 1261 836 suas
1277 778 1322 835 vel

220 882 334 939 alterius
348 874 530 938 servandas.2
571 879 612 936 Hi
626 890 720 936 temen
734 894 834 934 omnes
844 886 941 936 eontra
950 880 1160 951 aequivocerum
1176 896 1278 936 vocum
1294 888 1322 932 et

221 980 429 1038 restrictionum
443 979 608 1036 mentalium
622 995 704 1035 usum
719 973 812 1033 studio
825 977 987 1035 vehementi
1000 978 1139 1055 flagrant!

265 1082 331 1135 175.
355 1078 539 1137 Mendacium
561 1096 646 1136 omne
668 1094 732 1133 esse
754 1086 901 1151 peccatum
921 1095 958 1134 ex
974 1079 1038 1154 ipso
1052 1087 1158 1135 naturae
1173 1076 1318 1142 instinctu,

223 1194 280 1248 quo
303 1179 471 1236 mentientes
494 1178 591 1255 pudet,
612 1189 696 1234 etex
716 1175 812 1232 divina
834 1176 987 1252 Scriptura
1008 1177 1171 1235 auctoritate
1193 1186 1318 1234 constat:

224 1275 322 1333 “Non
345 1277 532 1345 mentiemini,
557 1296 609 1335 nee
637 1275 760 1350 decipiet
783 1276 982 1349 unusquisque
1003 1277 1166 1352 proximum
1187 1271 1322 1332 suum.'’³

224 1376 360 1432 “Perdes
381 1395 481 1434 omnes
501 1379 551 1450 qui
574 1377 727 1449 loquuntur
746 1370 976 1433 mendacium.”⁴
1017 1376 1150 1432 “Falsus
1170 1374 1250 1431 testis
1265 1392 1323 1431 non

222 1475 276 1532 erit
289 1476 454 1550 impunitus,
469 1487 498 1533 et
510 1477 560 1550 qui
572 1477 697 1548 loquitur
709 1473 856 1530 mendacia
869 1466 1022 1550 peribit.'’³
1062 1482 1081 1509 “
1095 1475 1193 1533 Nolite
1208 1474 1323 1530 mentiri

223 1567 394 1631 invicem.”⁶
423 1584 442 1609 ‘⁶
453 1575 638 1653 Deponentes
645 1571 836 1641 mendacium,
848 1574 996 1646 loquimini
1010 1574 1157 1631 veritatem
1169 1573 1324 1653 unusquis·

223 1689 279 1743 que
288 1691 353 1731 eum
367 1676 500 1748 proximo
513 1667 614 1732 οιιο.”7
655 1672 770 1729 Haecin
784 1673 948 1729 universum
962 1673 1115 1748 prohibent
1130 1671 1321 1730 mendacium.

225 1770 323 1828 Patres
338 1774 445 1848 passim
459 1773 599 1831 extollunt
607 1781 756 1846 martyres,
766 1771 843 1841 quod
852 1790 887 1828 ne
895 1772 1161 1830 mentirenturmori
1172 1771 1319 1846 elegerint.

225 1877 245 1904 ⁴⁴
258 1869 360 1928 Vivere
370 1871 503 1929 nolumus
513 1859 829 1935 obstricti'mendacio,”
841 1871 933 1943 inquit
942 1870 959 1926 J
963 1873 1082 1938 ustinus,
1092 1869 1324 1927 Christianorum

225 1970 352 2026 animum
374 1969 537 2045 explicans:
560 1979 580 2006 “
592 1971 639 2026 Ne
660 1969 839 2035 mentiamur,
862 1978 910 2026 eut
929 1987 979 2027 eos
993 1970 1043 2042 qui
1057 1971 1231 2046 interrogant
1246 1967 1323 2025 deei-

225 2069 348 2143 piamus,
362 2068 482 2125 libenter
496 2068 644 2125 Christum
658 2065 820 2125 confitendo
834 2064 1020 2126 morimur.’‘⁸

270 2171 335 2225 176.
358 2167 482 2226 Sensum
501 2168 632 2225 intimum
651 2176 679 2224 et
698 2167 901 2225 conscientiam
923 2167 1150 2243 uniuscujusque
1171 2166 1239 2223 huic
1261 2164 1326 2222 doe·

228 2266 306 2322 trium
321 2265 467 2343 suffragari
480 2267 626 2325 indubium
647 2275 698 2322 est.
740 2265 886 2337 Equidem
908 2277 952 2324 est
971 2276 1069 2325 contra
1089 2267 1177 2324 finem
1190 2265 1325 2337 loquelae,

227 2366 277 2436 qui
291 2376 378 2422 estut
397 2365 527 2423 hemines
547 2384 598 2423 sua
617 2383 700 2422 sense
719 2365 773 2422 sibi
794 2366 914 2422 invicem
935 2367 1166 2424 communicent:
1186 2380 1326 2442 repugnat

226 2465 312 2520 etiam
326 2463 442 2522 humani
456 2467 567 2541 generis
581 2465 656 2521 bono
670 2473 699 2521 et
711 2464 854 2531 felicitati;
876 2465 949 2522 tellit
967 2467 1043 2524 euim
1065 2465 1152 2523 fidem
1167 2483 1285 2523 omnem
1299 2479 1327 2521 et

226 2563 415 2630 securitatem,
430 2574 458 2620 et
470 2563 635 2621 dulcissimo
655 2563 804 2620 verborum
827 2564 929 2622 solatio
950 2584 1002 2623 nos
1022 2567 1122 2642 privet,
1138 2564 1225 2622 fidem
1239 2563 1325 2621 dietis

227 2663 374 2737 abrogans.
418 2663 520 2729 “Quia
539 2662 627 2721 homo
646 2672 690 2719 est
711 2662 814 2719 animal
834 2664 950 2732 sociale,
971 2664 1133 2722 neutraliter
1146 2682 1221 2722 unus
1234 2664 1325 2721 homo

228 2759 445 2818 debetalteriid
461 2763 593 2834 sineque
616 2762 736 2819 societas
759 2761 884 2820 humana
902 2763 1008 2822 servari
1029 2782 1087 2822 non
1101 2775 1210 2840 posset.
1255 2763 1324 2820 Non

228 2869 321 2917 autem
336 2873 453 2935 possent
466 2859 595 2919 hoinines
609 2861 766 2919 adinvicem
780 2862 941 2932 convivere,
953 2864 1009 2921 nisi
1023 2865 1076 2922 sibi
1091 2863 1214 2921 invicem
1228 2862 1324 2920 crede·

228 2968 299 3024 rent,
314 2969 456 3031 tamquam
470 2961 525 3019 sibi
540 2962 661 3018 invicem
673 2962 819 3021 veritatem
830 2956 1124 3021 manifestantibus.”⁹
1144 2963 1217 3028 Qum
1228 2972 1322 3020 autem

231 3055 387 3115 affemntur
398 3075 435 3116 ex
449 3060 603 3135 Scripturis
617 3059 749 3135 exempla
762 3080 819 3119 non
834 3062 954 3138 probant
973 3061 1121 3122 mendacia
1140 3060 1205 3119 Deo
1225 3072 1322 3137 grate3

229 3174 294 3213 nam
309 3158 471 3217 obstetrices
490 3159 681 3235 AEgyptiaeae,
703 3161 739 3217 ob
752 3162 840 3219 animi
853 3160 1056 3219 humanitatem
1070 3171 1098 3218 et
1111 3161 1242 3217 effectum
1258 3178 1325 3236 erga

229 3256 349 3314 infantes
359 3257 558 3325 Israelitarum,
570 3259 687 3334 praemio
701 3260 730 3315 in
740 3259 793 3318 hae
803 3261 860 3317 vita
873 3260 981 3318 affectae
995 3270 1071 3328 sunt,
1086 3262 1131 3318 vel
1139 3260 1218 3336 prole
1229 3259 1324 3317 ditatas

266 3425 307 3491 (l)
327 3425 372 3475 “lt
383 3428 403 3475 is
416 3427 497 3477 lawsul
511 3437 536 3477 to
548 3428 612 3477 tella
625 3428 655 3477 lie
667 3436 692 3477 to
702 3444 746 3478 our
763 3428 904 3490 neighbour
920 3430 951 3492 by
963 3436 1073 3488 oensem,
1091 3427 1206 3493 provided
1224 3426 1265 3476 the
1276 3425 1324 3476 end

229 3511 258 3558 bc
270 3510 388 3559 innocent
398 3527 424 3560 or
435 3512 588 3575 piena-To
600 3514 641 3562 tell
654 3530 669 3561 a
686 3514 717 3563 lie
734 3513 771 3562 sor
787 3514 890 3579 eherity,
901 3522 927 3564 ιο
939 3530 996 3564 save
1007 3531 1022 3562 a
1039 3513 1118 3563 msn's
1135 3512 1271 3564 lile-heth
1282 3520 1325 3563 not

229 3593 287 3655 only
299 3594 360 3642 been
372 3594 435 3643 donc
445 3596 470 3644 in
481 3596 512 3644 all
524 3596 603 3654 times,
621 3599 665 3647 but
676 3597 833 3647 commended
847 3599 879 3662 by
891 3607 958 3661 great
969 3599 1018 3648 end
1030 3599 1088 3649 wiso
1107 3598 1156 3649 end
1171 3598 1235 3661 good
1247 3595 1328 3648 mcu.’'

229 3680 325 3731 Ductor
337 3678 529 3741 oscitantiam,
538 3683 553 3732 l.
565 3683 599 3732 iii.
610 3699 632 3732 e.
643 3684 668 3733 ii.
680 3684 735 3734 Vol.
747 3684 772 3734 ii.
781 3700 805 3749 p.
818 3688 861 3735 85.
983 3746 985 3749 ι

266 3767 309 3831 (2)
330 3772 343 3795 ι·
353 3765 442 3814 Where
454 3765 495 3816 the
507 3782 594 3832 person
609 3776 634 3817 ιο
645 3768 728 3818 whom
738 3784 790 3833 you
807 3770 882 3833 speak
893 3769 938 3820 hes
950 3786 983 3821 no
995 3771 1062 3834 right
1073 3777 1098 3820 to
1109 3771 1183 3821 lmow
1195 3769 1237 3818 the
1249 3766 1325 3826 trutb,

231 3867 258 3900 or
269 3867 337 3903 mors
347 3853 465 3916 properly,
476 3853 557 3903 where
569 3854 630 3904 little
642 3870 668 3903 or
680 3869 713 3902 uo
726 3853 918 3905 inconvenienee
929 3856 1019 3906 results
1027 3857 1088 3905 from
1101 3855 1142 3905 the
1154 3861 1222 3904 went
1232 3853 1262 3902 ei
1269 3867 1327 3902 con·

229 3937 324 3987 fidencc
336 3938 362 3988 iu
373 3937 435 3989 such
446 3955 530 3998 easee;
548 3955 575 3988 es
586 3939 659 3988 when
676 3954 727 4002 you
746 3937 788 3990 tell
799 3954 814 3988 a
825 3938 950 3990 selsehood
967 3950 992 3990 to
1005 3958 1019 3991 e
1030 3941 1146 3990 madman
1164 3940 1201 3988 tor
1218 3937 1258 3987 his
1269 3951 1327 3986 own

229 4022 380 4086 edvmtagts3
397 4031 422 4074 ιο
435 4025 544 4074 erebber
554 4034 579 4074 to
594 4025 693 4076 conceal
704 4014 768 4090 your
779 4033 907 4090 property;
925 4033 950 4075 ιο
959 4042 991 4076 en
1004 4026 1111 4076 massin
1122 4033 1148 4075 ιο
1158 4023 1247 4080 desset,
1264 4036 1291 4072 or
1302 4028 1328 4070 to

231 4108 308 4159 divort
319 4109 369 4159 him
381 4109 443 4158 from
455 4109 495 4159 bis
505 4108 634 4176 purpose·”
668 4109 747 4161 Moral
760 4110 826 4161 Phil.
839 4111 856 4160 l.
865 4111 891 4160 ii.
902 4127 924 4160 e.
935 4127 976 4160 xv.

266 4193 308 4258 (3)
329 4192 387 4241 Lev.
399 4193 450 4242 xix.
466 4195 503 4242 ll.
774 4196 813 4261 (l)
833 4195 875 4245 Ps.
885 4210 908 4244 v.
921 4197 946 4244 6.

266 4279 308 4342 (5)
329 4277 400 4326 Prov.
410 4278 461 4327 xir.
475 4281 499 4327 9.
603 4272 607 4277 ’
764 4283 818 4348 ,(6)
840 4281 935 4331 Coloss.
943 4280 976 4330 iii.
989 4282 1013 4327 9.

266 4363 308 4428 (7)
328 4362 393 4428 pr.
404 4362 436 4413 iv.
449 4366 491 4414 25.
772 4367 814 4435 (8)
834 4368 906 4432 Apol
916 4367 932 4416 ἰ.
943 4380 967 4415 n.
983 4364 1006 4425 8,
1018 4367 1059 4414 39.

264 4447 303 4513 (9)
323 4447 350 4497 S.
362 4447 453 4499 Thom.
462 4452 486 4497 2.
497 4454 544 4499 2ae.
555 4467 597 4516 qu.
609 4452 658 4502 cix.
671 4459 715 4503 ert.
727 4451 761 4503 iii.
774 4450 810 4504 ad
816 4451 943 4519 primum.
