2766 4996
139 430 198 485 ³50
317 420 375 480 DE
396 414 756 478 OBLIGATIONIBUS
776 408 1115 473 RELIGIOSORUM.

141 587 191 648 scd
205 589 254 661 qui
268 587 296 643 in
310 584 444 641 societate
456 581 527 639 Jesu
542 594 606 639 rota
618 579 760 654 simplicia
771 555 937 644 emiserunt,
951 575 1094 634 habentur
1106 575 1165 631 veri
1177 573 1225 630 Re

140 687 245 765 ligiosi,
258 685 298 742 uti
312 682 436 740 declarat
448 680 607 757 Gregorius
619 678 704 736 Xlll.
718 678 813 735 bulla:
834 684 854 712 “
864 674 1056 737 decendente
1066 670 1225 731 Domino?

143 784 291 845 Solemnis
302 790 367 838 vota
380 779 512 837 dicuntur
525 798 588 851 quas
610 779 645 834 ab
664 776 798 835 Ecclesia
818 777 849 834 in
862 783 1032 852 perpetuum
1047 781 1227 848 acceptantur.

143 883 264 945 Plurimi
282 892 350 939 sunt
371 879 485 937 ordines
508 879 537 934 in
560 876 694 936 Ecclesia
714 876 787 933 votis
809 874 935 932 adstricti
956 871 990 929 ad
1014 870 1139 930 colenda
1159 871 1228 927 varia

141 982 253 1062 pietatis
268 980 422 1038 exercitia:
444 996 480 1034 ex
495 995 550 1049 qua
563 977 697 1034 varietate
711 971 893 1050 pulchritudo
912 982 941 1030 et
959 973 1069 1029 utilitas
1088 969 1228 1047 religionis

143 1083 243 1140 clucet.
286 1080 327 1138 Ut
340 1077 429 1135 valeat
442 1076 582 1152 professio
601 1075 746 1152 religiosa,
767 1090 886 1131 necesse
906 1080 995 1128 estut
1008 1087 1120 1129 vovens
1133 1087 1229 1126 annun

144 1182 286 1240 decimum
300 1188 412 1235 sextum
426 1176 513 1232 astatis
527 1174 686 1250 impleverit
696 1168 719 1239 3¹
739 1181 768 1228 et
779 1180 811 1228 ut
823 1171 895 1228 facts
907 1171 946 1228 sit
959 1180 1025 1245 post
1038 1187 1147 1227 annum
1167 1169 1229 1225 inte·

144 1299 225 1358 grum
239 1291 267 1335 et
279 1277 442 1334 continuum
457 1274 600 1348 tyrocinii,
615 1270 693 1345 quod
710 1271 876 1328 novitiatum
889 1268 997 1327 dicunt
1043 1268 1174 1326 Duarum
1187 1266 1230 1323 bo·

144 1395 237 1436 rarum
260 1374 427 1448 interruptio
453 1371 557 1428 sufficit
579 1381 610 1427 ut
633 1371 805 1446 tyrocinium
831 1369 932 1425 itemm
959 1367 1159 1444 incipiendum
1181 1367 1229 1423 sit:

143 1475 254 1532 scilicet
266 1473 290 1529 si
304 1472 368 1542 quis
378 1469 473 1528 habitu
493 1468 636 1544 deposito,
658 1478 832 1526 conventum
844 1465 995 1524 deserendi
1008 1467 1119 1533 animo,
1140 1483 1190 1541 per
1207 1461 1230 1520 id

144 1571 279 1648 temporis
293 1569 415 1646 spatium
428 1569 586 1633 recesserit,
600 1567 684 1625 debet
696 1586 801 1625 annum
814 1567 953 1642 integrum
967 1563 1107 1641 deinceps
1121 1567 1151 1623 in
1164 1574 1231 1638 tyro

145 1671 221 1731 cinio
235 1687 359 1736 manere,
372 1680 405 1726 ut
417 1666 508 1724 valeat
520 1659 686 1743 professio.¹

183 1774 232 1829 bl.
248 1768 349 1827 Obstat
360 1766 570 1825 matrimonium
583 1775 809 1823 consummatum
819 1782 855 1822 ne
866 1764 958 1822 valcat
967 1763 1112 1840 professio
1126 1764 1230 1821 virente

144 1871 265 1946 conjuge
279 1869 362 1934 facta,
376 1867 483 1939 absque
504 1866 567 1941 ejus
587 1883 730 1924 consensu
742 1858 765 1920 :³
785 1882 848 1937 quas
867 1862 988 1940 proinde
1007 1863 1104 1921 mariti
1124 1878 1231 1921 consor·

146 1969 215 2026 tium
229 1976 356 2042 repetere
369 1974 472 2040 potest.
514 1964 664 2022 Professio
682 1982 740 2022 non
761 1963 835 2020 valet
847 1964 873 2021 si
893 1962 942 2019 tiat
954 1961 994 2028 vi,
1015 1961 1064 2019 vel
1085 1971 1171 2027 metu,
1190 1959 1231 2016 rel

145 2062 252 2131 fraude;
266 2073 295 2121 et
307 2061 388 2120 datur
397 2063 513 2120 facultas
528 2061 699 2120 reclamandi
712 2063 784 2119 intra
797 2061 1024 2135 quinquennium
1039 2080 1056 2118 a
1069 2060 1116 2119 die
1129 2058 1230 2136 profes·

147 2159 264 2221 sionis.⁴
304 2161 362 2228 Qui
383 2161 650 2235 quomodocumque
670 2161 816 2238 coegerint
836 2160 958 2233 aliquam
980 2159 1124 2236 virginem
1143 2158 1186 2216 vel
1198 2158 1234 2214 ri·

147 2264 244 2330 duam,
274 2271 322 2320 aut
340 2261 424 2320 aliam
445 2278 653 2334 quamcumque
674 2262 823 2319 mulierem
852 2260 980 2327 invitam,
1002 2259 1037 2316 ad
1058 2256 1233 2317 emittendam

147 2362 356 2439 professionem
369 2360 539 2418 anathemati
558 2354 731 2437 subjacent.⁵
772 2359 840 2417 Non
862 2357 936 2416 valet
955 2357 1098 2435 professio
1111 2359 1136 2416 si
1149 2357 1235 2416 obstet

148 2458 383 2533 impedimentum
397 2457 474 2529 quod
487 2458 516 2514 in
530 2457 630 2515 ordine
653 2458 702 2517 illo
716 2457 865 2516 essentiale
878 2456 1051 2515 declaratum
1076 2467 1129 2515 est.
1170 2455 1234 2513 Non

147 2555 222 2613 valet
234 2554 289 2611 uisi
303 2555 352 2612 fiat
365 2554 440 2631 apud
453 2555 612 2628 legitimum
633 2557 829 2632 Superiorem,
850 2556 894 2614 vel
914 2557 1039 2628 aliquem
1053 2558 1102 2614 cui
1121 2556 1190 2613 facta
1202 2554 1236 2609 sit

145 2653 262 2714 facultas
274 2653 352 2712 illam
374 2642 573 2729 acceptandi3⁶
592 2672 658 2712 nam
673 2663 717 2712 est
736 2655 824 2712 instar
837 2664 1005 2724 contractus,
1021 2665 1051 2713 et
1070 2674 1109 2714 ex
1122 2667 1234 2726 utraque

147 2765 226 2834 parte
241 2772 400 2812 consensus
414 2753 573 2826 requiritur.

187 2860 236 2913 52.
258 2854 406 2913 Professio
420 2854 452 2911 fit
464 2871 610 2932 expresse,
625 2865 700 2912 certa
713 2854 861 2911 verborum
884 2853 984 2922 forma,
994 2855 1079 2932 juxta
1097 2853 1237 2928 quodlibet

147 2955 323 3010 institutum:
339 2953 390 3010 sed
403 2963 432 3009 et
444 2938 539 3010 facitu
554 2953 694 3029 professio
708 2953 866 3025 valetque
883 2952 914 3009 fit
931 2954 1087 3030 tripliciter.
1112 2958 1139 3010 l.
1153 2970 1235 3027 qums·

146 3049 183 3107 do
201 3050 265 3122 quis
279 3060 344 3124 post
357 3069 461 3107 annum
485 3052 660 3126 probationis
674 3051 764 3109 induit
776 3051 969 3128 professorum
989 3052 1129 3120 habitum,
1149 3065 1177 3109 et
1191 3068 1238 3127 per

143 3272 191 3322 tud
204 3271 378 3338 punishment;
396 3273 439 3321 but
451 3272 503 3322 that
515 3289 552 3322 wc
564 3273 593 3321 be
605 3272 735 3322 charitabls
747 3280 772 3321 to
783 3273 825 3322 tha
836 3273 924 3336 degree
935 3273 964 3323 of
977 3274 1064 3337 giving
1075 3275 1109 3325 all
1124 3291 1202 3339 arrsy,
1213 3289 1237 3323 or

145 3358 197 3408 thet
209 3374 245 3407 rrs
257 3366 296 3407 oct
307 3374 352 3407 nur
363 3358 465 3421 chastity
479 3360 531 3421 bys
544 3358 666 3422 perpetual
678 3357 778 3407 celibate
790 3375 830 3407 urs
842 3368 885 3409 not
894 3360 968 3410 fures:
981 3360 1025 3410 but
1034 3360 1070 3410 for
1082 3357 1236 3411 tbenutward

145 3444 284 3505 expression
297 3458 335 3490 we
347 3459 387 3490 urs
399 3443 489 3505 wholly
503 3451 526 3490 ut
540 3443 633 3505 libertyq
651 3442 699 3491 und
712 3442 747 3490 for
759 3442 800 3491 the
812 3443 898 3505 degree
916 3445 943 3492 of
957 3444 998 3493 tlre
1010 3444 1104 3494 inward
1117 3461 1195 3508 greca,
1204 3460 1238 3491 we

145 3540 185 3572 are
197 3534 222 3572 to
232 3527 261 3571 bo
274 3525 320 3573 still
336 3527 446 3588 pressinq
457 3526 574 3574 forwords
586 3527 690 3575 towards
702 3527 727 3582 it,
739 3543 776 3575 we
788 3526 862 3589 being
872 3528 967 3589 obliged
984 3538 1010 3577 to
1021 3528 1053 3578 do
1065 3546 1093 3578 so
1102 3531 1136 3594 by
1148 3530 1188 3579 the
1199 3545 1239 3578 ns·

144 3616 197 3657 turs
214 3608 243 3654 of
257 3608 297 3656 tlte
310 3609 387 3668 thing,
405 3611 434 3671 by
449 3609 489 3657 the
501 3612 641 3675 excellency
657 3612 685 3660 of
698 3611 740 3663 the
760 3613 859 3669 reward,
876 3615 907 3677 by
921 3613 962 3664 the
978 3614 1148 3664 erhurtrtions
1160 3616 1187 3664 of
1200 3615 1238 3663 tbs

145 3691 235 3757 gospsl,
247 3691 277 3754 by
291 3691 331 3739 tho
344 3694 453 3754 example
463 3694 492 3740 of
505 3695 567 3754 good
578 3712 642 3753 men,
654 3698 686 3760 by
702 3713 748 3746 our
759 3698 812 3748 lore
825 3707 850 3748 to
861 3699 925 3758 God,
938 3701 968 3763 by
982 3716 1027 3750 our
1038 3700 1132 3750 desire·
1143 3703 1171 3750 of
1184 3701 1240 3763 bap·

145 3778 234 3846 pineas,
246 3776 293 3826 und
306 3777 336 3840 by
350 3775 390 3825 the
399 3776 498 3838 degrees
506 3778 536 3825 of
547 3778 641 3843 glory.''
670 3781 767 3845 Jercmy
780 3783 880 3848 'Pnylnq
892 3785 985 3835 Ductor
997 3785 1203 3846 Dubitantium,l.
1215 3786 1239 3835 ii.

145 3882 167 3916 c.
180 3868 202 3914 3.
213 3881 235 3930 p.
248 3865 304 3913 451.
944 3880 948 3884 ·

182 3951 223 4014 (l)
237 3948 305 3998 Trid.
319 3948 383 3997 Sors.
394 3963 449 3996 xxv.
462 3963 515 4013 cap.
525 3962 563 3996 xv.
576 3948 607 3999 de
619 3947 779 4012 Regularibus
792 3960 816 4004 et
828 3951 984 4004 Monislibua

183 4037 226 4100 (⁸2)
240 4035 282 4085 Sic
296 4036 393 4084 resolvit
405 4035 430 4083 S.
443 4034 523 4097 Cong.
535 4037 612 4086 Cone.
623 4045 684 4086 teste
696 4034 817 4099 Pagnuno'
827 4038 858 4089 nd
873 4055 928 4104 cap.
956 4040 996 4091 nd
1009 4049 1126 4092 nostrum.

183 4120 225 4183 (³)
241 4116 302 4182 Cup.
312 4118 344 4166 iii.
355 4127 379 4167 ct
391 4134 443 4182 cup.
454 4118 493 4167 xii.
506 4119 536 4168 de
547 4128 678 4170 consecrat.
688 4121 787 4185 conjug.

182 4206 224 4267 (t)
240 4203 317 4254 Cone.
326 4203 395 4254 'frid-
410 4204 475 4256 Sess.
488 4222 546 4257 xxv.
558 4223 611 4272 cap.
625 4206 674 4257 rix.
683 4207 713 4257 ds
725 4206 785 4269 Reg-
797 4215 822 4256 et
834 4207 905 4258 Mon.

181 4289 222 4353 (5)
241 4288 341 4348 Ibidem,
352 4306 403 4356 cap.
415 4291 482 4342 xviii
751 4293 792 4358 (6)
809 4292 871 4359 Cap.
883 4293 933 4345 xiii.
944 4293 975 4345 ds
986 4295 1091 4357 regular⁸
