2766 4996
144 421 203 476 202
328 411 384 472 DE
404 407 670 470 rores'rtt'ts
688 405 843 467 ctvunu
862 404 1059 466 osteum.

146 579 278 656 longaevi,
292 578 389 653 ipsum
402 574 489 632 elima
500 571 615 645 locique
627 573 699 631 situs
712 591 744 630 ue
757 582 855 631 namra
872 570 957 629 mam
971 580 1060 643 atque
1073 570 1159 630 attam
1172 571 1233 648 pub·

145 679 206 736 lice
220 677 260 734 rei
273 675 481 734 ordinationem
494 682 602 748 poscet,
617 681 665 730 aut
676 671 786 731 facilius
799 661 974 729 admittat”¹

184 779 214 833 4.
235 773 405 833 Monarchia
414 798 537 848 passagio
553 772 655 830 dieitur
673 771 758 829 unius
775 770 914 847 regimen,
928 767 979 840 qui
990 768 1017 825 si
1042 768 1133 845 plenu
1151 777 1235 844 poteo

145 883 210 940 tate,
224 873 302 932 nulio
324 873 412 931 limite
430 881 582 940 coarctata,
598 871 731 946 imperet,
745 866 906 927 monarche
925 863 1091 926 abactam
1112 878 1235 926 vocatur:

146 973 240 1045 qualis
257 982 300 1030 est
319 971 476 1030 Russarum
490 969 599 1037 Cesar,
619 968 665 1026 vel
684 968 844 1026 'quenum
863 960 1047 1040 imperaror!
1091 965 1234 1025 θοιιιιιιιι

145 1070 272 1131 tioualis
285 1070 451 1130 monarchia
463 1070 626 1147 designatur
645 1067 798 1145 imperium
814 1061 1007 1123 exercendum
1015 1064 1105 1140 jum
1115 1065 1195 1142 teges
1210 1076 1235 1122 et

147 1172 221 1230 intra
233 1171 337 1230 limites
357 1170 461 1246 scripta
474 1166 687 1229 comessatione
706 1164 848 1224 umatus.
890 1161 1071 1239 Huiusmodi
1091 1174 1137 1221 est
1156 1163 1235 1221 Galli

146 1288 212 1327 cum
238 1267 406 1328 hodiernum
427 1269 590 1344 imperium.
632 1263 1235 1339 Aristocratia—dpseoospaw-optimatum

146 1367 300 1424 concilium
313 1375 343 1421 et
357 1376 481 1440 potestas
500 1374 553 1422 est.
595 1362 1060 1440 Democratia-oppoepom-est
1079 1361 1181 1438 populi
1198 1378 1234 1418 re·

147 1465 254 1540 gimen‚
275 1479 409 1537 suprema
428 1472 565 1538 potestate
587 1461 664 1537 apud
684 1480 750 1520 eum
773 1469 891 1520 retenta.
931 1460 1006 1528 Quae
1032 1458 1113 1536 apud
1133 1458 1235 1535 Anglos

146 1561 254 1620 obtinet
270 1559 417 1636 regiminis
437 1559 536 1627 torma,
557 1569 812 1638 temperamentum
833 1556 976 1633 quoddam
996 1568 1042 1616 est
1064 1576 1104 1616 ex
1123 1557 1236 1634 singuiis

146 1659 246 1719 formis
259 1657 433 1727 coalescens,
448 1677 513 1717 nam
530 1678 582 1716 rex
600 1677 746 1717 summum
764 1666 842 1717 tenet
860 1658 1025 1733 imperium,
1048 1666 1080 1714 et
1101 1657 1235 1733 legibnsa

147 1769 247 1817 senam
274 1756 338 1815 latis
357 1757 417 1816 vim
443 1757 538 1816 tribuit
558 1756 756 1816 assentiendo:
777 1757 829 1814 sed
849 1755 987 1813 limitibus
1005 1765 1157 1814 coercetur
1177 1756 1234 1831 ejus

147 1867 283 1934 potestas,
299 1856 398 1928 nequit
408 1857 487 1915 euim
501 1856 610 1932 legibus
629 1854 774 1930 derogare.
815 1853 996 1929 Optimatum
1008 1854 1167 1912 concilium
1178 1869 1235 1909 aue

148 1957 257 2013 toritete
276 1963 305 2010 et
317 1953 405 2029 gratia
417 1953 571 2028 plurimum
591 1952 673 2010 valet
715 1951 845 2026 Populus
864 1952 924 2008 suis
938 1949 1085 2027 suffragiis
1098 1951 1179 2026 eligit
1190 1966 1234 2007 eos

147 2052 196 2122 qui
209 2068 275 2107 sues
289 2059 352 2124 agat
364 2059 457 2124 portes
470 2051 500 2107 in
512 2058 587 2108 ctetu
600 2050 697 2117 altero,
710 2067 748 2106 ex
761 2066 820 2121 quo
831 2049 912 2124 leges
925 2046 961 2106 de
972 2049 1083 2107 tributis
1096 2046 1235 2107 solvendis

147 2148 287 2225 originem
299 2146 404 2204 ducant
415 2157 536 2224 oportet
579 2146 664 2206 Hauc
676 2147 763 2205 veluti
776 2147 1041 2224 prestantissimam
1053 2156 1084 2204 et
1096 2145 1235 2224 perfectis·

147 2247 250 2306 simam
263 2246 410 2324 regiminis
423 2245 543 2304 sormam
555 2246 648 2304 verbio
661 2245 792 2321 plurimis
807 2244 890 2303 effert
908 2239 1140 2313 Bnctstoniusfl
1159 2243 1236 2303 Cice

148 2347 227 2403 ronis
240 2346 326 2404 nixus
335 2344 508 2412 auctoritate,
521 2344 571 2417 qui
583 2343 667 2402 docet
685 2352 705 2380 “
716 2360 781 2400 esse
793 2344 901 2420 optime
913 2344 1099 2402 eonstimtsm
1112 2342 1237 2419 rempub

148 2441 243 2506 licem,
258 2460 321 2514 que
334 2460 372 2499 ex
386 2441 474 2498 tribus
487 2441 637 2515 generibus
657 2441 723 2510 illis,
744 2441 842 2517 regali,
862 2442 982 2518 optimo,
1002 2448 1032 2497 et
1051 2439 1191 2516 populari,
1204 2439 1237 2495 sit

148 2535 260 2594 modice
273 2529 440 2595 confusa.''⁴
478 2535 525 2593 Ad
537 2536 738 2597 democratiam
751 2540 842 2615 magis
855 2539 965 2597 accedit
975 2538 1143 2597 eonstimb'o
1155 2539 1236 2595 Aure·

147 2635 251 2703 sicana,
276 2653 339 2707 quae
359 2645 455 2692 tamen
475 2635 604 2710 regimen
618 2633 807 2716 soederotttm
823 2637 929 2705 statuit,
950 2635 1029 2709 quod
1050 2655 1088 2693 ex
1109 2637 1236 2693 Statuum

147 2733 327 2811 singulorum
338 2732 445 2793 sedere
458 2741 487 2789 et
505 2735 691 2794 concessione
705 2728 853 2792 nuscitur.⁵
893 2734 988 2793 Status
998 2733 1105 2810 singuli
1115 2733 1237 2809 supremi

147 2843 224 2901 sunt,
239 2844 268 2891 et
280 2833 486 2910 amplissimam
499 2832 554 2890 sibi
566 2832 710 2891 vindicant
728 2841 895 2908 potestatem
915 2834 945 2891 in
965 2832 1049 2889 rebus
1068 2833 1131 2889 suis
1145 2830 1237 2890 mode·

148 2930 253 2997 randis,
267 2948 387 3003 quarum
407 2949 475 2988 eura
496 2949 513 2986 a
532 2931 640 3008 populo
659 2929 845 2990 demandatur
865 2929 1067 2997 Gubernatori,
1082 2930 1201 2987 Senatui
1211 2936 1238 2986 et

148 3027 235 3082 coetui
247 3045 345 3085 eomm
360 3029 410 3099 qui
423 3035 668 3103 representamus
688 3028 828 3094 dicuntur,
843 3046 963 3101 quorum
982 3029 1136 3104 conjuncta
1148 3037 1238 3086 aucto

150 3123 229 3181 ritate
243 3124 369 3182 seruntur
381 3125 470 3202 leges,
484 3133 512 3181 et
523 3127 734 3201 magistratibus
748 3126 798 3199 qui
816 3144 865 3183 eas
883 3126 1046 3184 executioni
1059 3125 1237 3184 demandant.

147 3222 220 3290 Qum
234 3222 361 3300 pluribus
374 3223 517 3299 suffragiis
531 3223 653 3283 Senatus
663 3235 692 3283 et
703 3235 793 3282 custus
801 3225 1062 3301 repraesentantium
1077 3225 1237 3301 probantur.

148 3324 207 3382 vim
221 3322 325 3382 habent
336 3324 418 3400 legis,
439 3321 590 3383 accedente
605 3323 811 3384 Gubernatoris
831 3325 1009 3382 auctoritate:
1032 3341 1097 3396 quse
1118 3324 1144 3380 si
1158 3323 1238 3402 dene·

181 3535 224 3596 (1)
239 3534 383 3583 InstJuris.
393 3535 453 3585 Nat.
464 3545 489 3586 et
500 3536 568 3587 Emi.
580 3539 646 3602 pubi.
657 3538 717 3588 titi.
729 3553 754 3588 n.
766 3553 802 3588 oc.

182 3614 225 3676 (2)
239 3613 318 3662 Docet
328 3614 458 3664 Saarssius
475 3624 640 3680 “potestatem
659 3620 762 3677 civilem.
779 3620 877 3684 quoties
892 3623 982 3670 inuno
1000 3620 1110 3680 homine,
1122 3622 1161 3671 vel
1178 3618 1241 3685 prin·

76 3716 79 3723 ·
146 3697 205 3762 cipe
217 3696 341 3760 reperitur,
352 3697 461 3757 legitimo
472 3715 501 3747 ac
512 3701 632 3751 ordinario
640 3704 705 3766 J'ure.
716 3719 731 3751 a
743 3706 834 3768 populo
846 3714 870 3753 et
881 3705 1057 3754 communitate
1068 3721 1190 3762 manem.
1203 3704 1241 3753 vel

145 3783 262 3848 proxime,
273 3781 312 3831 vei
323 3789 421 3839 remote,
432 3796 478 3831 noe
490 3797 560 3846 posse
571 3784 639 3833 aliter
650 3785 733 3835 baberi
745 3795 773 3836 ut
779 3789 846 3852 justa
856 3788 896 3838 sit.
922 3788 984 3838 Hoc
994 3798 1032 3838 est
1043 3789 1167 3839 sententia
1177 3803 1241 3838 com·

146 3869 230 3919 munis
237 3864 456 3934 jurisperitorum·’'
466 3864 496 3916 L.
507 3867 540 3917 ιιι.
551 3867 581 3917 de
593 3866 707 3931 Legibus
720 3886 742 3919 e·
755 3870 787 3920 ιι.
797 3887 822 3920 n.
834 3876 859 3922 2.

182 3955 224 4018 (3)
246 3952 336 4002 introd.
348 3955 362 4011 ι
372 3950 398 4002 ιι.
406 3966 432 4001 ιι.
442 3952 483 4000 51.
684 3955 725 4020 (4)
746 3954 775 4005 Ιιι
788 3955 874 4017 fragm.
886 3957 917 4006 de
929 3958 1012 4021 repub.
1022 3957 1038 4004 Ι.
1049 3956 1074 4005 ιι.

183 4042 225 4105 (b)
243 4043 347 4104 1.2.qu.
362 4054 400 4089 cv.
411 4047 455 4088 art.
467 4039 485 4088 i.
494 4035 569 4106 Καρ.
603 4038 630 4088 Id
642 4048 724 4091 umen
736 4050 810 4103 negot
820 4041 924 4104 Stenius,
936 4045 979 4108 qni
991 4041 1244 4107 mutenditpopuium

147 4126 290 4172 universum
301 4139 366 4173 nova
376 4123 557 4174 Constitutione
566 4139 660 4174 crassae
670 4123 825 4176 Gubernium
837 4126 994 4190 supremum.
1005 4126 1077 4176 certis
1088 4126 1244 4176 saeuitutibus

144 4206 168 4255 oi
175 4206 299 4267 delegatis,
316 4208 459 4271 nullamque
476 4208 573 4258 traderis
583 4209 647 4258 inter
658 4208 744 4260 Status
754 4209 889 4274 Supremos
900 4211 955 4262 initi
974 4211 1080 4276 speciem
1092 4211 1118 4260 in
1130 4225 1161 4261 ea
1172 4224 1244 4275 eppa·

140 4303 198 4337 rere.
234 4288 297 4339 Vide
308 4289 406 4340 Comm.
417 4290 504 4340 const.
518 4292 550 4342 U.
561 4291 651 4352 Status,
662 4292 722 4344 tiit
739 4309 760 4344 o·
771 4293 807 4346 ιιι.
