<?xml version="1.0" encoding="UTF-8"?>
<!DOCTYPE html PUBLIC "-//W3C//DTD XHTML 1.0 Transitional//EN"
    "http://www.w3.org/TR/xhtml1/DTD/xhtml1-transitional.dtd">
<html xmlns="http://www.w3.org/1999/xhtml" xml:lang="en" lang="en">
 <head>
  <title>
</title>
<meta http-equiv="Content-Type" content="text/html;charset=utf-8" />
  <meta name='ocr-system' content='tesseract 3.04.00' />
  <meta name='ocr-capabilities' content='ocr_page ocr_carea ocr_par ocr_line ocrx_word'/>
</head>
<body>
  <div class='ocr_page' id='page_1' title='image "./theologiaemoral00kenrgoog_0397.png"; bbox 0 0 2766 4996; ppageno 0'>
   <div class='ocr_carea' id='block_1_1' title="bbox 177 430 1087 501">
    <p class='ocr_par' dir='ltr' id='par_1_1' title="bbox 177 430 1087 501">
     <span class='ocr_line' id='line_1_1' title="bbox 177 430 1087 501; baseline -0.012 0"><span class='ocrx_word' id='word_1_1' title='bbox 177 446 237 501; x_wconf 81' lang='grc'><strong>376</strong></span> <span class='ocrx_word' id='word_1_2' title='bbox 349 437 405 498; x_wconf 86' lang='lat' dir='ltr'><strong>DE</strong></span> <span class='ocrx_word' id='word_1_3' title='bbox 426 434 692 498; x_wconf 83' lang='lat' dir='ltr'>FORENSIBUS</span> <span class='ocrx_word' id='word_1_4' title='bbox 712 430 1087 492; x_wconf 76' lang='lat' dir='ltr'><strong>OBLIGATIONIBUS.</strong></span> 
     </span>
    </p>
   </div>
   <div class='ocr_carea' id='block_1_2' title="bbox 110 595 1274 3638">
    <p class='ocr_par' dir='ltr' id='par_1_2' title="bbox 177 595 1269 860">
     <span class='ocr_line' id='line_1_2' title="bbox 177 595 1267 677; baseline -0.005 -14"><span class='ocrx_word' id='word_1_5' title='bbox 177 604 292 663; x_wconf 85' lang='lat' dir='ltr'><strong>neribus</strong></span> <span class='ocrx_word' id='word_1_6' title='bbox 305 611 462 677; x_wconf 71' lang='lat' dir='ltr'><strong>corruptua</strong></span> <span class='ocrx_word' id='word_1_7' title='bbox 477 599 612 666; x_wconf 81' lang='lat' dir='ltr'><strong>valedio,</strong></span> <span class='ocrx_word' id='word_1_8' title='bbox 626 598 672 655; x_wconf 86' lang='lat' dir='ltr'><strong>vel</strong></span> <span class='ocrx_word' id='word_1_9' title='bbox 688 599 785 674; x_wconf 84' lang='lat' dir='ltr'><strong>gratia,</strong></span> <span class='ocrx_word' id='word_1_10' title='bbox 798 595 935 655; x_wconf 91' lang='lat' dir='ltr'><strong>damnum</strong></span> <span class='ocrx_word' id='word_1_11' title='bbox 953 615 1042 672; x_wconf 84' lang='lat' dir='ltr'><strong>pravo</strong></span> <span class='ocrx_word' id='word_1_12' title='bbox 1051 597 1167 674; x_wconf 89' lang='lat' dir='ltr'><strong>judicio</strong></span> <span class='ocrx_word' id='word_1_13' title='bbox 1181 601 1267 658; x_wconf 89' lang='lat' dir='ltr'><strong>scien·</strong></span> 
     </span>
     <span class='ocr_line' id='line_1_3' title="bbox 180 694 1269 775; baseline -0.007 -14"><span class='ocrx_word' id='word_1_14' title='bbox 180 712 222 761; x_wconf 88' lang='lat' dir='ltr'><strong>ter</strong></span> <span class='ocrx_word' id='word_1_15' title='bbox 234 701 336 767; x_wconf 88' lang='lat' dir='ltr'><strong>intulit,</strong></span> <span class='ocrx_word' id='word_1_16' title='bbox 360 698 396 756; x_wconf 91' lang='lat' dir='ltr'><strong>ad</strong></span> <span class='ocrx_word' id='word_1_17' title='bbox 416 697 487 757; x_wconf 90' lang='lat' dir='ltr'><strong>illud</strong></span> <span class='ocrx_word' id='word_1_18' title='bbox 508 695 695 775; x_wconf 85' lang='lat' dir='ltr'><strong>reparandum</strong></span> <span class='ocrx_word' id='word_1_19' title='bbox 718 696 802 773; x_wconf 86' lang='lat' dir='ltr'><strong>plane</strong></span> <span class='ocrx_word' id='word_1_20' title='bbox 823 704 950 755; x_wconf 87' lang='lat' dir='ltr'><strong>tenetur:</strong></span> <span class='ocrx_word' id='word_1_21' title='bbox 972 694 1054 753; x_wconf 80' lang='lat' dir='ltr'><strong>deest</strong></span> <span class='ocrx_word' id='word_1_22' title='bbox 1075 699 1156 756; x_wconf 92' lang='lat' dir='ltr'><strong>enim</strong></span> <span class='ocrx_word' id='word_1_23' title='bbox 1179 701 1269 757; x_wconf 89' lang='lat' dir='ltr'><strong>omnis</strong></span> 
     </span>
     <span class='ocr_line' id='line_1_4' title="bbox 179 797 490 860; baseline -0.013 -2"><span class='ocrx_word' id='word_1_24' title='bbox 179 799 369 860; x_wconf 74' lang='lat' dir='ltr'>excusationis</span> <span class='ocrx_word' id='word_1_25' title='bbox 382 797 490 855; x_wconf 88' lang='lat' dir='ltr'><strong>umbra.</strong></span> 
     </span>
    </p>

    <p class='ocr_par' dir='ltr' id='par_1_3' title="bbox 174 892 1274 2236">
     <span class='ocr_line' id='line_1_5' title="bbox 219 892 1270 973; baseline -0.002 -19"><span class='ocrx_word' id='word_1_26' title='bbox 219 901 287 954; x_wconf 79' lang='lat'>10³.</span> <span class='ocrx_word' id='word_1_27' title='bbox 309 896 403 973; x_wconf 87' lang='lat' dir='ltr'><strong>Leges</strong></span> <span class='ocrx_word' id='word_1_28' title='bbox 417 897 500 969; x_wconf 89' lang='lat' dir='ltr'><strong>sequi</strong></span> <span class='ocrx_word' id='word_1_29' title='bbox 512 894 595 952; x_wconf 90' lang='lat' dir='ltr'><strong>debet</strong></span> <span class='ocrx_word' id='word_1_30' title='bbox 602 893 694 970; x_wconf 86' lang='lat' dir='ltr'><strong>judex</strong></span> <span class='ocrx_word' id='word_1_31' title='bbox 708 895 737 950; x_wconf 91' lang='lat' dir='ltr'><strong>in</strong></span> <span class='ocrx_word' id='word_1_32' title='bbox 750 893 881 951; x_wconf 72' lang='lat' dir='ltr'><strong>omnibns</strong></span> <span class='ocrx_word' id='word_1_33' title='bbox 895 910 958 965; x_wconf 78' lang='lat' dir='ltr'><strong>que</strong></span> <span class='ocrx_word' id='word_1_34' title='bbox 972 892 1051 951; x_wconf 80' lang='lat' dir='ltr'><strong>cirili</strong></span> <span class='ocrx_word' id='word_1_35' title='bbox 1060 896 1197 971; x_wconf 76' lang='lat' dir='ltr'><strong>potestati</strong></span> <span class='ocrx_word' id='word_1_36' title='bbox 1210 896 1270 953; x_wconf 84' lang='lat' dir='ltr'><strong>sub</strong></span> 
     </span>
     <span class='ocr_line' id='line_1_6' title="bbox 174 990 1270 1074; baseline -0.004 -19"><span class='ocrx_word' id='word_1_37' title='bbox 174 998 329 1074; x_wconf 89' lang='lat' dir='ltr'><strong>jicinntur:</strong></span> <span class='ocrx_word' id='word_1_38' title='bbox 352 1004 371 1031; x_wconf 78' lang='lat'><strong>‘⁶</strong></span> <span class='ocrx_word' id='word_1_39' title='bbox 383 995 482 1053; x_wconf 84' lang='lat' dir='ltr'><strong>Bonus</strong></span> <span class='ocrx_word' id='word_1_40' title='bbox 491 992 615 1071; x_wconf 85' lang='lat' dir='ltr'><strong>judex‚”</strong></span> <span class='ocrx_word' id='word_1_41' title='bbox 631 993 723 1065; x_wconf 88' lang='lat' dir='ltr'><strong>inquit</strong></span> <span class='ocrx_word' id='word_1_42' title='bbox 731 991 909 1059; x_wconf 77' lang='lat' dir='ltr'><strong>Ambrosius,</strong></span> <span class='ocrx_word' id='word_1_43' title='bbox 924 990 1025 1048; x_wconf 87' lang='lat' dir='ltr'>“nihil</span> <span class='ocrx_word' id='word_1_44' title='bbox 1039 1009 1077 1050; x_wconf 86' lang='lat' dir='ltr'><strong>ex</strong></span> <span class='ocrx_word' id='word_1_45' title='bbox 1092 995 1211 1053; x_wconf 87' lang='lat' dir='ltr'><strong>arbitrio</strong></span> <span class='ocrx_word' id='word_1_46' title='bbox 1220 1013 1270 1052; x_wconf 90' lang='lat' dir='ltr'><strong>suo</strong></span> 
     </span>
     <span class='ocr_line' id='line_1_7' title="bbox 179 1090 1272 1171; baseline -0.003 -17"><span class='ocrx_word' id='word_1_47' title='bbox 179 1096 257 1162; x_wconf 80' lang='lat' dir='ltr'><strong>facit,</strong></span> <span class='ocrx_word' id='word_1_48' title='bbox 271 1093 322 1151; x_wconf 90' lang='lat' dir='ltr'><strong>sed</strong></span> <span class='ocrx_word' id='word_1_49' title='bbox 331 1095 413 1171; x_wconf 82' lang='lat' dir='ltr'><strong>juxta</strong></span> <span class='ocrx_word' id='word_1_50' title='bbox 425 1094 504 1170; x_wconf 85' lang='lat' dir='ltr'><strong>leges</strong></span> <span class='ocrx_word' id='word_1_51' title='bbox 517 1103 546 1150; x_wconf 88' lang='lat' dir='ltr'><strong>et</strong></span> <span class='ocrx_word' id='word_1_52' title='bbox 560 1094 626 1169; x_wconf 90' lang='lat' dir='ltr'><strong>jura</strong></span> <span class='ocrx_word' id='word_1_53' title='bbox 638 1092 809 1168; x_wconf 81' lang='lat' dir='ltr'><strong>pronuntiat,</strong></span> <span class='ocrx_word' id='word_1_54' title='bbox 823 1091 902 1147; x_wconf 88' lang='lat' dir='ltr'><strong>scitis</strong></span> <span class='ocrx_word' id='word_1_55' title='bbox 911 1090 985 1166; x_wconf 88' lang='lat' dir='ltr'><strong>juris</strong></span> <span class='ocrx_word' id='word_1_56' title='bbox 1005 1090 1198 1170; x_wconf 78' lang='lat' dir='ltr'><strong>obtemperat,</strong></span> <span class='ocrx_word' id='word_1_57' title='bbox 1215 1112 1272 1151; x_wconf 92' lang='lat' dir='ltr'><strong>non</strong></span> 
     </span>
     <span class='ocr_line' id='line_1_8' title="bbox 179 1188 1274 1271; baseline -0.005 -18"><span class='ocrx_word' id='word_1_58' title='bbox 179 1195 307 1271; x_wconf 79' lang='lat' dir='ltr'><strong>indulget</strong></span> <span class='ocrx_word' id='word_1_59' title='bbox 319 1194 440 1270; x_wconf 74' lang='lat' dir='ltr'><strong>propriae</strong></span> <span class='ocrx_word' id='word_1_60' title='bbox 455 1192 610 1250; x_wconf 81' lang='lat' dir='ltr'><strong>voluntati:</strong></span> <span class='ocrx_word' id='word_1_61' title='bbox 631 1188 800 1257; x_wconf 70' lang='lat' dir='ltr'><strong>sicutaudit,</strong></span> <span class='ocrx_word' id='word_1_62' title='bbox 814 1189 853 1246; x_wconf 86' lang='lat' dir='ltr'><strong>ita</strong></span> <span class='ocrx_word' id='word_1_63' title='bbox 861 1188 988 1265; x_wconf 84' lang='lat' dir='ltr'><strong>judicat:</strong></span> <span class='ocrx_word' id='word_1_64' title='bbox 1010 1191 1130 1248; x_wconf 84' lang='lat' dir='ltr'><strong>etsicut</strong></span> <span class='ocrx_word' id='word_1_65' title='bbox 1143 1210 1175 1250; x_wconf 87' lang='lat' dir='ltr'><strong>se</strong></span> <span class='ocrx_word' id='word_1_66' title='bbox 1189 1191 1274 1249; x_wconf 87' lang='lat' dir='ltr'><strong>habet</strong></span> 
     </span>
     <span class='ocr_line' id='line_1_9' title="bbox 180 1285 1271 1373; baseline -0.005 -21"><span class='ocrx_word' id='word_1_67' title='bbox 180 1295 286 1373; x_wconf 86' lang='lat' dir='ltr'><strong>negotii</strong></span> <span class='ocrx_word' id='word_1_68' title='bbox 299 1301 405 1358; x_wconf 87' lang='lat' dir='ltr'><strong>natura,</strong></span> <span class='ocrx_word' id='word_1_69' title='bbox 420 1289 554 1349; x_wconf 81' lang='lat' dir='ltr'><strong>decernit</strong></span> <span class='ocrx_word' id='word_1_70' title='bbox 576 1287 750 1360; x_wconf 88' lang='lat' dir='ltr'><strong>Obsequitur</strong></span> <span class='ocrx_word' id='word_1_71' title='bbox 762 1287 884 1364; x_wconf 85' lang='lat' dir='ltr'><strong>legibus,</strong></span> <span class='ocrx_word' id='word_1_72' title='bbox 893 1305 952 1346; x_wconf 93' lang='lat' dir='ltr'><strong>non</strong></span> <span class='ocrx_word' id='word_1_73' title='bbox 965 1285 1151 1347; x_wconf 85' lang='lat' dir='ltr'><strong>adversatur:</strong></span> <span class='ocrx_word' id='word_1_74' title='bbox 1167 1291 1271 1349; x_wconf 89' lang='lat' dir='ltr'><strong>exami-</strong></span> 
     </span>
     <span class='ocr_line' id='line_1_10' title="bbox 179 1381 1270 1461; baseline -0.005 -12"><span class='ocrx_word' id='word_1_75' title='bbox 179 1400 227 1449; x_wconf 90' lang='lat' dir='ltr'><strong>nat</strong></span> <span class='ocrx_word' id='word_1_76' title='bbox 239 1409 331 1449; x_wconf 79' lang='lat' dir='ltr'><strong>eausa</strong></span> <span class='ocrx_word' id='word_1_77' title='bbox 345 1390 453 1457; x_wconf 88' lang='lat' dir='ltr'><strong>merita,</strong></span> <span class='ocrx_word' id='word_1_78' title='bbox 471 1407 530 1447; x_wconf 92' lang='lat' dir='ltr'><strong>non</strong></span> <span class='ocrx_word' id='word_1_79' title='bbox 543 1381 679 1446; x_wconf 86' lang='lat' dir='ltr'><strong>mutat.”¹</strong></span> <span class='ocrx_word' id='word_1_80' title='bbox 720 1387 770 1444; x_wconf 85' lang='lat' dir='ltr'><strong>Sic</strong></span> <span class='ocrx_word' id='word_1_81' title='bbox 782 1397 811 1443; x_wconf 87' lang='lat' dir='ltr'><strong>et</strong></span> <span class='ocrx_word' id='word_1_82' title='bbox 823 1387 979 1461; x_wconf 74' lang='lat' dir='ltr'><strong>prescribit</strong></span> <span class='ocrx_word' id='word_1_83' title='bbox 987 1386 1039 1461; x_wconf 86' lang='lat' dir='ltr'><strong>jus</strong></span> <span class='ocrx_word' id='word_1_84' title='bbox 1054 1387 1152 1456; x_wconf 88' lang='lat' dir='ltr'><strong>civile,</strong></span> <span class='ocrx_word' id='word_1_85' title='bbox 1169 1408 1270 1448; x_wconf 85' lang='lat' dir='ltr'><strong>munus</strong></span> 
     </span>
     <span class='ocr_line' id='line_1_11' title="bbox 176 1482 1270 1564; baseline 0.001 -19"><span class='ocrx_word' id='word_1_86' title='bbox 176 1487 281 1564; x_wconf 87' lang='lat' dir='ltr'><strong>judicis</strong></span> <span class='ocrx_word' id='word_1_87' title='bbox 294 1485 450 1544; x_wconf 86' lang='lat' dir='ltr'><strong>definiens:</strong></span> <span class='ocrx_word' id='word_1_88' title='bbox 472 1495 491 1522; x_wconf 77' lang='lat'><strong>‘⁸</strong></span> <span class='ocrx_word' id='word_1_89' title='bbox 504 1486 551 1544; x_wconf 91' lang='lat' dir='ltr'><strong>Ne</strong></span> <span class='ocrx_word' id='word_1_90' title='bbox 571 1485 651 1542; x_wconf 89' lang='lat' dir='ltr'><strong>aliter</strong></span> <span class='ocrx_word' id='word_1_91' title='bbox 659 1482 770 1560; x_wconf 87' lang='lat' dir='ltr'><strong>judicet</strong></span> <span class='ocrx_word' id='word_1_92' title='bbox 782 1502 868 1557; x_wconf 88' lang='lat' dir='ltr'><strong>qnam</strong></span> <span class='ocrx_word' id='word_1_93' title='bbox 881 1483 958 1557; x_wconf 91' lang='lat' dir='ltr'><strong>qnod</strong></span> <span class='ocrx_word' id='word_1_94' title='bbox 970 1484 1094 1561; x_wconf 81' lang='lat' dir='ltr'><strong>legibus,</strong></span> <span class='ocrx_word' id='word_1_95' title='bbox 1110 1498 1161 1546; x_wconf 88' lang='lat' dir='ltr'><strong>ant</strong></span> <span class='ocrx_word' id='word_1_96' title='bbox 1173 1489 1270 1546; x_wconf 87' lang='lat' dir='ltr'><strong>consti·</strong></span> 
     </span>
     <span class='ocr_line' id='line_1_12' title="bbox 179 1574 1269 1660; baseline -0.001 -15"><span class='ocrx_word' id='word_1_97' title='bbox 179 1586 346 1653; x_wconf 84' lang='lat' dir='ltr'><strong>tntionibus,</strong></span> <span class='ocrx_word' id='word_1_98' title='bbox 360 1595 408 1643; x_wconf 87' lang='lat' dir='ltr'><strong>aut</strong></span> <span class='ocrx_word' id='word_1_99' title='bbox 419 1586 544 1645; x_wconf 89' lang='lat' dir='ltr'><strong>moribus</strong></span> <span class='ocrx_word' id='word_1_100' title='bbox 559 1583 702 1660; x_wconf 91' lang='lat' dir='ltr'><strong>proditum</strong></span> <span class='ocrx_word' id='word_1_101' title='bbox 714 1574 807 1640; x_wconf 69' lang='lat' dir='ltr'><strong>esa”²</strong></span> <span class='ocrx_word' id='word_1_102' title='bbox 847 1581 926 1643; x_wconf 90' lang='lat' dir='ltr'><strong>Hinc</strong></span> <span class='ocrx_word' id='word_1_103' title='bbox 945 1602 1003 1641; x_wconf 91' lang='lat' dir='ltr'><strong>non</strong></span> <span class='ocrx_word' id='word_1_104' title='bbox 1024 1584 1093 1643; x_wconf 91' lang='lat' dir='ltr'><strong>licet</strong></span> <span class='ocrx_word' id='word_1_105' title='bbox 1111 1589 1269 1659; x_wconf 73' lang='lat' dir='ltr'><strong>equitatem</strong></span> 
     </span>
     <span class='ocr_line' id='line_1_13' title="bbox 180 1681 1268 1762; baseline 0 -18"><span class='ocrx_word' id='word_1_106' title='bbox 180 1687 271 1759; x_wconf 91' lang='lat' dir='ltr'><strong>sequi,</strong></span> <span class='ocrx_word' id='word_1_107' title='bbox 285 1693 383 1743; x_wconf 82' lang='lat' dir='ltr'><strong>coutm</strong></span> <span class='ocrx_word' id='word_1_108' title='bbox 395 1684 465 1761; x_wconf 84' lang='lat' dir='ltr'><strong>legis</strong></span> <span class='ocrx_word' id='word_1_109' title='bbox 479 1683 632 1742; x_wconf 83' lang='lat' dir='ltr'><strong>dictamina</strong></span> <span class='ocrx_word' id='word_1_110' title='bbox 644 1683 674 1741; x_wconf 91' lang='lat' dir='ltr'><strong>in</strong></span> <span class='ocrx_word' id='word_1_111' title='bbox 687 1681 723 1740; x_wconf 93' lang='lat' dir='ltr'><strong>iis</strong></span> <span class='ocrx_word' id='word_1_112' title='bbox 736 1681 766 1739; x_wconf 91' lang='lat' dir='ltr'><strong>in</strong></span> <span class='ocrx_word' id='word_1_113' title='bbox 779 1682 881 1754; x_wconf 88' lang='lat' dir='ltr'><strong>quibus</strong></span> <span class='ocrx_word' id='word_1_114' title='bbox 898 1684 936 1742; x_wconf 93' lang='lat' dir='ltr'><strong>ob</strong></span> <span class='ocrx_word' id='word_1_115' title='bbox 953 1683 1106 1742; x_wconf 77' lang='lat' dir='ltr'><strong>utilitatem</strong></span> <span class='ocrx_word' id='word_1_116' title='bbox 1128 1686 1268 1762; x_wconf 76' lang='lat' dir='ltr'><strong>publicam</strong></span> 
     </span>
     <span class='ocr_line' id='line_1_14' title="bbox 181 1780 1269 1861; baseline 0 -19"><span class='ocrx_word' id='word_1_117' title='bbox 181 1784 366 1861; x_wconf 79' lang='lat' dir='ltr'><strong>obligationes</strong></span> <span class='ocrx_word' id='word_1_118' title='bbox 380 1784 511 1841; x_wconf 78' lang='lat' dir='ltr'><strong>relaxatae</strong></span> <span class='ocrx_word' id='word_1_119' title='bbox 524 1792 600 1840; x_wconf 91' lang='lat' dir='ltr'><strong>sunt.</strong></span> <span class='ocrx_word' id='word_1_120' title='bbox 642 1781 706 1839; x_wconf 89' lang='lat' dir='ltr'><strong>Neo</strong></span> <span class='ocrx_word' id='word_1_121' title='bbox 719 1780 851 1838; x_wconf 88' lang='lat' dir='ltr'><strong>damnare</strong></span> <span class='ocrx_word' id='word_1_122' title='bbox 870 1781 937 1839; x_wconf 86' lang='lat' dir='ltr'><strong>licet</strong></span> <span class='ocrx_word' id='word_1_123' title='bbox 956 1781 1083 1855; x_wconf 86' lang='lat' dir='ltr'><strong>aliquem</strong></span> <span class='ocrx_word' id='word_1_124' title='bbox 1103 1784 1174 1841; x_wconf 90' lang='lat' dir='ltr'><strong>licet</strong></span> <span class='ocrx_word' id='word_1_125' title='bbox 1191 1784 1269 1860; x_wconf 84' lang='lat' dir='ltr'><strong>plane</strong></span> 
     </span>
     <span class='ocr_line' id='line_1_15' title="bbox 179 1878 1268 1956; baseline -0.001 -15"><span class='ocrx_word' id='word_1_126' title='bbox 179 1902 271 1951; x_wconf 88' lang='lat' dir='ltr'><strong>reum,</strong></span> <span class='ocrx_word' id='word_1_127' title='bbox 294 1883 353 1941; x_wconf 89' lang='lat' dir='ltr'><strong>nisi</strong></span> <span class='ocrx_word' id='word_1_128' title='bbox 376 1883 509 1956; x_wconf 87' lang='lat' dir='ltr'><strong>probatus</strong></span> <span class='ocrx_word' id='word_1_129' title='bbox 529 1883 566 1940; x_wconf 88' lang='lat' dir='ltr'><strong>sit</strong></span> <span class='ocrx_word' id='word_1_130' title='bbox 590 1898 656 1938; x_wconf 86' lang='lat' dir='ltr'><strong>reus</strong></span> <span class='ocrx_word' id='word_1_131' title='bbox 677 1880 762 1956; x_wconf 86' lang='lat' dir='ltr'><strong>juxta</strong></span> <span class='ocrx_word' id='word_1_132' title='bbox 782 1878 958 1955; x_wconf 90' lang='lat' dir='ltr'><strong>judiciorum</strong></span> <span class='ocrx_word' id='word_1_133' title='bbox 981 1880 1115 1940; x_wconf 79' lang='lat' dir='ltr'><strong>formam.</strong></span> <span class='ocrx_word' id='word_1_134' title='bbox 1159 1883 1268 1941; x_wconf 82' lang='lat' dir='ltr'><strong>Privata</strong></span> 
     </span>
     <span class='ocr_line' id='line_1_16' title="bbox 179 1977 1268 2059; baseline -0.001 -19"><span class='ocrx_word' id='word_1_135' title='bbox 179 1980 288 2040; x_wconf 86' lang='lat' dir='ltr'><strong>ideirco</strong></span> <span class='ocrx_word' id='word_1_136' title='bbox 300 1999 358 2039; x_wconf 90' lang='lat' dir='ltr'><strong>non</strong></span> <span class='ocrx_word' id='word_1_137' title='bbox 370 1980 438 2038; x_wconf 89' lang='lat' dir='ltr'><strong>licet</strong></span> <span class='ocrx_word' id='word_1_138' title='bbox 450 1981 489 2038; x_wconf 91' lang='lat' dir='ltr'><strong>uti</strong></span> <span class='ocrx_word' id='word_1_139' title='bbox 502 1981 658 2047; x_wconf 81' lang='lat' dir='ltr'><strong>sententia3</strong></span> <span class='ocrx_word' id='word_1_140' title='bbox 672 1977 725 2036; x_wconf 88' lang='lat' dir='ltr'><strong>sed</strong></span> <span class='ocrx_word' id='word_1_141' title='bbox 732 1979 891 2037; x_wconf 86' lang='lat' dir='ltr'><strong>testimonia</strong></span> <span class='ocrx_word' id='word_1_142' title='bbox 898 1989 927 2037; x_wconf 88' lang='lat' dir='ltr'><strong>et</strong></span> <span class='ocrx_word' id='word_1_143' title='bbox 938 1978 1112 2039; x_wconf 89' lang='lat' dir='ltr'><strong>documenta</strong></span> <span class='ocrx_word' id='word_1_144' title='bbox 1120 1982 1153 2040; x_wconf 91' lang='lat' dir='ltr'><strong>in</strong></span> <span class='ocrx_word' id='word_1_145' title='bbox 1162 1982 1268 2059; x_wconf 87' lang='lat' dir='ltr'><strong>judicio</strong></span> 
     </span>
     <span class='ocr_line' id='line_1_17' title="bbox 180 2075 1269 2156; baseline 0.002 -20"><span class='ocrx_word' id='word_1_146' title='bbox 180 2079 272 2137; x_wconf 84' lang='lat' dir='ltr'><strong>oblata</strong></span> <span class='ocrx_word' id='word_1_147' title='bbox 284 2080 366 2152; x_wconf 87' lang='lat' dir='ltr'><strong>sequi</strong></span> <span class='ocrx_word' id='word_1_148' title='bbox 379 2088 501 2156; x_wconf 87' lang='lat' dir='ltr'><strong>oportet.</strong></span> <span class='ocrx_word' id='word_1_149' title='bbox 543 2080 640 2138; x_wconf 90' lang='lat' dir='ltr'><strong>Nemo</strong></span> <span class='ocrx_word' id='word_1_150' title='bbox 653 2075 828 2136; x_wconf 84' lang='lat' dir='ltr'><strong>damnandus</strong></span> <span class='ocrx_word' id='word_1_151' title='bbox 840 2088 885 2135; x_wconf 86' lang='lat' dir='ltr'><strong>est</strong></span> <span class='ocrx_word' id='word_1_152' title='bbox 904 2077 1058 2148; x_wconf 84' lang='lat' dir='ltr'><strong>inauditus,</strong></span> <span class='ocrx_word' id='word_1_153' title='bbox 1073 2090 1103 2138; x_wconf 88' lang='lat' dir='ltr'><strong>et</strong></span> <span class='ocrx_word' id='word_1_154' title='bbox 1120 2083 1186 2140; x_wconf 87' lang='lat' dir='ltr'><strong>sine</strong></span> <span class='ocrx_word' id='word_1_155' title='bbox 1200 2081 1269 2140; x_wconf 84' lang='lat' dir='ltr'><strong>testi·</strong></span> 
     </span>
     <span class='ocr_line' id='line_1_18' title="bbox 181 2171 261 2236; baseline -0.013 0"><span class='ocrx_word' id='word_1_156' title='bbox 181 2171 261 2236; x_wconf 82' lang='lat' dir='ltr'><strong>bus.³</strong></span> 
     </span>
    </p>

    <p class='ocr_par' dir='ltr' id='par_1_4' title="bbox 110 2274 1271 3638">
     <span class='ocr_line' id='line_1_19' title="bbox 223 2274 1270 2356; baseline 0.005 -22"><span class='ocrx_word' id='word_1_157' title='bbox 223 2280 290 2336; x_wconf 80' lang='lat'>104.</span> <span class='ocrx_word' id='word_1_158' title='bbox 311 2276 556 2351; x_wconf 88' lang='lat' dir='ltr'><strong>Quandocumque</strong></span> <span class='ocrx_word' id='word_1_159' title='bbox 576 2278 624 2336; x_wconf 89' lang='lat' dir='ltr'><strong>lex</strong></span> <span class='ocrx_word' id='word_1_160' title='bbox 646 2276 731 2335; x_wconf 87' lang='lat' dir='ltr'><strong>dubie</strong></span> <span class='ocrx_word' id='word_1_161' title='bbox 750 2286 803 2344; x_wconf 78' lang='lat' dir='ltr'><strong>est,</strong></span> <span class='ocrx_word' id='word_1_162' title='bbox 819 2274 911 2353; x_wconf 90' lang='lat' dir='ltr'><strong>judex</strong></span> <span class='ocrx_word' id='word_1_163' title='bbox 931 2294 995 2335; x_wconf 90' lang='lat' dir='ltr'><strong>eam</strong></span> <span class='ocrx_word' id='word_1_164' title='bbox 1008 2278 1270 2356; x_wconf 80' lang='lat' dir='ltr'><strong>interpretationem</strong></span> 
     </span>
     <span class='ocr_line' id='line_1_20' title="bbox 181 2374 1269 2454; baseline 0.002 -20"><span class='ocrx_word' id='word_1_165' title='bbox 181 2378 264 2448; x_wconf 86' lang='lat' dir='ltr'><strong>sequi</strong></span> <span class='ocrx_word' id='word_1_166' title='bbox 285 2375 369 2434; x_wconf 88' lang='lat' dir='ltr'><strong>debet</strong></span> <span class='ocrx_word' id='word_1_167' title='bbox 393 2393 456 2447; x_wconf 80' lang='lat' dir='ltr'><strong>qua</strong></span> <span class='ocrx_word' id='word_1_168' title='bbox 481 2377 536 2434; x_wconf 90' lang='lat' dir='ltr'><strong>sibi</strong></span> <span class='ocrx_word' id='word_1_169' title='bbox 561 2378 653 2453; x_wconf 88' lang='lat' dir='ltr'><strong>magis</strong></span> <span class='ocrx_word' id='word_1_170' title='bbox 672 2374 817 2452; x_wconf 88' lang='lat' dir='ltr'><strong>probanda</strong></span> <span class='ocrx_word' id='word_1_171' title='bbox 837 2375 957 2444; x_wconf 86' lang='lat' dir='ltr'><strong>videtur,</strong></span> <span class='ocrx_word' id='word_1_172' title='bbox 978 2389 1132 2454; x_wconf 90' lang='lat' dir='ltr'><strong>perspecta</strong></span> <span class='ocrx_word' id='word_1_173' title='bbox 1153 2380 1269 2438; x_wconf 90' lang='lat' dir='ltr'><strong>aliorum</strong></span> 
     </span>
     <span class='ocr_line' id='line_1_21' title="bbox 151 2471 1270 2551; baseline 0.005 -23"><span class='ocrx_word' id='word_1_174' title='bbox 151 2471 155 2480; x_wconf 90' lang='lat'>&#39;</span> <span class='ocrx_word' id='word_1_175' title='bbox 180 2474 265 2531; x_wconf 89' lang='lat' dir='ltr'><strong>etiam</strong></span> <span class='ocrx_word' id='word_1_176' title='bbox 279 2474 328 2544; x_wconf 89' lang='lat' dir='ltr'><strong>qui</strong></span> <span class='ocrx_word' id='word_1_177' title='bbox 347 2471 457 2547; x_wconf 86' lang='lat' dir='ltr'><strong>judicia</strong></span> <span class='ocrx_word' id='word_1_178' title='bbox 478 2475 599 2531; x_wconf 88' lang='lat' dir='ltr'><strong>tulerunt</strong></span> <span class='ocrx_word' id='word_1_179' title='bbox 619 2475 801 2532; x_wconf 69' lang='lat' dir='ltr'><strong>ancoritate:</strong></span> <span class='ocrx_word' id='word_1_180' title='bbox 822 2491 888 2532; x_wconf 92' lang='lat' dir='ltr'><strong>nam</strong></span> <span class='ocrx_word' id='word_1_181' title='bbox 906 2475 1053 2533; x_wconf 82' lang='lat' dir='ltr'><strong>veritatem</strong></span> <span class='ocrx_word' id='word_1_182' title='bbox 1072 2486 1103 2534; x_wconf 88' lang='lat' dir='ltr'><strong>et</strong></span> <span class='ocrx_word' id='word_1_183' title='bbox 1115 2481 1270 2551; x_wconf 81' lang='lat' dir='ltr'><strong>equitatem</strong></span> 
     </span>
     <span class='ocr_line' id='line_1_22' title="bbox 179 2568 1269 2649; baseline 0.006 -23"><span class='ocrx_word' id='word_1_184' title='bbox 179 2571 262 2642; x_wconf 85' lang='lat' dir='ltr'><strong>sequi</strong></span> <span class='ocrx_word' id='word_1_185' title='bbox 276 2587 328 2644; x_wconf 93' lang='lat' dir='ltr'><strong>pro</strong></span> <span class='ocrx_word' id='word_1_186' title='bbox 341 2568 446 2626; x_wconf 85' lang='lat' dir='ltr'><strong>viribus</strong></span> <span class='ocrx_word' id='word_1_187' title='bbox 459 2568 549 2626; x_wconf 84' lang='lat' dir='ltr'><strong>debet.</strong></span> <span class='ocrx_word' id='word_1_188' title='bbox 592 2571 713 2636; x_wconf 87' lang='lat' dir='ltr'><strong>Quodsi</strong></span> <span class='ocrx_word' id='word_1_189' title='bbox 727 2572 763 2631; x_wconf 83' lang='lat' dir='ltr'><strong>ad</strong></span> <span class='ocrx_word' id='word_1_190' title='bbox 772 2581 880 2647; x_wconf 90' lang='lat' dir='ltr'><strong>partem</strong></span> <span class='ocrx_word' id='word_1_191' title='bbox 890 2574 984 2631; x_wconf 88' lang='lat' dir='ltr'><strong>minus</strong></span> <span class='ocrx_word' id='word_1_192' title='bbox 998 2575 1177 2649; x_wconf 86' lang='lat' dir='ltr'><strong>probabilem</strong></span> <span class='ocrx_word' id='word_1_193' title='bbox 1190 2576 1269 2635; x_wconf 87' lang='lat' dir='ltr'><strong>decli·</strong></span> 
     </span>
     <span class='ocr_line' id='line_1_23' title="bbox 110 2659 1270 2753; baseline 0.003 -26"><span class='ocrx_word' id='word_1_194' title='bbox 110 2659 112 2662; x_wconf 40' lang='lat'>¹</span> <span class='ocrx_word' id='word_1_195' title='bbox 178 2678 268 2737; x_wconf 87' lang='lat' dir='ltr'><strong>naret,</strong></span> <span class='ocrx_word' id='word_1_196' title='bbox 281 2666 505 2727; x_wconf 82' lang='lat' dir='ltr'><strong>inmanifestum</strong></span> <span class='ocrx_word' id='word_1_197' title='bbox 519 2667 629 2727; x_wconf 91' lang='lat' dir='ltr'><strong>errandi</strong></span> <span class='ocrx_word' id='word_1_198' title='bbox 643 2669 801 2746; x_wconf 85' lang='lat' dir='ltr'><strong>perieulum</strong></span> <span class='ocrx_word' id='word_1_199' title='bbox 816 2688 847 2727; x_wconf 89' lang='lat' dir='ltr'><strong>se</strong></span> <span class='ocrx_word' id='word_1_200' title='bbox 868 2672 1028 2749; x_wconf 87' lang='lat' dir='ltr'><strong>projiceret.</strong></span> <span class='ocrx_word' id='word_1_201' title='bbox 1071 2675 1181 2734; x_wconf 80' lang='lat' dir='ltr'><strong>Meritd</strong></span> <span class='ocrx_word' id='word_1_202' title='bbox 1191 2678 1270 2753; x_wconf 90' lang='lat' dir='ltr'><strong>igitur</strong></span> 
     </span>
     <span class='ocr_line' id='line_1_24' title="bbox 181 2767 1268 2851; baseline 0.007 -26"><span class='ocrx_word' id='word_1_203' title='bbox 181 2767 312 2827; x_wconf 89' lang='lat' dir='ltr'><strong>damnata</strong></span> <span class='ocrx_word' id='word_1_204' title='bbox 318 2777 362 2825; x_wconf 91' lang='lat' dir='ltr'><strong>est</strong></span> <span class='ocrx_word' id='word_1_205' title='bbox 373 2769 547 2844; x_wconf 89' lang='lat' dir='ltr'><strong>propositio:</strong></span> <span class='ocrx_word' id='word_1_206' title='bbox 564 2777 583 2805; x_wconf 76' lang='lat'><strong>‘⁶</strong></span> <span class='ocrx_word' id='word_1_207' title='bbox 595 2769 780 2827; x_wconf 88' lang='lat' dir='ltr'><strong>Probabiliter</strong></span> <span class='ocrx_word' id='word_1_208' title='bbox 788 2769 899 2845; x_wconf 86' lang='lat' dir='ltr'><strong>judico,</strong></span> <span class='ocrx_word' id='word_1_209' title='bbox 909 2770 1037 2846; x_wconf 89' lang='lat' dir='ltr'><strong>judicem</strong></span> <span class='ocrx_word' id='word_1_210' title='bbox 1047 2791 1135 2848; x_wconf 89' lang='lat' dir='ltr'><strong>posse</strong></span> <span class='ocrx_word' id='word_1_211' title='bbox 1144 2774 1268 2851; x_wconf 86' lang='lat' dir='ltr'><strong>judicare</strong></span> 
     </span>
     <span class='ocr_line' id='line_1_25' title="bbox 176 2863 1267 2944; baseline 0.006 -19"><span class='ocrx_word' id='word_1_212' title='bbox 176 2869 261 2942; x_wconf 86' lang='lat' dir='ltr'><strong>juxta</strong></span> <span class='ocrx_word' id='word_1_213' title='bbox 273 2868 438 2943; x_wconf 90' lang='lat' dir='ltr'><strong>opinionem</strong></span> <span class='ocrx_word' id='word_1_214' title='bbox 460 2869 543 2926; x_wconf 89' lang='lat' dir='ltr'><strong>etiam</strong></span> <span class='ocrx_word' id='word_1_215' title='bbox 563 2871 658 2927; x_wconf 85' lang='lat' dir='ltr'><strong>minus</strong></span> <span class='ocrx_word' id='word_1_216' title='bbox 680 2863 902 2944; x_wconf 69' lang='lat' dir='ltr'><strong>probabilun.”⁴</strong></span> <span class='ocrx_word' id='word_1_217' title='bbox 941 2868 976 2927; x_wconf 96' lang='lat' dir='ltr'><strong>Id</strong></span> <span class='ocrx_word' id='word_1_218' title='bbox 998 2871 1084 2928; x_wconf 86' lang='lat' dir='ltr'><strong>etiam</strong></span> <span class='ocrx_word' id='word_1_219' title='bbox 1104 2873 1187 2930; x_wconf 87' lang='lat' dir='ltr'><strong>fieret</strong></span> <span class='ocrx_word' id='word_1_220' title='bbox 1204 2892 1267 2932; x_wconf 90' lang='lat' dir='ltr'><strong>cum</strong></span> 
     </span>
     <span class='ocr_line' id='line_1_26' title="bbox 180 2964 1268 3043; baseline 0.01 -23"><span class='ocrx_word' id='word_1_221' title='bbox 180 2964 284 3021; x_wconf 91' lang='lat' dir='ltr'><strong>damno</strong></span> <span class='ocrx_word' id='word_1_222' title='bbox 305 2966 388 3022; x_wconf 89' lang='lat' dir='ltr'><strong>tertii.</strong></span> <span class='ocrx_word' id='word_1_223' title='bbox 431 2966 516 3031; x_wconf 90' lang='lat' dir='ltr'><strong>Quod</strong></span> <span class='ocrx_word' id='word_1_224' title='bbox 537 2967 561 3023; x_wconf 91' lang='lat' dir='ltr'><strong>si</strong></span> <span class='ocrx_word' id='word_1_225' title='bbox 584 2986 664 3040; x_wconf 85' lang='lat' dir='ltr'><strong>aeque</strong></span> <span class='ocrx_word' id='word_1_226' title='bbox 685 2966 843 3043; x_wconf 87' lang='lat' dir='ltr'><strong>probabiles</strong></span> <span class='ocrx_word' id='word_1_227' title='bbox 862 2966 1010 3026; x_wconf 83' lang='lat' dir='ltr'><strong>videantur</strong></span> <span class='ocrx_word' id='word_1_228' title='bbox 1034 2971 1268 3031; x_wconf 88' lang='lat' dir='ltr'><strong>contendentium</strong></span> 
     </span>
     <span class='ocr_line' id='line_1_27' title="bbox 179 3062 1269 3140; baseline 0.008 -21"><span class='ocrx_word' id='word_1_229' title='bbox 179 3063 313 3128; x_wconf 89' lang='lat' dir='ltr'><strong>rationes,</strong></span> <span class='ocrx_word' id='word_1_230' title='bbox 327 3063 371 3119; x_wconf 89' lang='lat' dir='ltr'><strong>vel</strong></span> <span class='ocrx_word' id='word_1_231' title='bbox 385 3062 456 3138; x_wconf 88' lang='lat' dir='ltr'><strong>legis</strong></span> <span class='ocrx_word' id='word_1_232' title='bbox 470 3065 723 3140; x_wconf 82' lang='lat' dir='ltr'><strong>interpretationes,</strong></span> <span class='ocrx_word' id='word_1_233' title='bbox 737 3066 898 3140; x_wconf 88' lang='lat' dir='ltr'><strong>possessori</strong></span> <span class='ocrx_word' id='word_1_234' title='bbox 915 3066 1066 3126; x_wconf 83' lang='lat' dir='ltr'><strong>favendum</strong></span> <span class='ocrx_word' id='word_1_235' title='bbox 1076 3079 1123 3140; x_wconf 76' lang='lat' dir='ltr'><strong>est</strong></span> <span class='ocrx_word' id='word_1_236' title='bbox 1139 3072 1169 3129; x_wconf 93' lang='lat' dir='ltr'><strong>in</strong></span> <span class='ocrx_word' id='word_1_237' title='bbox 1179 3071 1269 3129; x_wconf 87' lang='lat' dir='ltr'><strong>causis</strong></span> 
     </span>
     <span class='ocr_line' id='line_1_28' title="bbox 181 3156 1269 3240; baseline 0.005 -21"><span class='ocrx_word' id='word_1_238' title='bbox 181 3161 312 3220; x_wconf 87' lang='lat' dir='ltr'><strong>civilibus</strong></span> <span class='ocrx_word' id='word_1_239' title='bbox 324 3156 347 3229; x_wconf 78' lang='lat'><strong>3⁶</strong></span> <span class='ocrx_word' id='word_1_240' title='bbox 366 3180 415 3219; x_wconf 89' lang='lat' dir='ltr'><strong>reo</strong></span> <span class='ocrx_word' id='word_1_241' title='bbox 430 3163 460 3220; x_wconf 89' lang='lat' dir='ltr'><strong>in</strong></span> <span class='ocrx_word' id='word_1_242' title='bbox 473 3165 567 3223; x_wconf 88' lang='lat' dir='ltr'><strong>causis</strong></span> <span class='ocrx_word' id='word_1_243' title='bbox 586 3164 779 3223; x_wconf 89' lang='lat' dir='ltr'><strong>criminalibus</strong></span> <span class='ocrx_word' id='word_1_244' title='bbox 790 3157 814 3231; x_wconf 82' lang='lat'><strong>3⁶</strong></span> <span class='ocrx_word' id='word_1_245' title='bbox 832 3165 885 3223; x_wconf 90' lang='lat' dir='ltr'><strong>sed</strong></span> <span class='ocrx_word' id='word_1_246' title='bbox 904 3185 1059 3240; x_wconf 90' lang='lat' dir='ltr'><strong>numquam</strong></span> <span class='ocrx_word' id='word_1_247' title='bbox 1081 3168 1149 3227; x_wconf 89' lang='lat' dir='ltr'><strong>licet</strong></span> <span class='ocrx_word' id='word_1_248' title='bbox 1166 3187 1269 3229; x_wconf 88' lang='lat' dir='ltr'><strong>munus</strong></span> 
     </span>
     <span class='ocr_line' id='line_1_29' title="bbox 181 3261 1270 3341; baseline 0.006 -23"><span class='ocrx_word' id='word_1_249' title='bbox 181 3262 309 3339; x_wconf 88' lang='lat' dir='ltr'><strong>accipere</strong></span> <span class='ocrx_word' id='word_1_250' title='bbox 327 3269 359 3318; x_wconf 90' lang='lat' dir='ltr'><strong>ut</strong></span> <span class='ocrx_word' id='word_1_251' title='bbox 378 3261 442 3333; x_wconf 90' lang='lat' dir='ltr'><strong>quis</strong></span> <span class='ocrx_word' id='word_1_252' title='bbox 460 3263 601 3338; x_wconf 88' lang='lat' dir='ltr'><strong>judicium</strong></span> <span class='ocrx_word' id='word_1_253' title='bbox 620 3283 672 3340; x_wconf 93' lang='lat' dir='ltr'><strong>pro</strong></span> <span class='ocrx_word' id='word_1_254' title='bbox 697 3263 827 3321; x_wconf 87' lang='lat' dir='ltr'><strong>alterutra</strong></span> <span class='ocrx_word' id='word_1_255' title='bbox 846 3274 923 3341; x_wconf 86' lang='lat' dir='ltr'><strong>parte</strong></span> <span class='ocrx_word' id='word_1_256' title='bbox 943 3265 1022 3324; x_wconf 84' lang='lat' dir='ltr'><strong>serat.</strong></span> <span class='ocrx_word' id='word_1_257' title='bbox 1065 3267 1211 3327; x_wconf 83' lang='lat' dir='ltr'><strong>Damnata</strong></span> <span class='ocrx_word' id='word_1_258' title='bbox 1229 3278 1270 3326; x_wconf 91' lang='lat' dir='ltr'><strong>est</strong></span> 
     </span>
     <span class='ocr_line' id='line_1_30' title="bbox 179 3358 1271 3443; baseline 0.008 -28"><span class='ocrx_word' id='word_1_259' title='bbox 179 3358 284 3420; x_wconf 89' lang='lat' dir='ltr'><strong>idcirco</strong></span> <span class='ocrx_word' id='word_1_260' title='bbox 298 3360 332 3417; x_wconf 92' lang='lat' dir='ltr'><strong>ab</strong></span> <span class='ocrx_word' id='word_1_261' title='bbox 354 3360 518 3421; x_wconf 81' lang='lat' dir='ltr'><strong>Alexandro</strong></span> <span class='ocrx_word' id='word_1_262' title='bbox 538 3363 607 3421; x_wconf 90' lang='lat' dir='ltr'><strong>Vll.</strong></span> <span class='ocrx_word' id='word_1_263' title='bbox 628 3364 804 3440; x_wconf 88' lang='lat' dir='ltr'><strong>propositio:</strong></span> <span class='ocrx_word' id='word_1_264' title='bbox 828 3364 982 3430; x_wconf 85' lang='lat' dir='ltr'><strong>“Quando</strong></span> <span class='ocrx_word' id='word_1_265' title='bbox 1000 3364 1145 3443; x_wconf 81' lang='lat' dir='ltr'><strong>litigantes</strong></span> <span class='ocrx_word' id='word_1_266' title='bbox 1168 3368 1271 3426; x_wconf 87' lang='lat' dir='ltr'><strong>habeut</strong></span> 
     </span>
     <span class='ocr_line' id='line_1_31' title="bbox 182 3460 1271 3543; baseline 0.009 -28"><span class='ocrx_word' id='word_1_267' title='bbox 182 3476 234 3532; x_wconf 93' lang='lat' dir='ltr'><strong>pro</strong></span> <span class='ocrx_word' id='word_1_268' title='bbox 248 3479 279 3516; x_wconf 90' lang='lat' dir='ltr'><strong>se</strong></span> <span class='ocrx_word' id='word_1_269' title='bbox 292 3460 444 3534; x_wconf 91' lang='lat' dir='ltr'><strong>opiniones</strong></span> <span class='ocrx_word' id='word_1_270' title='bbox 457 3480 538 3534; x_wconf 79' lang='lat' dir='ltr'><strong>aque</strong></span> <span class='ocrx_word' id='word_1_271' title='bbox 562 3461 731 3538; x_wconf 90' lang='lat' dir='ltr'><strong>probabiles,</strong></span> <span class='ocrx_word' id='word_1_272' title='bbox 752 3472 847 3538; x_wconf 81' lang='lat' dir='ltr'><strong>potest</strong></span> <span class='ocrx_word' id='word_1_273' title='bbox 864 3462 955 3541; x_wconf 89' lang='lat' dir='ltr'><strong>judex</strong></span> <span class='ocrx_word' id='word_1_274' title='bbox 976 3468 1129 3540; x_wconf 88' lang='lat' dir='ltr'><strong>pecuniam</strong></span> <span class='ocrx_word' id='word_1_275' title='bbox 1143 3469 1271 3543; x_wconf 87' lang='lat' dir='ltr'><strong>accipere</strong></span> 
     </span>
     <span class='ocr_line' id='line_1_32' title="bbox 181 3554 1270 3638; baseline 0.009 -28"><span class='ocrx_word' id='word_1_276' title='bbox 181 3572 233 3628; x_wconf 89' lang='lat' dir='ltr'><strong>pro</strong></span> <span class='ocrx_word' id='word_1_277' title='bbox 253 3555 368 3612; x_wconf 88' lang='lat' dir='ltr'><strong>ferenda</strong></span> <span class='ocrx_word' id='word_1_278' title='bbox 387 3562 527 3617; x_wconf 87' lang='lat' dir='ltr'><strong>sententia</strong></span> <span class='ocrx_word' id='word_1_279' title='bbox 551 3562 582 3618; x_wconf 92' lang='lat' dir='ltr'><strong>in</strong></span> <span class='ocrx_word' id='word_1_280' title='bbox 606 3561 732 3619; x_wconf 83' lang='lat' dir='ltr'><strong>favorem</strong></span> <span class='ocrx_word' id='word_1_281' title='bbox 754 3565 838 3621; x_wconf 86' lang='lat' dir='ltr'><strong>unius</strong></span> <span class='ocrx_word' id='word_1_282' title='bbox 860 3581 917 3638; x_wconf 80' lang='lat' dir='ltr'><strong>pre</strong></span> <span class='ocrx_word' id='word_1_283' title='bbox 940 3554 1045 3620; x_wconf 87' lang='lat' dir='ltr'><strong>alio.”⁷</strong></span> <span class='ocrx_word' id='word_1_284' title='bbox 1097 3565 1270 3638; x_wconf 80' lang='lat' dir='ltr'><strong>Plemmque</strong></span> 
     </span>
    </p>
   </div>
   <div class='ocr_carea' id='block_1_3' title="bbox 180 3650 1271 3828">
    <p class='ocr_par' dir='ltr' id='par_1_5' title="bbox 180 3650 1271 3828">
     <span class='ocr_line' id='line_1_33' title="bbox 180 3650 1271 3736; baseline 0.013 -29"><span class='ocrx_word' id='word_1_285' title='bbox 180 3660 274 3727; x_wconf 84' lang='lat' dir='ltr'><strong>potest</strong></span> <span class='ocrx_word' id='word_1_286' title='bbox 282 3650 373 3727; x_wconf 86' lang='lat' dir='ltr'><strong>judex</strong></span> <span class='ocrx_word' id='word_1_287' title='bbox 383 3669 420 3708; x_wconf 87' lang='lat' dir='ltr'><strong>ex</strong></span> <span class='ocrx_word' id='word_1_288' title='bbox 434 3657 528 3727; x_wconf 86' lang='lat' dir='ltr'><strong>aliquo</strong></span> <span class='ocrx_word' id='word_1_289' title='bbox 538 3659 611 3732; x_wconf 80' lang='lat' dir='ltr'><strong>juris</strong></span> <span class='ocrx_word' id='word_1_290' title='bbox 626 3661 768 3736; x_wconf 85' lang='lat' dir='ltr'><strong>principio</strong></span> <span class='ocrx_word' id='word_1_291' title='bbox 782 3662 950 3720; x_wconf 86' lang='lat' dir='ltr'><strong>sententiam</strong></span> <span class='ocrx_word' id='word_1_292' title='bbox 962 3661 1045 3730; x_wconf 79' lang='lat' dir='ltr'><strong>serre,</strong></span> <span class='ocrx_word' id='word_1_293' title='bbox 1065 3663 1133 3721; x_wconf 89' lang='lat' dir='ltr'><strong>licet</strong></span> <span class='ocrx_word' id='word_1_294' title='bbox 1146 3666 1271 3723; x_wconf 82' lang='lat' dir='ltr'><strong>testimo</strong></span> 
     </span>
     <span class='ocr_line' id='line_1_34' title="bbox 180 3750 1053 3828; baseline 0.01 -19"><span class='ocrx_word' id='word_1_295' title='bbox 180 3752 237 3828; x_wconf 86' lang='lat' dir='ltr'><strong>nia,</strong></span> <span class='ocrx_word' id='word_1_296' title='bbox 252 3751 298 3810; x_wconf 86' lang='lat' dir='ltr'><strong>vel</strong></span> <span class='ocrx_word' id='word_1_297' title='bbox 311 3750 498 3810; x_wconf 88' lang='lat' dir='ltr'><strong>instrumenta</strong></span> <span class='ocrx_word' id='word_1_298' title='bbox 510 3752 713 3814; x_wconf 87' lang='lat' dir='ltr'><strong>dubitationem</strong></span> <span class='ocrx_word' id='word_1_299' title='bbox 727 3778 842 3819; x_wconf 88' lang='lat' dir='ltr'><strong>omnem</strong></span> <span class='ocrx_word' id='word_1_300' title='bbox 856 3778 914 3818; x_wconf 90' lang='lat' dir='ltr'><strong>uon</strong></span> <span class='ocrx_word' id='word_1_301' title='bbox 928 3754 1053 3818; x_wconf 83' lang='lat' dir='ltr'><strong>tollant.⁸</strong></span> 
     </span>
    </p>
   </div>
   <div class='ocr_carea' id='block_1_4' title="bbox 214 3973 1113 4130">
    <p class='ocr_par' dir='ltr' id='par_1_6' title="bbox 214 3973 1113 4130">
     <span class='ocr_line' id='line_1_35' title="bbox 214 3973 1113 4046; baseline 0.012 -26"><span class='ocrx_word' id='word_1_302' title='bbox 214 3975 254 4037; x_wconf 87' lang='grc'><strong>(7)</strong></span> <span class='ocrx_word' id='word_1_303' title='bbox 273 3973 354 4024; x_wconf 83' lang='lat' dir='ltr'><strong>lnPs.</strong></span> <span class='ocrx_word' id='word_1_304' title='bbox 365 3974 446 4027; x_wconf 77' lang='lat' dir='ltr'><strong>cxviii.</strong></span> <span class='ocrx_word' id='word_1_305' title='bbox 457 3974 534 4027; x_wconf 79' lang='lat' dir='ltr'><strong>Serm.</strong></span> <span class='ocrx_word' id='word_1_306' title='bbox 545 3992 586 4026; x_wconf 85' lang='lat' dir='ltr'><strong>xx.</strong></span> <span class='ocrx_word' id='word_1_307' title='bbox 756 3981 795 4046; x_wconf 78' lang='lat'><strong>(2)</strong></span> <span class='ocrx_word' id='word_1_308' title='bbox 815 3979 893 4030; x_wconf 82' lang='lat' dir='ltr'><strong>instit</strong></span> <span class='ocrx_word' id='word_1_309' title='bbox 905 3979 1027 4031; x_wconf 84' lang='lat' dir='ltr'><strong>deofficio</strong></span> <span class='ocrx_word' id='word_1_310' title='bbox 1035 3979 1113 4045; x_wconf 85' lang='lat' dir='ltr'><strong>judic.</strong></span> 
     </span>
     <span class='ocr_line' id='line_1_36' title="bbox 215 4050 726 4130; baseline 0.016 -24"><span class='ocrx_word' id='word_1_311' title='bbox 215 4059 258 4123; x_wconf 80' lang='grc'><strong>(3)</strong></span> <span class='ocrx_word' id='word_1_312' title='bbox 279 4058 400 4110; x_wconf 71' lang='lat' dir='ltr'><strong>Clamant.</strong></span> <span class='ocrx_word' id='word_1_313' title='bbox 412 4061 436 4110; x_wconf 73' lang='lat' dir='ltr'><strong>it</strong></span> <span class='ocrx_word' id='word_1_314' title='bbox 445 4061 476 4110; x_wconf 89' lang='lat' dir='ltr'><strong>de</strong></span> <span class='ocrx_word' id='word_1_315' title='bbox 488 4071 592 4112; x_wconf 70' lang='lat' dir='ltr'><strong>mntem.</strong></span> <span class='ocrx_word' id='word_1_316' title='bbox 604 4070 628 4114; x_wconf 83' lang='lat' dir='ltr'><strong>et</strong></span> <span class='ocrx_word' id='word_1_317' title='bbox 639 4050 665 4112; x_wconf 77' lang='lat' dir='ltr'><strong>re</strong></span> <span class='ocrx_word' id='word_1_318' title='bbox 672 4064 726 4130; x_wconf 90' lang='lat' dir='ltr'><strong>jud.</strong></span> 
     </span>
    </p>
   </div>
   <div class='ocr_carea' id='block_1_5' title="bbox 213 4143 1116 4385">
    <p class='ocr_par' dir='ltr' id='par_1_7' title="bbox 213 4143 1116 4385">
     <span class='ocr_line' id='line_1_37' title="bbox 214 4143 801 4210; baseline 0.015 -20"><span class='ocrx_word' id='word_1_319' title='bbox 214 4143 255 4208; x_wconf 77' lang='lat' dir='ltr'><strong>(t)</strong></span> <span class='ocrx_word' id='word_1_320' title='bbox 275 4144 347 4210; x_wconf 90' lang='lat' dir='ltr'><strong>Prop.</strong></span> <span class='ocrx_word' id='word_1_321' title='bbox 359 4144 383 4193; x_wconf 86' lang='lat' dir='ltr'><strong>ii.</strong></span> <span class='ocrx_word' id='word_1_322' title='bbox 394 4146 457 4196; x_wconf 87' lang='lat' dir='ltr'><strong>inter</strong></span> <span class='ocrx_word' id='word_1_323' title='bbox 468 4146 605 4209; x_wconf 79' lang='lat' dir='ltr'><strong>damnatas,</strong></span> <span class='ocrx_word' id='word_1_324' title='bbox 617 4150 648 4199; x_wconf 84' lang='lat' dir='ltr'><strong>ab</strong></span> <span class='ocrx_word' id='word_1_325' title='bbox 659 4149 745 4200; x_wconf 81' lang='lat' dir='ltr'><strong>lnnoc.</strong></span> <span class='ocrx_word' id='word_1_326' title='bbox 756 4149 801 4199; x_wconf 81' lang='lat' dir='ltr'><strong>xl.</strong></span> 
     </span>
     <span class='ocr_line' id='line_1_38' title="bbox 214 4229 1047 4303; baseline 0.008 -25"><span class='ocrx_word' id='word_1_327' title='bbox 214 4229 254 4293; x_wconf 82' lang='lat'><strong>(5)</strong></span> <span class='ocrx_word' id='word_1_328' title='bbox 274 4229 335 4293; x_wconf 82' lang='lat' dir='ltr'><strong>Reg.</strong></span> <span class='ocrx_word' id='word_1_329' title='bbox 347 4232 395 4280; x_wconf 78' lang='lat' dir='ltr'><strong>lav.</strong></span> <span class='ocrx_word' id='word_1_330' title='bbox 404 4233 468 4295; x_wconf 84' lang='lat' dir='ltr'><strong>juris</strong></span> <span class='ocrx_word' id='word_1_331' title='bbox 479 4233 504 4284; x_wconf 90' lang='lat' dir='ltr'><strong>in</strong></span> <span class='ocrx_word' id='word_1_332' title='bbox 517 4235 540 4285; x_wconf 84' lang='lat'><strong>6.</strong></span> <span class='ocrx_word' id='word_1_333' title='bbox 740 4237 780 4300; x_wconf 82' lang='grc'><strong>(6)</strong></span> <span class='ocrx_word' id='word_1_334' title='bbox 800 4236 861 4298; x_wconf 75' lang='lat' dir='ltr'><strong>Reg.</strong></span> <span class='ocrx_word' id='word_1_335' title='bbox 870 4236 904 4286; x_wconf 79' lang='lat' dir='ltr'><strong>xi·</strong></span> <span class='ocrx_word' id='word_1_336' title='bbox 912 4236 975 4303; x_wconf 74' lang='lat' dir='ltr'><strong>juria</strong></span> <span class='ocrx_word' id='word_1_337' title='bbox 986 4236 1013 4287; x_wconf 88' lang='lat' dir='ltr'><strong>in</strong></span> <span class='ocrx_word' id='word_1_338' title='bbox 1022 4239 1047 4285; x_wconf 82' lang='grc'><strong>6.</strong></span> 
     </span>
     <span class='ocr_line' id='line_1_39' title="bbox 213 4311 1116 4385; baseline 0.009 -24"><span class='ocrx_word' id='word_1_339' title='bbox 213 4311 254 4373; x_wconf 84' lang='grc'><strong>(7)</strong></span> <span class='ocrx_word' id='word_1_340' title='bbox 275 4311 348 4377; x_wconf 87' lang='lat' dir='ltr'><strong>Prop.</strong></span> <span class='ocrx_word' id='word_1_341' title='bbox 358 4315 425 4364; x_wconf 82' lang='lat' dir='ltr'><strong>xxvi.</strong></span> <span class='ocrx_word' id='word_1_342' title='bbox 742 4321 783 4385; x_wconf 80' lang='lat'><strong>(8)</strong></span> <span class='ocrx_word' id='word_1_343' title='bbox 802 4317 863 4382; x_wconf 81' lang='lat' dir='ltr'><strong>Lag.</strong></span> <span class='ocrx_word' id='word_1_344' title='bbox 874 4319 925 4369; x_wconf 82' lang='lat' dir='ltr'><strong>xri.</strong></span> <span class='ocrx_word' id='word_1_345' title='bbox 938 4322 953 4377; x_wconf 76' lang='lat' dir='ltr'><strong>t&gt;</strong></span> <span class='ocrx_word' id='word_1_346' title='bbox 965 4319 1116 4370; x_wconf 65' lang='lat' dir='ltr'><strong>domatibus.</strong></span> 
     </span>
    </p>
   </div>
   <div class='ocr_carea' id='block_1_6' title="bbox 0 0 1390 4996">
    <p class='ocr_par' dir='ltr' id='par_1_8' title="bbox 0 0 1390 4996">
     <span class='ocr_line' id='line_1_40' title="bbox 0 0 1390 4996; baseline 0 0"><span class='ocrx_word' id='word_1_347' title='bbox 0 0 1390 4996; x_wconf 95' lang='lat' dir='ltr'><strong> </strong></span> 
     </span>
    </p>
   </div>
  </div>
 </body>
</html>
