2744 4980
187 420 227 475 80
452 414 509 474 DE
530 412 734 473 SECUNDO
754 410 1008 472 PRAEOEPTO.

188 591 218 639 et
229 580 346 638 sanandi
359 579 570 656 omnipotentie
593 588 622 637 et
640 576 843 635 misericordie
863 577 932 646 Dei,
946 596 998 655 per
1019 595 1106 651 quam
1127 575 1281 649 aliquando

189 679 258 738 tales
272 681 354 752 quasi
367 678 536 737 miraculose
550 677 732 753 spiritualiter
744 670 925 734 sanantur.'’¹

226 782 277 836 41.
298 778 490 854 Blasphemisc
513 779 543 833 in
566 778 705 852 Spiritum
724 775 860 833 Sanctum
880 775 922 832 rei
944 785 1011 833 sunt
1033 783 1172 847 quotquot
1184 773 1282 833 divina

187 877 321 955 dogmata
334 885 495 944 noscentes,
509 894 554 942 ea,
569 894 622 932 sua
634 873 787 931 reluctante
808 875 990 941 conscientia,
1011 875 1189 951 impugnant.
1230 872 1282 931 uic

188 976 458 1050 quiEucharistiam
472 973 546 1030 loede
560 973 750 1039 inhonestant,
763 982 794 1030 ut
806 974 890 1029 sectis
903 972 1089 1038 blandiantur,
1103 975 1198 1031 animo
1210 971 1281 1030 dum

189 1074 295 1132 habent
307 1091 486 1149 persuasum,
501 1090 564 1129 earn
578 1071 693 1149 Corpus
706 1090 770 1129 esse
784 1085 814 1129 et
826 1072 1002 1149 Sanguinem
1015 1072 1135 1140 Christi,
1150 1071 1281 1148 gravissi·

191 1189 245 1229 mae
259 1171 346 1248 hujus
360 1170 542 1247 blasphemie
556 1171 598 1228 rei
615 1180 689 1228 sunt.

230 1274 280 1328 42.
302 1268 592 1328 Animadvertendum
606 1268 757 1327 nonnrdlos
778 1268 938 1327 confitendo
958 1288 990 1327 se
1003 1269 1186 1346 blasphemie
1199 1287 1281 1327 accu-

188 1387 260 1436 sare,
269 1369 318 1441 qui
329 1378 424 1425 tamen
436 1369 462 1425 si
472 1367 635 1444 diligentius
647 1369 863 1444 interrogentur,
872 1370 1049 1443 reperientur
1056 1368 1102 1426 vel
1111 1370 1282 1445 juramenta,

189 1467 233 1525 vel
247 1466 471 1526 maledictiones.
482 1467 529 1523 vel
539 1484 623 1524 voces
636 1484 699 1537 que
713 1467 823 1524 nullum
837 1485 954 1525 sensum
968 1468 1162 1544 praeseferunt,
1175 1477 1282 1524 tautum

190 1565 329 1622 emisisse.
384 1564 479 1622 “Nec
504 1574 548 1622 est
572 1563 759 1640 blasphemia,
787 1565 901 1637 quando
921 1567 1038 1625 verbum
1067 1575 1215 1634 mutatum,
1236 1574 1286 1622 aut

190 1662 369 1721 dimidiatum
390 1662 611 1739 pronunciatur”
633 1664 725 1734 inquit
747 1664 779 1721 S.
801 1658 993 1740 Alphonsus.²
1033 1665 1165 1722 Graviter
1188 1675 1287 1722 tamen

188 1761 416 1838 reprehendendi
430 1772 496 1820 sunt
508 1762 556 1834 qui
569 1762 686 1819 vocibus
699 1761 755 1819 illis
776 1773 901 1830 utuntur,
925 1763 1112 1821 offensionem
1126 1764 1202 1820 enim
1225 1764 1286 1838 piis

190 1861 303 1919 auribus
316 1862 452 1938 prebent.
482 1861 593 1919 Asserit
606 1861 638 1918 S.
647 1860 814 1936 Alphonsus
823 1861 1029 1936 blasphemiam
1039 1881 1097 1919 non
1110 1879 1174 1918 esse
1188 1861 1286 1918 dicere

191 1972 287 2018 conua
308 1960 440 2020 homines
466 1960 620 2037 “Sanguis
633 1960 712 2028 Dei,'
733 1961 790 2018 nisi
814 1960 970 2037 indignatio
996 1963 1034 2021 sit
1058 1960 1163 2018 directa
1188 1970 1287 2016 contra

189 2051 334 2117 Deum.”³

524 2256 594 2331 §IL
615 2256 663 2314 Drr
685 2257 937 2315 Mannnrcrronm

229 2410 280 2465 43.
303 2405 506 2465 “Maledicere
520 2409 604 2466 rebus
619 2409 858 2466 irrationabilibus
872 2409 903 2466 iu
917 2418 1055 2482 quantum
1069 2418 1136 2465 sunt
1148 2381 1284 2465 creature

190 2504 257 2574 Dei,
272 2515 317 2563 est
328 2517 478 2584 peccatum
491 2506 695 2583 blasphemiae;
717 2507 887 2565 maledicere
908 2518 1002 2565 autem
1017 2509 1059 2565 eis
1079 2507 1237 2564 secundum
1251 2525 1285 2564 se

190 2605 387 2674 consideratis,
409 2619 453 2664 est
482 2608 617 2674 otiosum,
649 2617 678 2663 et
698 2606 836 2664 vanum.”
878 2607 921 2664 lta
941 2605 980 2663 D.
1004 2601 1161 2664 Thomas.⁴
1203 2605 1284 2664 Hinc

189 2703 369 2780 blasphemia
391 2704 463 2762 soret
480 2704 650 2763 maledicere
674 2707 762 2774 cruci,
787 2705 953 2783 Scriptura,
968 2705 1041 2764 festo
1062 2705 1129 2773 diei,
1144 2714 1191 2762 aut
1204 2705 1285 2762 alteri

191 2804 243 2872 rei,
258 2823 321 2877 quae
335 2805 370 2863 ad
383 2802 480 2861 Deum
492 2804 629 2862 refertur:
651 2815 758 2862 caeoerae
773 2815 867 2862 autem
881 2824 945 2878 quae
959 2806 1053 2864 solent
1065 2804 1184 2881 proferri
1197 2804 1285 2862 ruale-

190 2899 341 2972 dictiones,
352 2902 536 2978 blasphemie
543 2904 650 2962 malitia
661 2914 764 2961 carent.
807 2905 931 2963 Mortuis
941 2905 1107 2964 hominibus
1116 2901 1285 2961 maledicere

189 3003 286 3078 specie
300 3020 357 3061 non
371 3001 483 3060 videtur
495 3000 635 3060 differrea
648 3002 847 3060 maledictione
858 3005 888 3061 in
896 3005 978 3062 vivos
992 3005 1116 3081 prolata;
1137 3021 1191 3060 nec
1205 3003 1284 3059 enirn

189 3099 283 3159 solent
296 3101 325 3158 in
347 3100 455 3158 animas
477 3109 665 3168 mortuomm,
690 3103 751 3158 sive
774 3101 803 3159 in
824 3102 965 3177 paradiso,
989 3104 1096 3160 sivein
1117 3102 1286 3178 purgatorio

189 3198 356 3266 existentes,
370 3198 582 3257 maledictiones
596 3200 757 3276 specialiter
769 3199 861 3277 dirigi.

231 3301 281 3356 44.
304 3306 323 3334 “
335 3297 503 3357 Maledictio
516 3297 591 3367 est,’'
606 3299 699 3371 inquit
712 3299 744 3356 S.
759 3299 900 3368 Thomas,
916 3306 1099 3375 “perquam
1116 3299 1285 3374 pronuncia·

189 3404 236 3454 tur
245 3396 352 3456 malum
364 3406 464 3456 contra
473 3396 604 3470 ahquem,
615 3397 662 3455 vel
672 3397 848 3475 imperando,
857 3399 902 3456 vel
912 3399 1045 3476 optando.
1087 3397 1169 3455 Velle
1179 3406 1283 3465 autern,

189 3493 235 3551 rel
262 3496 385 3571 imperio
409 3513 524 3554 movere
550 3495 586 3553 ad
614 3498 720 3556 malum
747 3497 873 3565 alterius,
901 3498 1060 3556 secundum
1084 3516 1117 3555 sc
1143 3505 1285 3572 repugnat

186 3592 305 3659 caritati,
320 3612 378 3666 qua
397 3591 541 3670 diligimus
562 3596 736 3671 proximum,
760 3597 890 3655 volentes
911 3597 1018 3656 bonum
1040 3597 1140 3674 ipsius.
1183 3594 1223 3652 Et
1245 3596 1284 3652 ita

186 3689 343 3750 meandum
357 3709 442 3750 suum
453 3711 543 3769 genus
553 3703 597 3750 est
606 3705 753 3771 peccatum
767 3696 895 3764 mortale,
907 3707 934 3754 et
948 3706 1024 3754 tauto
1037 3697 1162 3775 gravius,
1177 3701 1283 3767 quanto

187 3806 350 3866 personam,
362 3790 409 3848 cui
421 3791 629 3861 maledicimus,
643 3795 734 3871 magis
748 3813 841 3852 arnare
852 3805 880 3852 et
888 3797 1010 3853 revereri
1018 3807 1155 3854 tenemur.
1198 3792 1283 3852 Unde

187 3884 288 3947 dicitur
297 3887 380 3968 (Lar.
390 3886 466 3968 xx.):
483 3892 550 3964 ‘qui
557 3891 811 3969 maledixeritpatri
819 3897 1017 3963 suo‚etmatri,
1026 3904 1115 3952 morte
1124 3891 1281 3950 moriatur.’

188 3983 339 4064 Contingit
360 3997 455 4047 tamen
474 3991 593 4050 verbum
615 3991 822 4051 maledictionis
844 3995 987 4070 prolatum
1009 4012 1073 4052 esse
1094 3991 1215 4059 veniale,
1238 3991 1284 4049 vel

355 4154 399 4220 (1)
418 4155 446 4204 S.
458 4153 548 4207 Thom.
559 4157 585 4208 2.
596 4161 643 4208 2e.
654 4173 695 4223 qu.
706 4159 757 4209 xiv.
768 4167 812 4210 art.
823 4160 858 4210 iii.
871 4161 946 4230 Resp.

353 4239 396 4307 (2)
416 4239 447 4291 Ι..
459 4242 493 4294 iil.
505 4258 530 4292 n.
545 4242 601 4294 123.
935 4249 978 4314 (³)
999 4248 1100 4300 Ibidem.

527 4326 570 4395 (4)
590 4331 615 4377 2.
626 4331 673 4379 2ο.
682 4344 724 4392 qu.
736 4330 812 4380 lxxvi.
824 4340 867 4383 art
880 4333 905 4384 il.
