2744 4980
377 396 433 455 DE
455 395 628 463 QUARTO
648 394 901 455 PRAEOBPTO.
1130 407 1183 462 101

94 563 203 621 “Hinc
216 561 302 618 etiam
322 561 442 637 graviter
464 569 582 636 peccant
600 560 652 618 filii
671 561 850 638 negligentes
873 579 973 637 preces
996 572 1025 619 et
1046 567 1185 625 sacrificia

95 662 188 720 offerri
202 679 255 736 pro
265 650 477 735 parentibus.‘'¹

132 765 183 818 95.
206 759 303 815 Pietas
325 760 410 817 etiam
433 759 525 833 exigit
547 766 579 814 ut
603 759 765 833 parentibus
787 760 960 834 pauperibus
983 761 1185 831 subveniatur;

99 860 225 932 quamvis
240 858 318 914 enim
331 858 498 933 plerumque
518 874 576 913 non
597 856 719 914 debeant
739 856 790 914 filii
810 859 970 932 parentibus
985 859 1185 930 dresaurizare,

100 958 144 1016 sed
163 965 297 1034 parentes
319 956 386 1013 filiis
396 950 420 1023 ;²
438 965 470 1013 ut
491 955 600 1012 scilicet
621 957 708 1014 vitam
731 975 817 1028 quam
840 955 977 1013 dederunt
998 970 1186 1026 conservent;

103 1069 219 1116 attamen
234 1056 331 1130 inopia
343 1055 534 1113 laborantibus
554 1054 780 1113 subveniendum
801 1056 919 1112 omnino
939 1066 992 1122 est,
1006 1067 1038 1114 ut
1050 1059 1189 1117 beneficia

102 1165 212 1229 accepta
226 1152 438 1226 quodammodo
451 1152 649 1229 rependantur.
693 1154 772 1212 Hinc
786 1154 960 1212 “Dominus
975 1157 1104 1213 Matthaei
1119 1158 1186 1214 XV.

103 1254 237 1328 redarguit
250 1251 421 1319 Pharisaeos,
436 1251 513 1325 quod
526 1252 717 1326 impediebant
737 1253 822 1320 filios,
837 1272 873 1310 ne
897 1255 1058 1328 parentibus
1080 1264 1189 1314 susten·

103 1354 228 1410 tationem
238 1346 454 1409 exhiberent.”³
494 1351 605 1408 Acriter
615 1350 1015 1428 quidemcorripuitChristus
1027 1354 1188 1411 Pharisaeos

101 1449 270 1509 blandientes
293 1449 349 1506 illis
370 1452 418 1522 qui
439 1469 557 1507 munera
576 1449 641 1506 Deo
662 1451 825 1519 offerebant,
849 1453 1013 1527 parentibus
1037 1453 1189 1511 subvenire

102 1549 272 1625 negligentes
296 1549 408 1623 pietatis
431 1557 587 1625 praetextu:
610 1550 737 1615 “Quare
760 1557 789 1605 et
802 1569 853 1606 vos
868 1550 1095 1626 transgredimini
1110 1571 1189 1617 man

102 1648 188 1705 datum
203 1648 261 1704 Dei
281 1658 398 1723 propter
418 1647 595 1705 traditionem
616 1648 760 1705 vestram?
781 1666 847 1705 nam
862 1648 942 1705 Deus
956 1648 1045 1707 dixit:
1069 1650 1189 1707 Honora

101 1760 201 1824 patrem
217 1756 246 1803 et
258 1755 395 1804 matrem:
417 1757 464 1803 et:
487 1747 544 1812 Qui
565 1745 743 1803 maledixerit
764 1749 836 1822 patri
860 1748 905 1804 vel
919 1748 1011 1814 matri,
1026 1759 1116 1805 morte
1131 1767 1189 1806 mo·

103 1849 190 1903 riatur.
243 1846 305 1901 Vos
332 1855 424 1902 autem
451 1845 563 1902 dicitis:
595 1844 775 1917 Quicumque
801 1844 905 1902 dixerit
930 1847 1002 1921 patri
1028 1847 1072 1901 vel
1099 1847 1189 1915 matri,

101 1946 206 2003 Munus
220 1943 419 2016 quodcumque
433 1954 477 2000 est
496 1962 533 2000 ex
556 1961 612 2009 me,
636 1943 686 1999 tibi
708 1941 850 2018 proderit:
874 1954 902 1999 et
915 1961 973 2001 non
995 1944 1192 2003 honorificabit

101 2055 201 2119 patrem
216 2062 311 2108 sunm,
329 2051 376 2100 aut
388 2052 507 2100 matrem
521 2061 621 2099 suam:
643 2049 671 2096 et
692 2042 801 2098 irritum
825 2042 931 2100 fecistis
955 2043 1118 2100 mandatum
1132 2042 1190 2099 Dei

102 2153 211 2219 propter
224 2140 401 2199 traditionem
412 2133 581 2198 vestram.”⁴
601 2141 738 2197 Praeclare
749 2142 832 2216 igitur
843 2143 874 2199 S.
887 2142 1017 2199 Thomas
1030 2143 1085 2198 ait:
1109 2151 1128 2177 ‘⁴
1140 2140 1191 2199 llle

102 2243 141 2313 qui
157 2251 202 2297 est
217 2242 246 2297 in
262 2241 366 2298 saeculo
379 2242 556 2305 constitutus,
571 2240 595 2296 si
609 2239 693 2296 habet
705 2248 846 2314 parentes,
862 2242 985 2312 quisine
1000 2242 1066 2316 ipso
1079 2251 1190 2297 susten-

102 2341 144 2396 tari
162 2358 220 2396 non
245 2348 375 2414 possunt,
399 2358 456 2395 non
479 2338 571 2405 debet,
586 2339 628 2395 eis
652 2337 767 2404 relictis,
790 2339 958 2414 religionem
981 2340 1101 2396 intrare:
1125 2339 1194 2411 quia

101 2437 334 2514 transgrederetur
346 2448 520 2513 praeceptum
534 2436 569 2493 de
590 2437 774 2494 honoratione
794 2439 1032 2511 parentum—Si
1047 2436 1114 2495 verb
1129 2438 1193 2494 sine
1208 2425 1220 2452 ⁰

102 2557 129 2594 eo
141 2548 274 2613 parentes
288 2538 374 2592 vitam
387 2537 539 2612 transigere
553 2545 679 2611 possent,
693 2535 802 2592 licitum
817 2548 894 2593 esset
906 2538 943 2603 ei,
956 2537 1077 2594 desertis
1092 2555 1193 2612 paren·

102 2637 179 2701 tibus,
195 2636 362 2711 religionem
376 2635 497 2692 intrare:
520 2635 586 2706 quia
599 2634 651 2691 lilii
664 2653 721 2691 non
745 2644 875 2691 tenentur
899 2635 933 2691 nd
956 2637 1192 2694 sustentationem

102 2746 255 2810 parentum,
271 2735 326 2791 nisi
341 2753 427 2790 causa
440 2726 663 2790 necessitatis.”⁵
703 2732 769 2789 Lex
783 2733 875 2790 civilis
889 2733 918 2790 in
933 2734 1192 2792 Neo-Eboracensi

101 2845 168 2890 statu
181 2835 259 2907 cogit
272 2833 346 2889 filios
360 2834 524 2908 parentibus
538 2832 670 2906 inopibus
685 2841 713 2886 et
732 2833 814 2889 senio
835 2832 990 2902 morboque
1003 2832 1193 2889 laborantibus

103 2925 277 2989 sulruenire.⁶

134 3035 182 3087 96.
206 3030 332 3087 Peccant
345 3029 395 3086 filii
415 3031 489 3086 bona
510 3038 657 3104 parentum
677 3027 867 3105 surripiendo‚
882 3029 928 3084 vel
947 3048 981 3085 ea
1003 3029 1193 3105 prodigendo.

102 3129 223 3186 Peccant
236 3130 321 3185 etiam
342 3127 514 3205 indulgendo
528 3130 596 3193 otio,
608 3125 678 3183 dum
697 3127 797 3184 litteris
819 3145 918 3183 vacare
939 3126 1051 3196 debent,
1074 3129 1196 3203 pecunia

102 3229 292 3304 aparentibus
306 3224 458 3285 ut'discnnt
470 3227 577 3294 solutn;
598 3225 644 3282 vel
658 3226 828 3301 negligendo
842 3227 955 3300 negotia
969 3245 1032 3297 quae
1046 3228 1081 3282 iis
1096 3244 1197 3301 geren·

101 3325 131 3383 da
155 3328 379 3384 committuntur.
430 3304 591 3384 Restimere
627 3324 729 3379 debent
763 3343 826 3395 qum
860 3324 933 3380 clam
968 3325 1143 3381 abstulerunt
1169 3334 1198 3383 et

102 3423 199 3482 damna
213 3443 343 3501 reparare
358 3444 410 3500 pro
429 3426 553 3482 viribus:
576 3421 627 3478 sed
647 3423 677 3478 in
692 3423 774 3479 rebus
794 3422 957 3489 levioribus
980 3442 1197 3495 nonnumquam

102 3525 326 3599 ingratissimis,
342 3534 492 3599 parentum
512 3540 670 3580 consensus
684 3521 729 3577 vel
750 3521 923 3596 indulgentia
936 3523 1071 3598 praesumi
1090 3534 1195 3599 potest,

104 3623 148 3694 qui
160 3623 230 3679 licet
243 3642 316 3697 aegre
331 3624 472 3697 patiantur
491 3623 629 3679 bonorum
648 3619 866 3695 prodigentiam,
888 3623 937 3679 vix
958 3622 1076 3698 exigunt
1088 3643 1199 3699 repara·

104 3722 217 3787 tionem,
232 3722 301 3777 satis
314 3721 449 3778 habentes
463 3733 494 3778 ut
508 3721 640 3778 desinant
653 3719 814 3795 prodigere.

138 3823 187 3878 97.
211 3819 356 3896 Discipuli
370 3822 520 3896 magistros
535 3838 602 3878 suos
623 3820 711 3875 instar
730 3831 842 3895 patrum
856 3821 947 3876 vereri
968 3818 1082 3884 debent,
1104 3819 1198 3888 iisque

106 3919 298 3996 obtemperare
322 3920 351 3977 in
366 3920 401 3976 iis
424 3938 486 3990 quae
500 3928 628 3995 spectant
647 3919 754 3975 litteras
777 3917 923 3983 colendas,
947 3925 975 3972 et
996 3915 1197 3990 disciplinam:
1260 3950 1267 3963 ι
1356 3923 1361 3930 ’

139 4087 181 4151 (1)
202 4085 497 4149 S.Alph.l.iii.n.3³³.
826 4087 868 4148 (2)
888 4082 1134 4132 11.adc0r.xii.1t.

138 4171 177 4235 (3)
198 4173 224 4219 S.
237 4169 357 4225 Thomas.
366 4171 390 4220 2.
402 4169 428 4217 2.
441 4185 483 4232 qn.
494 4169 524 4218 ci.
534 4177 578 4218 ert.
588 4168 613 4217 ii.
648 4168 723 4234 Reep.
833 4168 862 4230 (4
864 4183 875 4234 )
895 4167 965 4218 Mett.
977 4183 1017 4217 xv.
1029 4167 1052 4216 3.

143 4256 185 4320 (5)
205 4259 231 4302 2.
243 4258 267 4302 2.
281 4270 322 4318 qu.
334 4255 365 4303 ci.
375 4261 419 4302 art.
431 4254 462 4301 iv.
474 4252 510 4302 ad
519 4257 649 4319 quadum.

146 4341 187 4404 (6)
207 4339 275 4389 Kent
283 4339 381 4388 Comm.
392 4337 449 4386 Vol.
460 4336 485 4387 ii.
495 4353 519 4402 p.
530 4337 562 4387 iv.
575 4335 632 4385 Lec.
639 4335 706 4385 xxix.
1234 4272 1320 4672 ι

628 4417 682 4471 10*
