2766 4996
409 435 465 494 DE
487 434 841 495 DISPENSATIONE.
1113 443 1167 497 18³

76 612 131 657 tate
146 602 282 677 injectum
295 617 353 656 non
366 599 458 656 fuerit.
501 599 594 657 Nobis
616 610 681 674 post
703 599 878 664 Suaresium,
897 599 929 656 S.
943 601 1125 677 Alphonsum
1139 611 1168 658 et

74 698 266 756 Benedictum
279 691 378 755 XIV.¹
391 698 529 754 contraria
542 695 643 754 arridet
661 699 818 764 sententia3
840 700 969 770 quamvis
983 700 1059 756 enim
1080 698 1109 755 id
1129 698 1164 755 de

74 797 204 854 censuris
218 813 275 852 non
289 797 438 852 reservatis
451 806 561 852 constet
573 813 610 851 ex
619 794 731 853 laudato
744 807 833 863 textu,
846 809 876 854 et
888 798 1032 855 communi
1049 814 1167 853 consue·

75 893 186 960 tudine,
197 912 254 951 non
268 894 307 950 ita
319 893 409 964 liquet
420 892 455 950 de
467 892 577 969 legibus
588 894 696 950 caretis
706 893 915 961 ecclesiasticis,
927 914 989 967 que
1004 915 1020 951 a
1033 912 1168 971 suprema

76 992 217 1050 Ecclesia
231 992 394 1048 auctoritate
408 991 552 1067 prosecta,
567 991 730 1049 inferiorum
744 992 896 1066 presulum
911 1002 1077 1068 potestatem
1092 992 1165 1070 (sive

77 1110 94 1146 a
107 1089 172 1147 Deo
185 1100 269 1157 recta,
284 1091 344 1146 sive
358 1108 410 1165 per
424 1089 604 1156 Pontificem,
615 1088 776 1164 jurisdictio
794 1090 824 1146 in
833 1109 884 1147 eos
898 1089 1060 1165 deuectum)
1074 1091 1166 1149 limite

77 1188 201 1260 quodam
215 1198 356 1245 coercent.
379 1187 457 1244 lliuc
470 1206 506 1244 ne
520 1186 636 1258 quidem
649 1187 879 1263 archiepiscopus
894 1198 987 1263 potest
999 1185 1164 1263 dispensare

76 1295 108 1343 ut
121 1286 216 1361 plures
224 1287 296 1343 sacri
309 1284 423 1343 ordines
436 1283 530 1341 eidem
543 1283 644 1341 eodem
657 1282 703 1341 die
717 1284 896 1343 conserantur
910 1294 929 1320 “
940 1303 1006 1342 cum
1016 1285 1058 1342 illi
1071 1285 1169 1361 hujus·

77 1383 155 1441 modi
169 1382 343 1458 dispensatio
356 1403 373 1438 a
384 1400 492 1440 canone
505 1383 622 1439 minime
636 1381 673 1437 sit
685 1376 874 1455 permissa.''²
961 1414 964 1422 Δ

118 1485 167 1538 51.
189 1481 222 1537 Si
244 1480 360 1538 dubium
383 1483 420 1539 sit
442 1490 535 1538 utrum
561 1496 644 1536 casus
666 1478 790 1555 indigeat
815 1479 1038 1556 dispensatione,
1066 1483 1167 1556 poterit

77 1581 231 1655 episcopus
245 1579 420 1654 dispensare,
435 1578 482 1634 vel*
494 1576 634 1635 declarare
648 1576 741 1653 legem
755 1596 813 1635 non
826 1580 949 1646 obstare,
971 1589 1063 1637 “cnm
1074 1580 1104 1636 in
1119 1580 1165 1636 tali

77 1677 164 1735 dubio
172 1678 244 1734 bene
258 1677 349 1754 possit
361 1679 446 1734 etiarn
460 1675 590 1752 prelatus
604 1673 720 1733 inferior
731 1675 897 1752 dispensare
907 1678 970 1735 sine
980 1679 1166 1735 concessione

76 1767 294 1853 legislatoris.'’³
335 1775 398 1833 lmo
422 1777 513 1832 “sive
536 1773 654 1831 dubium
676 1774 713 1829 sit
735 1775 900 1848 positivum,
914 1777 975 1832 sive
991 1775 1165 1849 negativum,

78 1885 174 1949 potest
186 1872 313 1930 subditus
325 1874 366 1930 uti
380 1891 433 1930 sua
444 1870 603 1930 libertate.”
646 1870 689 1927 lta
703 1870 735 1927 S.
750 1870 929 1946 Alphonsus.

119 1975 169 2028 52.
192 1969 306 2029 “Circa
318 1981 487 2047 potestatem
506 1979 599 2026 autem
621 1966 777 2043 delegatam
791 1968 985 2046 dispensandi,
1000 1969 1165 2036 notandum,

79 2069 155 2141 quod
170 2070 292 2142 quisque
305 2069 413 2126 liabens
422 2076 590 2144 potestatem
602 2064 782 2135 ordinariam,
793 2077 887 2142 potest
900 2087 963 2127 eam
976 2067 1123 2144 delegare:
1139 2079 1167 2124 et

79 2178 144 2226 tunc
158 2169 183 2225 si
197 2166 337 2243 delegatio
349 2176 393 2225 est
406 2185 457 2242 per
469 2164 586 2224 modum
599 2165 809 2223 commissionis
817 2184 869 2241 pro
883 2176 961 2224 certo
968 2184 1046 2232 casu,
1057 2168 1168 2240 expirat

77 2277 167 2324 morte
186 2264 379 2331 concedentis,
400 2267 424 2322 si
451 2283 496 2320 res
516 2264 562 2320 sit*
578 2260 670 2320 adhuc
690 2263 814 2338 integra3
841 2265 866 2321 si
892 2282 960 2321 vero
979 2281 1031 2339 per
1050 2262 1167 2319 modum

77 2365 184 2439 grana,
199 2373 266 2419 tunc
279 2381 336 2421 non
348 2364 477 2439 expirat;
498 2379 535 2418 ee
548 2358 645 2437 regul.
661 2363 697 2416 16
707 2361 806 2438 juris.
820 2361 855 2419 irs
869 2365 898 2420 6.
921 2403 928 2418 .
951 2402 958 2418 .
981 2403 988 2418 .
1011 2360 1167 2436 Delegatus

78 2471 174 2519 autent
186 2461 283 2533 nequit
294 2461 480 2536 subdelegato
494 2461 548 2517 nisi
562 2460 599 2516 sit
620 2457 764 2534 delegatam
783 2479 800 2516 a
819 2460 957 2536 principe,
973 2461 1034 2517 sive
1048 2479 1064 2515 a
1077 2459 1166 2534 Papa,

77 2570 109 2616 ut
122 2576 159 2616 er
173 2577 236 2636 cop.
250 2559 313 2637 fin.
328 2559 379 2633 §i.
394 2557 430 2616 de
443 2557 536 2635 officio
551 2563 579 2614 et
586 2562 651 2634 pot.
666 2556 761 2634 deleg.
776 2557 822 2615 vel
841 2559 897 2617 nisi
920 2560 957 2615 sit
978 2559 1013 2615 ab
1030 2558 1165 2616 inferiore

78 2657 219 2716 ordinario
244 2657 389 2733 delegatus
414 2655 449 2713 ad
474 2657 687 2714 universitatem
711 2674 870 2723 causarum,
897 2674 934 2713 ex
948 2656 1025 2733 ch.
1048 2656 1070 2713 i.
1093 2657 1168 2728 §nn

80 2755 116 2812 oli
139 2772 171 2812 eo
185 2754 228 2832 ff.
243 2755 323 2832 quis,
347 2762 406 2813 eto
432 2772 501 2831 quo.
542 2756 601 2812 Aut
621 2754 677 2810 nisi
697 2770 833 2810 concessa
845 2755 883 2810 sit
902 2752 1019 2811 facultas
1041 2750 1169 2808 subdele-

81 2848 213 2929 μυὼν

120 2954 169 3008 53.
191 2950 320 3009 Facultas
333 2950 462 3026 delegata
481 2947 664 3026 dispensandi
684 2948 769 3007 latam
792 2949 900 3024 excipit
911 2947 1129 3025 explicationem
1143 2948 1168 3002 si

80 3048 192 3128 gratior
204 3047 296 3106 instar
303 3049 388 3107 luerit
400 3067 537 3107 concessa
558 3047 593 3104 ad
615 3047 753 3122 plurimos
775 3066 877 3114 casus3
898 3065 980 3106 secus
994 3048 1019 3104 si
1033 3045 1170 3104 commis·

80 3147 176 3206 sionis
190 3146 226 3204 ad
238 3148 392 3222 specialem
406 3166 504 3205 casum
517 3147 637 3204 formam
650 3144 821 3220 praeselerat.
864 3153 884 3180 ‘⁶
893 3145 961 3221 lpsa
973 3162 1041 3201 vero
1054 3143 1168 3215 dispen-

80 3247 152 3303 satio
165 3263 230 3303 cum
243 3245 281 3301 sit
292 3245 400 3311 odiosa,
414 3262 527 3320 semper
539 3244 632 3300 stricte
646 3241 785 3301 sumenda
804 3252 856 3308 est,
870 3242 926 3298 nisi
947 3240 1121 3316 dispensatio
1134 3241 1171 3294 sit

82 3343 184 3410 debita,
199 3343 244 3400 vel
263 3342 301 3401 sit
314 3361 350 3400 ex
363 3352 442 3401 motu
455 3342 571 3419 proprio
584 3340 730 3414 principis,
753 3339 798 3394 vel
823 3339 860 3394 sit
878 3339 984 3395 inserta
1003 3337 1032 3393 in
1052 3353 1170 3410 corpore

79 3442 162 3517 juris,
176 3440 221 3498 rel
235 3440 348 3499 undem
361 3442 419 3499 nisi
432 3437 600 3498 concedatur
613 3437 818 3502 communitati,
842 3435 888 3493 vel
911 3434 946 3493 ad
965 3435 1072 3492 bonum
1095 3450 1170 3491 com·

81 3532 193 3597 munc.⁸
236 3538 354 3597 Habeas
375 3547 542 3615 potestatem
568 3535 729 3612 generalem
755 3533 940 3612 dispensandi
966 3543 1059 3610 potest
1084 3533 1169 3590 etiam

81 3654 180 3694 secum
192 3636 356 3713 dispensare
370 3635 475 3694 directe
488 3646 517 3692 et
528 3632 711 3692 immediate'’
726 3634 764 3691 ait
776 3634 980 3702 Busembaum,
1003 3639 1022 3668 ‘⁴
1031 3633 1098 3704 quia
1112 3630 1171 3709 (ad-

79 3735 175 3810 jungit
200 3735 233 3793 S.
260 3731 451 3811 Alphonsus,)
473 3743 517 3791 est
541 3731 702 3809 jurisdictio
725 3751 795 3808 pure
815 3732 981 3797 voluntaria,
1002 3748 1065 3801 qua
1086 3730 1171 3784 etiam

83 3850 150 3908 erga
162 3834 291 3910 seipsum
304 3833 432 3892 exerceri
445 3839 546 3907 potest.
589 3831 666 3890 llinc
688 3832 760 3889 bene
779 3832 834 3891 sibi
848 3831 1015 3905 dispensare
1028 3834 1121 3900 potest
1141 3823 1169 3878 in

153 4063 196 4127 (¹)
216 4062 329 4126 mayn.
341 4064 357 4112 ¹·
369 4063 490 4112 vii-cao.
668 4061 711 4124 (r)
730 4056 1038 4122 casaromaniana
1050 4050 1092 4101 ora

152 4145 195 4218 (³)
215 4146 241 4196 S·
255 4145 536 4214 Antiouestaion
673 4139 943 4207 (4)1bidsm,n.lsa.

495 4228 537 4296 (5)
556 4225 659 4284 ibidem,
671 4240 695 4273 n.
711 4224 756 4273 195
