2744 4980
141 455 198 509 140
425 450 480 508 DE
503 448 674 508 OCTAVO
695 447 947 508 PRAECEPTO.

141 616 258 672 tiabatur
280 613 378 672 merito
402 627 468 671 suut
490 615 673 689 proscriptae:
697 612 837 680 “Quidni
860 614 950 671 aiebat
962 611 1091 685 quidam,
1106 629 1166 670 non
1180 613 1237 669 nisi

141 715 250 771 veniale
261 716 298 772 sit
306 713 477 771 detrahentis
489 713 682 770 auctoritatem
692 730 823 791 magnam
835 714 889 771 sibi
901 713 1015 771 noxiam
1026 712 1101 769 falso
1116 712 1237 770 crimine

58 803 60 806 ’
141 811 254 872 eludere
266 813 299 868 ³⁹⁹
342 812 523 870 “Probabile
537 822 652 868 estnon
666 830 783 888 peccare
797 813 964 879 mortaliter,
979 813 1028 884 qui
1050 811 1174 886 imponit
1188 809 1237 868 sal·

140 931 204 970 surn
219 913 326 970 crimen
338 911 431 978 alicui,
442 921 473 968 ut
481 927 563 967 suam
572 910 711 986 justitiam
722 922 750 967 et
759 911 897 969 honorem
908 910 1050 968 defendat.
1092 909 1134 967 Et
1146 909 1171 965 si
1181 909 1237 966 hoc

140 1029 198 1068 non
211 1013 248 1069 sit
258 1010 411 1087 probabile,
420 1009 469 1066 vix
482 1010 535 1066 erit
546 1009 643 1084 opinio
653 1010 804 1085 probabilis
818 1012 846 1068 in
858 1001 1046 1086 theologia.‘’l
1087 1006 1234 1081 Equidem

141 1108 231 1181 liquet
243 1126 327 1185 grave
341 1126 404 1164 esse
427 1117 574 1183 peccatum
594 1107 675 1166 samm
689 1109 803 1166 alterius
817 1108 963 1165 mendacio
977 1108 1099 1184 graviter
1112 1125 1235 1164 nocere:

142 1224 195 1265 nec
208 1208 353 1265 excusatio
366 1206 483 1264 habetur
496 1207 524 1263 iu
537 1208 644 1264 ratione
658 1208 694 1265 ob
713 1227 800 1280 quarn
820 1207 977 1283 profertur:
999 1225 1052 1264 nec
1072 1207 1152 1264 eninr
1165 1206 1237 1282 inju-

141 1308 212 1364 riam
222 1306 323 1384 injuria
336 1305 500 1382 propulsare
512 1306 588 1372 licet,
597 1305 786 1364 multominus
795 1309 901 1384 justam
911 1305 1133 1383 aggressionem.
1176 1303 1236 1362 Du·

142 1406 263 1462 bitarunt
275 1405 403 1462 nonnulli
413 1404 537 1482 theologi
550 1413 643 1462 utrum
653 1405 763 1481 justitia
776 1406 914 1472 violetur3
935 1405 985 1461 scd
999 1423 1043 1462 res
1054 1402 1165 1460 videtur
1178 1422 1238 1460 ma·

142 1504 253 1571 nisesta,
262 1504 431 1561 habeteuirn
439 1504 523 1560 etiam
532 1504 651 1579 injustus
660 1522 808 1580 aggressor
814 1506 863 1581 jus
872 1522 908 1560 ne
916 1503 1065 1561 mendacio
1073 1500 1235 1578 repellatur.

186 1607 253 1661 172.
276 1603 473 1674 Quaecumque
495 1603 549 1660 alia
571 1602 718 1659 mendacia
732 1601 866 1660 damnum
886 1604 930 1660 vel
951 1602 1107 1679 perniciem
1121 1599 1242 1657 afferunt

143 1703 203 1778 pari
217 1703 324 1760 ratione
334 1710 475 1777 praecepto
486 1701 540 1758 hoc
553 1700 693 1775 prohibita
705 1702 846 1759 censenda
859 1712 934 1759 sunt.
977 1701 1109 1759 Graviter
1119 1710 1238 1775 peccant

144 1802 194 1873 qui
217 1820 250 1858 ea
276 1800 443 1875 confingunt
469 1800 571 1871 quibus
598 1800 753 1857 amicorum
779 1800 948 1858 dissolvatur
973 1797 1163 1865 necessitudo,
1192 1797 1239 1855 vel

145 1899 247 1971 aliquis
265 1897 435 1975 impediatur
449 1919 465 1955 a
478 1915 595 1955 munere
610 1898 796 1973 impetrando,
812 1900 856 1956 vel
871 1900 938 1957 alias
951 1897 1078 1957 laedatur.
1123 1896 1240 1955 Gravis·

145 2000 218 2056 sime
232 2008 351 2073 peceant
370 1997 418 2068 qui
439 1996 594 2054 mendaciis
617 2008 721 2054 nocent
741 1998 894 2072 Religioni,
915 2010 943 2056 et
963 2000 1120 2057 animarum
1135 1997 1238 2054 saluti:

144 2097 185 2155 uti
198 2098 228 2154 in
241 2114 320 2153 more
334 2104 377 2151 est
390 2095 518 2172 plurimis
532 2095 581 2169 qui
601 2114 659 2152 non
678 2096 743 2154 idco
756 2108 927 2156 excusantur
945 2097 1023 2170 quod
1042 2116 1076 2154 ea
1095 2115 1161 2153 vera
1176 2112 1240 2151 esse

145 2204 250 2254 temere
264 2194 317 2252 sibi
337 2193 534 2270 persuadeant.
574 2193 623 2251 Ex
642 2196 786 2252 memoriae
803 2195 914 2253 delectu
934 2208 962 2254 et
981 2197 1083 2254 mentis
1097 2195 1240 2271 perturba·

146 2294 221 2352 tione
236 2293 317 2351 facile
331 2293 494 2370 contingere
507 2303 600 2369 potest
612 2303 643 2351 ut
660 2295 723 2366 quis
738 2293 839 2352 fulsum
853 2294 975 2370 proferat
988 2297 1056 2368 quin
1069 2294 1191 2370 graviter
1205 2293 1242 2350 sit

145 2411 230 2450 reus:
259 2402 380 2450 attamen
406 2394 481 2449 serio
508 2390 591 2449 debet
616 2391 690 2468 apud
711 2411 742 2449 se
763 2393 937 2469 perpendere
958 2392 1094 2467 quidquid
1121 2391 1240 2449 aliorum

138 2490 272 2556 interest,
293 2510 329 2547 ex
344 2508 396 2547 suo
417 2490 580 2547 testimonio
600 2488 822 2567 dijudicandum.
864 2493 982 2569 Optime
1000 2490 1195 2549 animadvertit
1208 2490 1240 2547 S.

146 2589 294 2647 Thomas:
317 2597 336 2623 ‘⁸
345 2587 379 2646 lu
393 2589 552 2646 testimonio
567 2587 682 2647 terendo
693 2610 750 2648 non
757 2590 839 2647 debet
853 2592 938 2650 homo
952 2599 1089 2668 procerte
1103 2607 1240 2655 asserere,

147 2689 228 2762 quasi
242 2688 346 2754 sciens,
369 2685 397 2745 id
419 2685 454 2743 de
469 2705 525 2759 quo
539 2697 630 2745 certus
645 2707 703 2746 non
716 2701 777 2756 est;
800 2690 850 2746 sed
864 2691 980 2748 dubium
994 2691 1076 2748 debet
1088 2691 1142 2747 sub
1155 2688 1241 2746 dubio

147 2772 283 2865 prolerre,
298 2797 326 2843 et
338 2785 367 2843 id
380 2785 415 2843 de
438 2804 494 2858 quo
517 2795 609 2843 certus
623 2799 668 2844 est
685 2807 735 2864 pro
750 2800 826 2846 certo
847 2808 983 2847 asserere.
1025 2786 1084 2846 Sed
1094 2789 1162 2860 quia
1175 2805 1241 2845 eon·

147 2887 228 2962 tingit
240 2905 276 2943 ex
290 2884 422 2943 labilitate
431 2885 562 2942 bumana
576 2889 722 2945 memoriae
734 2888 809 2959 quod
817 2899 926 2965 reputat
936 2909 966 2947 se
976 2889 1062 2946 homo
1072 2886 1241 2959 quandoque

146 2993 253 3041 certum
267 3002 331 3040 esse
345 2981 380 3040 dc
394 3003 428 3041 eo
443 2982 518 3056 quod
532 2982 633 3042 salsum
648 2996 700 3054 est,
714 2987 739 3043 si
750 2988 861 3060 aliquis,
876 3008 942 3046 cum
955 2987 1048 3045 debita
1061 2984 1240 3044 solicitudine

147 3083 313 3158 recogitans,
325 3084 445 3139 estimet
457 3101 488 3138 se
502 3093 609 3140 certum
623 3103 687 3141 esse
701 3084 736 3141 de
750 3104 784 3143 eo
798 3087 987 3159 quodfalsum
1000 3098 1054 3153 est,
1069 3104 1126 3144 nou
1139 3096 1242 3161 peccat

147 3181 300 3239 mortaliter
312 3180 367 3238 hoc
381 3199 528 3238 asserens:
551 3182 617 3253 quia
637 3203 693 3242 non
714 3183 781 3241 dicit
795 3186 896 3243 salsum
917 3187 1111 3244 testimonium
1132 3202 1185 3261 per
1198 3200 1240 3249 se,

146 3291 223 3339 etex
237 3280 402 3346 intentione,
417 3279 467 3337 scd
481 3298 532 3356 per
545 3281 676 3340 accidens
696 3294 793 3341 contra
806 3283 834 3342 id
855 3284 931 3358 quod
944 3279 1112 3355 intendit.''²
1152 3280 1240 3351 Quod

146 3381 171 3437 si
184 3399 269 3456 grave
282 3392 484 3439 nocumentum
499 3380 604 3439 oriatur
623 3382 702 3439 alteri
722 3403 758 3441 err
779 3385 858 3441 testis
878 3402 982 3451 errore,
996 3383 1089 3452 debet,
1104 3385 1130 3442 si
1151 3383 1242 3441 valeat

146 3479 252 3551 absque
265 3479 343 3554 gravi
357 3480 401 3536 sui
415 3478 587 3546 discrimine,
602 3500 667 3538 eum
681 3484 839 3558 corrigere:
863 3483 913 3540 sed
928 3502 985 3541 non
995 3494 1105 3540 tenetur
1118 3502 1149 3540 se
1164 3483 1241 3559 peje-

145 3575 226 3633 randi
239 3576 351 3634 crimini
365 3594 518 3652 exponere,
533 3595 586 3634 nec
601 3578 635 3635 ad
656 3581 811 3655 reparanda
823 3582 928 3640 damna
947 3601 1010 3655 quae
1031 3602 1068 3640 ex
1081 3600 1176 3640 errore
1190 3581 1241 3639 hu·

142 3672 269 3750 jusmodi
296 3684 503 3747 proveneruut;
525 3691 613 3744 quum
633 3676 709 3735 haud
729 3697 780 3736 sua
805 3680 890 3758 eulpa
912 3683 1068 3749 evenerint,
1095 3681 1146 3739 sed
1172 3699 1240 3738 casu

145 3773 250 3848 potius,
265 3784 293 3829 et
305 3782 402 3829 contra
414 3772 596 3830 voluntatem.

441 3971 510 4046 §Il.
531 3970 579 4031 Du
601 3991 758 4034 uennacro
772 3996 940 4037 orrrcroso.

187 4136 254 4192 173.
276 4134 412 4213 Decalogi
426 4150 598 4214 preceptum
611 4138 835 4215 mendaciaque
849 4143 1004 4219 perniciem
1024 4142 1147 4203 afferunt
1159 4159 1242 4220 spec-

144 4240 199 4288 tat:
221 4232 273 4291 sed
293 4253 369 4310 saepe
389 4238 526 4313 contingit
547 4238 695 4299 mendacia
713 4241 786 4299 nihil
808 4241 903 4301 damni
923 4243 1007 4301 alicui
1033 4242 1154 4310 inlerre;
1176 4258 1242 4318 pro·

178 4401 222 4467 (l)
242 4400 314 4470 Prop.
325 4401 387 4453 attii.
395 4409 420 4453 ot
429 4403 486 4454 xliv.
692 4406 734 4473 (Β)
747 4410 772 4456 2.
783 4410 808 4458 2.
819 4422 860 4472 qu.
871 4408 924 4459 lxx.
933 4417 978 4460 art.
989 4409 1022 4461 ir.
1033 4409 1070 4461 ud
1076 4408 1205 4541 P'g‘m·
