2744 4980
211 368 270 424 384
386 350 448 423 DE
468 361 732 422 FORENSIBUS
753 360 1127 422 OBLIGATIONIBUS.

212 528 377 588 criminibus
390 528 565 605 gravioribus
578 545 647 604 epee
655 527 746 584 veniae
759 527 786 584 ei
796 525 886 596 datur,
898 527 923 584 ei
936 526 1006 584 elios
1017 528 1120 602 probet
1132 521 1226 584 reos.¹
1255 528 1311 594 Qui

212 632 321 688 lucrum
335 639 382 684 aut
394 627 530 686 damnum
544 646 581 684 ex
594 626 651 684 litis
668 626 748 683 exitu
760 625 969 693 habiurieunt,
983 643 1040 683 non
1050 622 1267 694 admittnntrrr,²
1276 645 1311 685 ne

212 745 271 786 sure
283 726 396 783 utilitati
415 746 481 784 cum
504 726 630 783 veritatis
648 736 677 783 et
695 725 809 783 ulterius
830 724 999 783 detrimento
1017 724 1161 784 studeant.
1204 725 1307 793 Deliri,

179 808 184 821 ⁸
212 836 349 891 amentes,
372 825 516 883 semifatui
533 824 732 883 excluduntur.
774 823 941 883 Generatim
960 825 1025 901 jure
1045 826 1195 882 communi
1209 825 1306 901 Angli·

212 942 283 983 ceno
296 935 325 981 et
338 925 510 982 Americano
524 934 610 982 testes
624 924 706 982 facile
727 921 918 990 admittuntur,
933 932 962 980 et
977 922 1138 998 juratorum
1159 923 1305 983 hominum

214 1022 365 1082 duodecim
375 1024 489 1082 arbitrio
502 1023 670 1098 permittitur
682 1040 745 1095 quae
760 1023 801 1079 eie
815 1021 962 1081 tribuenda
973 1023 1012 1079 sit
1022 1018 1123 1081 lidee³

256 1125 324 1180 121.
345 1122 493 1180 Tenentur
505 1121 541 1179 ad
554 1122 759 1180 terrificandum
773 1123 852 1193 quia
873 1123 1001 1199 legitimo
1015 1122 1182 1198 Superiore,
1196 1134 1302 1181 semro

208 1223 285 1299 juris
299 1220 410 1288 ordine,
424 1230 566 1297 precepto
586 1232 733 1296 coguntur,
748 1219 793 1277 vel
814 1222 863 1293 qui
881 1221 1076 1279 testimonium
1088 1231 1198 1279 norunt
1209 1240 1301 1280 neree

212 1323 319 1378 sarium
333 1338 396 1378 esse
405 1319 662 1396 adpraeoavendum
671 1338 756 1397 grave
768 1320 930 1396 reipublicoe
945 1320 989 1376 vel
1002 1319 1144 1378 Ecclesiae
1159 1318 1299 1387 damnum,

212 1420 258 1477 vel
272 1420 357 1476 etiam
371 1420 539 1477 innocentie.
583 1418 647 1475 “Si
660 1420 811 1492 requiritur
830 1420 1023 1477 testimonium
1040 1418 1165 1496 alicujus
1186 1422 1298 1478 auctori·

215 1527 269 1575 tute
282 1518 448 1593 superioris,
462 1518 508 1575 cui
521 1519 551 1575 in
567 1516 623 1584 his,
638 1536 700 1589 qnoe
714 1516 899 1594 adjustitiam
925 1519 1076 1593 pertinent,
1094 1518 1212 1577 obedire
1230 1532 1300 1578 tene

189 1608 204 1635 ‘
214 1627 275 1675 tur:
291 1634 349 1674 non
362 1625 405 1674 est
417 1615 534 1674 dubium
548 1617 1030 1688 quinteneeturtestimoniomserre
1043 1619 1073 1676 in
1087 1617 1134 1676 hie
1148 1619 1180 1676 io
1193 1620 1298 1691 quibus,

214 1715 373 1773 seeundum
386 1714 513 1773 ordinem
523 1717 607 1791 juris,
622 1715 816 1773 testimonium
839 1716 873 1772 ab
893 1734 928 1774 eo
942 1717 1076 1792 exigitur,
1090 1727 1161 1794 pute
1173 1719 1204 1776 in
1216 1720 1299 1776 meni·

215 1815 306 1882 lestis,
320 1824 349 1872 et
361 1815 391 1873 in
405 1814 450 1872 his
464 1812 499 1871 de
513 1814 614 1885 quibus
635 1814 752 1872 infamio
769 1816 924 1890 precessit.
966 1815 1000 1873 Si
1019 1827 1112 1874 eutem
1133 1818 1257 1893 exigitur
1268 1818 1299 1874 ab

215 1931 251 1971 eo
264 1913 457 1972 testimonium
470 1913 500 1969 in
514 1912 587 1980 aliis,
602 1925 670 1988 pota
681 1914 712 1970 in
724 1913 852 1981 occultis,
866 1913 902 1971 de
915 1915 1018 1986 quibus
1032 1914 1152 1974 infamis
1164 1933 1222 1974 non
1236 1935 1301 1992 prae·

213 2012 309 2080 cessit,
323 2029 384 2073 ron
396 2020 505 2070 tenetur
518 2011 553 2068 ad
567 2010 784 2070 testificandum.
826 2013 859 2070 Si
878 2011 944 2071 verb
965 2013 1124 2085 requiratur
1144 2015 1210 2090 ejus
1232 2017 1301 2072 teeti·

213 2112 344 2169 monium
355 2128 413 2168 non
428 2111 592 2169 auctoritate
605 2112 769 2188 superioris,
783 2111 829 2169 cui
852 2111 974 2169 obedire'
987 2121 1107 2180 tenetur,
1128 2123 1198 2171 tunc
1210 2114 1302 2171 dison

214 2209 359 2285 gerendum
367 2219 425 2267 ert:
441 2210 508 2282 quia
518 2211 742 2268 sitestimonium
750 2211 907 2282 requiratur
915 2210 949 2267 ed
960 2210 1135 2269 liberandum
1144 2212 1300 2281 hominem,

215 2308 260 2365 vel
274 2310 309 2366 ab
322 2310 427 2385 injusta
438 2319 539 2375 morte,
559 2328 609 2366 seu
624 2328 709 2385 poena
721 2327 909 2382 quecumque,
924 2310 968 2366 vel
988 2328 1004 2365 a
1025 2309 1096 2367 salsa
1115 2311 1243 2378 infamia,
1257 2312 1301 2370 vel

213 2407 249 2464 ub
272 2407 368 2479 aliquo
390 2407 503 2474 damno,
518 2416 584 2467 tunc
607 2417 716 2465 tenetur
733 2407 823 2465 homo
843 2407 877 2465 ud
892 2407 1108 2467 testificandum.
1151 2409 1229 2468 Etsi
1242 2412 1301 2486 ejus

200 2505 408 2591 ⁴testimonium
422 2524 480 2562 non
500 2507 666 2576 requiratur,
681 2514 790 2563 tenetur
808 2507 900 2564 facere
914 2506 990 2579 qood
1004 2509 1034 2566 in
1048 2524 1078 2565 ee
1092 2518 1145 2575 eet,
1160 2520 1193 2566 ut
1206 2511 1301 2567 verite·

214 2611 269 2660 tem
285 2602 432 2661 denuntiet
445 2603 539 2670 alicui,
554 2604 603 2675 qui
617 2604 651 2660 ad
664 2603 720 2660 hoc
739 2606 832 2678 possit
854 2605 1000 2680 prodesse.
1042 2606 1155 2666 Dicitur
1176 2609 1253 2666 enim
1273 2611 1300 2667 in

213 2702 331 2760 Psalmo
344 2702 437 2760 lxxxi.
480 2702 610 2778 ‘Eripite
627 2720 781 2779 pauperem
801 2715 830 2761 et
851 2722 974 2781 egenum
991 2704 1026 2763 de
1045 2725 1130 2765 manu
1144 2710 1301 2782 peccatoris

212 2800 350 2859 liberate.'
393 2801 434 2859 Et
446 2800 582 2859 Proverb.
597 2803 676 2860 xxiv.
705 2801 801 2861 ‘Erue
816 2821 876 2871 eos,
891 2804 941 2876 qui
953 2803 1084 2863 dicuntur
1097 2805 1134 2863 ad
1146 2817 1266 2865 mortem
1277 2807 1295 2864 :'

212 2911 240 2958 et
253 2901 340 2957 Rom.
355 2901 373 2956 i.
389 2899 510 2958 dicitur:
533 2901 641 2977 ‘Digni
663 2911 730 2958 sont
741 2913 843 2968 morte,
859 2920 916 2960 non
936 2903 1029 2960 solum
1053 2906 1102 2976 qui
1122 2905 1239 2973 faciunt,
1252 2907 1301 2964 sed

211 2999 296 3055 etiarn
314 2998 363 3068 qui
376 3001 557 3057 consentiunt
569 2999 758 3058 facientibus)
801 3001 858 3059 Ubi
871 3001 939 3059 dicit
952 3003 1076 3060 Glossa:
1099 3002 1299 3073 ‘Consentire

208 3105 256 3156 est
268 3105 359 3157 tacere
373 3115 438 3154 cum
452 3099 545 3173 possis
558 3097 746 3176 redarguere.⁹
787 3101 882 3177 Super
894 3100 940 3158 his
953 3120 1020 3158 vero
1034 3120 1097 3174 quae
1104 3106 1255 3180 pertinent
1266 3106 1300 3162 ad

207 3194 475 3258 condemnationem
489 3197 619 3274 alicujus,
634 3218 692 3258 non
706 3208 815 3259 tenetur
827 3200 929 3274 aliquis
943 3200 1015 3260 ferre
1026 3204 1232 3269 testimonium,
1245 3206 1298 3263 nisi

205 3385 302 3436 omined
313 3402 340 3435 es
351 3402 365 3434 u
377 3384 476 3434 witness
493 3385 519 3435 in
530 3385 588 3435 both
600 3385 655 3435 civil
666 3385 713 3436 end
725 3386 835 3438 criminel
853 3403 928 3447 cerer,
940 3388 1054 3452 provided
1071 3389 1102 3439 he
1114 3389 1159 3439 hes
1176 3401 1221 3440 not
1238 3392 1297 3441 been

99 3500 106 3511 -
201 3471 346 3535 incrpitrted
359 3473 389 3536 by
402 3472 564 3522 econviction
576 3473 605 3522 ol
612 3471 708 3523 crimc.”
744 3473 831 3538 Chitty
843 3474 885 3525 ubi
896 3490 976 3540 sopra.

234 3557 273 3616 (l)
294 3555 357 3604 Vide
367 3555 522 3615 Blocketone,
533 3557 549 3606 l.
558 3558 589 3606 iv.
601 3574 626 3607 n.
638 3559 696 3608 ³³0.

122 3626 127 3635 '
234 3637 276 3705 (2)
295 3645 309 3668 ‘⁴
320 3636 362 3686 llll
374 3636 506 3694 witnebses,
512 3640 540 3686 of
548 3640 669 3689 whatever
676 3641 777 3703 religion
789 3658 816 3691 or
827 3651 939 3708 country,
946 3643 999 3694 thet
1010 3644 1072 3694 hove
1083 3643 1124 3693 the
1134 3659 1179 3694 use
1191 3645 1221 3693 ol
1229 3645 1288 3696 their

199 3739 293 3783 resson,
305 3738 345 3772 ure
357 3722 418 3771 tobe
429 3721 535 3770 received
548 3723 595 3771 end
608 3723 744 3784 exrrnined
755 3734 843 3791 except
853 3727 914 3777 such
923 3744 998 3778 uere
1009 3726 1184 3795 insertionem
1196 3731 1259 3782 such
1270 3748 1295 3780 rs

200 3826 241 3860 ere
251 3805 383 3860 mearent
392 3808 418 3857 in
430 3807 470 3857 the
481 3814 553 3856 erent
561 3807 638 3858 nithe
648 3808 747 3858 ceuse.''
782 3809 1004 3873 Blrckstonesiiii.
1016 3830 1041 3863 n.
1052 3814 1109 3863 370.

236 3896 279 3962 (3)
298 3894 362 3945 “All
371 3892 451 3943 others
462 3908 503 3942 ere
511 3896 646 3958 competent
657 3892 796 3947 witnessee:
814 3895 909 3958 though
920 3897 962 3947 the
968 3898 1026 3963 jury
1039 3899 1101 3949 from
1112 3898 1182 3949 other
1193 3898 1294 3949 circum·

200 3987 297 4031 struem
308 3979 358 4029 will
370 3979 447 4045 judge
464 3979 492 4028 ol
506 3978 567 4029 their
580 3976 742 4047 cediditpt’
777 3979 934 4042 Blrclretone,
951 3982 1047 4034 ibidem.
1081 3983 1162 4034 “The
1179 3985 1220 4035 old
1232 4001 1298 4035 crees

200 4080 268 4129 upon
277 4064 319 4114 the
330 4073 489 4130 mmpetency
501 4065 530 4114 os
537 4064 663 4116 witnessee
673 4065 736 4115 heve
747 4081 811 4128 gone
819 4082 886 4132 upon
898 4083 956 4133 very
968 4070 1047 4120 subtle
1058 4070 1174 4132 groondo
1207 4068 1260 4121 But
1270 4071 1297 4120 ol

199 4147 247 4198 lete
258 4164 337 4212 years,
348 4149 389 4199 tbe
401 4158 482 4198 coorts
493 4148 556 4198 heve
566 4150 743 4208 endeavoured,
755 4166 782 4199 rs
793 4151 829 4200 ser
837 4167 865 4201 ss
876 4153 987 4216 possible,
998 4162 1023 4203 tc
1034 4154 1068 4204 let
1079 4154 1120 4204 the
1132 4154 1255 4221 objection
1265 4170 1297 4218 go

198 4242 224 4283 to
236 4233 278 4283 tbe
289 4234 371 4295 credit,
382 4233 462 4286 rather
481 4234 541 4286 then
553 4243 578 4286 to
596 4236 637 4286 tho
648 4243 806 4302 competeocy
819 4238 847 4289 ol
860 4237 1009 4290 ewitnees.”
1044 4237 1110 4290 Lord
1127 4239 1267 4300 Mamficld,
1282 4243 1292 4288 1

198 4316 230 4367 T.
242 4317 271 4366 R.
283 4315 340 4367 ³0⁰.
509 4340 511 4344 ⁷
