2766 4996
159 400 217 455 ara
435 397 492 457 ue
514 348 643 457 uanis*
662 395 720 454 nr
742 388 986 455 Mancinus:

163 583 194 623 se
220 565 348 630 habeant,
372 572 400 619 et
425 562 609 620 domesticam
636 561 782 618 imitentur
812 570 841 617 ct
862 560 960 618 colant
984 563 1089 631 vitam,
1117 583 1179 637 qua
1201 583 1254 622 cun

164 665 295 740 conjugia
315 661 443 738 legitimo
463 662 614 737 conjuncta
627 672 680 716 est.
723 659 848 717 Peccant
869 661 958 735 igitur
979 664 1128 739 conjuges
1141 663 1256 740 procula

163 762 326 819 seinvicem
339 770 444 818 temere
458 759 627 837 separando,
652 760 806 835 pracsertim
827 759 943 830 quoties
965 761 1122 821 vinculum
1145 763 1256 820 neoessi·

165 858 267 918 tudinis
286 861 404 917 omnino
427 859 622 935 disrumpitur,
643 869 671 916 et
692 857 841 914 manifesto
867 859 1085 916 concubinatus
1111 861 1257 920 discrimini

164 959 345 1035 objiciuntur.
387 960 445 1025 Qui
458 977 558 1017 servos
572 957 705 1033 conjugio
717 955 818 1032 ligatos
832 965 913 1013 extra
925 955 1044 1015 Statum
1060 962 1189 1027 mittunt,
1202 978 1256 1017 con·

163 1058 278 1135 jugibus
291 1056 366 1116 retrd
381 1059 569 1124 manentibus,
584 1063 701 1132 peccant
713 1055 736 1110 si
750 1053 826 1111 haud
839 1056 919 1130 gravi
932 1053 1081 1115 ducantur
1095 1058 1131 1116 ad
1144 1058 1257 1117 venden-

166 1158 234 1214 dum
248 1158 366 1216 ratione.
408 1157 552 1213 Caetcrum
565 1157 590 1212 si
604 1148 705 1230 prauus
724 1154 762 1210 sit
780 1172 880 1211 servus
901 1171 991 1225 quem
1006 1155 1116 1215 frustra
1130 1153 1257 1232 quis'ten·

169 1257 237 1313 tavit
250 1256 284 1314 ad
298 1258 401 1314 bonam
414 1254 541 1331 redigere
556 1253 675 1329 frugem,
696 1270 754 1310 non
768 1250 905 1309 audemus
929 1251 1074 1313 damnare
1089 1257 1201 1324 henim,
1213 1259 1255 1330 qui

168 1373 233 1412 eum
255 1355 354 1430 procul
379 1355 466 1421 misit,
490 1371 591 1410 verens
614 1369 650 1409 ne
670 1362 789 1408 mortem
811 1350 857 1408 vel
878 1351 988 1409 malurn
1012 1355 1094 1413 aliud
1121 1358 1164 1415 illi
1189 1355 1256 1414 domi

164 1451 317 1509 moliretur.

203 1553 253 1610 97.
275 1551 409 1609 Vendere
423 1571 520 1610 servos
531 1553 599 1611 licet
611 1570 754 1611 exeorum
762 1552 867 1609 infelici
880 1552 1070 1612 conditione:
1095 1567 1117 1592 ‘⁴
1124 1560 1174 1634 J'us
1187 1558 1254 1613 enim

166 1648 275 1710 domini
288 1652 317 1709 in
331 1651 478 1720 scrvum‚”
494 1654 586 1724 inquit
600 1651 728 1718 Lesbius,
750 1661 769 1687 ‘⁸
781 1660 824 1707 est
842 1650 1027 1726 despoticum
1042 1674 1105 1727 quo
1118 1666 1209 1731 potest
1220 1653 1254 1711 illi

87 1760 100 1773 '
168 1751 319 1827 imperare,
334 1751 439 1824 illoque
451 1752 491 1808 uti
505 1752 534 1809 in
547 1770 631 1809 suum
645 1749 838 1817 commodum,
851 1750 931 1808 illum
946 1751 1076 1811 vendere
1092 1764 1251 1829 permutare,

166 1847 271 1906 donare
286 1845 329 1917 ;”¹
345 1849 397 1909 scd
410 1861 547 1922 quatenus
560 1851 622 1907 fieri
634 1850 735 1924 possit,
749 1848 873 1907 venditio
887 1848 1059 1924 hujusmodi
1080 1852 1196 1910 vitanda
1207 1864 1252 1915 est,

165 1947 270 2024 refugit
282 1950 358 2006 enim
382 1950 494 2006 animus
515 1950 549 2006 ab
570 1949 695 2005 hominis
717 1957 851 2005 mercatu.
894 1949 1018 2013 Quoties
1038 1953 1076 2009 ob
1090 1950 1251 2009 divisionem

166 2043 350 2114 haereditatis,
371 2046 417 2105 vel
437 2048 473 2104 ob
496 2065 535 2103 ea
558 2048 692 2113 alienum,
706 2046 749 2102 vel
771 2047 825 2104 alia
844 2048 921 2122 gravi
942 2046 978 2103 de
1002 2069 1093 2108 cauea
1112 2051 1252 2127 contigerit

166 2143 273 2212 venire,
287 2155 399 2222 oportet
417 2146 534 2203 omnino
554 2145 701 2203 dominnm
725 2163 850 2216 quaerere
871 2142 1069 2215 Catholicum,
1093 2160 1123 2205 et
1146 2151 1194 2222 qui
1206 2150 1251 2205 ltu-

164 2260 265 2301 manua
279 2245 316 2302 sit
328 2255 357 2303 et
365 2246 476 2322 justus:
498 2264 551 2304 nec
574 2245 649 2302 enim
672 2253 764 2319 potest
785 2243 870 2301 herus
893 2263 990 2302 curam
1005 2246 1085 2305 illius
1099 2249 1129 2305 in
1144 2249 1250 2306 obvium

164 2358 309 2417 quemque
322 2346 447 2421 rejicere.
490 2342 574 2411 Quod
588 2345 612 2401 si
625 2344 677 2400 sub
690 2343 771 2400 hasta
783 2342 918 2400 vendatur
936 2362 974 2401 ex
995 2344 1070 2422 legis
1085 2348 1250 2409 auctoritate,

160 2441 339 2499 emsaudus
353 2443 462 2499 videtur
475 2444 523 2514 qui
537 2460 651 2499 servum
661 2440 791 2499 licitatori
800 2440 881 2499 tradit
890 2442 974 2517 juxta
984 2446 1161 2503 venditionis
1168 2445 1248 2521 leges.

165 2536 359 2594 Excusandus
374 2539 455 2594 etiarn
471 2541 523 2596 erit
535 2541 583 2610 qui
598 2540 682 2597 obvio
702 2543 806 2611 cuique
827 2538 921 2597 vendit
940 2560 1070 2611 servum,
1085 2564 1102 2600 a
1116 2564 1172 2617 qua
1184 2563 1249 2601 tnor·

164 2645 219 2692 tem
233 2636 287 2693 sibi
300 2637 396 2694 artisve
419 2636 507 2703 timet,
522 2637 577 2694 nisi
596 2637 689 2693 statim
704 2658 719 2694 e
733 2638 819 2697 domo
830 2639 1000 2697 dimittatur:
1022 2643 1077 2700 sed
1098 2643 1249 2701 cavendum

166 2753 202 2792 nc
215 2738 336 2812 emptori
351 2736 392 2795 nil
406 2736 538 2814 cogitanti
553 2736 693 2814 pernicies
707 2737 765 2795 fiat.

204 2840 253 2893 98.
275 2837 428 2896 Servorum
443 2838 525 2895 saluti
544 2838 629 2895 herus
643 2837 796 2923 providere·
804 2839 896 2906 debet,
912 2857 1000 2910 quum
1015 2859 1115 2899 eorum
1131 2843 1250 2901 conditio

164 2953 213 2990 eos
227 2935 356 2994 subsidia
369 2938 467 2994 salutis
489 2935 631 3009 quaerendi
646 2938 737 3013 privet
758 2936 896 2995 facultate.
939 2938 1030 3013 Igitur
1050 2940 1112 2999 heri
1134 2956 1177 2999 est
1200 2943 1250 2999 illis

155 3051 197 3109 'ea
211 3033 403 3109 suppeditare,
418 3036 542 3094 curando
554 3047 584 3092 ut
597 3035 754 3092 rudimenta
768 3035 900 3093 doctrina
921 3037 1082 3096 christianae
1096 3039 1248 3104 addiscant,

160 3144 187 3189 et
200 3134 242 3190 cis
265 3133 394 3191 faciendo
415 3135 527 3210 copiam
551 3135 701 3191 ministerii
724 3135 904 3193 sacerdotalis
918 3134 952 3190 ad
965 3139 1151 3214 suscipienda
1165 3159 1250 3197 sacra·

161 3242 264 3290 menta.
307 3233 399 3292 Debet
413 3235 495 3290 etiarn
517 3253 615 3291 cavere
629 3251 664 3291 ne
685 3235 848 3309 promiscuo
862 3244 974 3291 utantur
993 3238 1157 3306 concubitu,
1172 3241 1250 3316 cujus

162 3333 318 3406 periculum
333 3333 513 3391 manifestum
537 3344 581 3391 est
600 3352 636 3390 ex
656 3334 833 3408 congregatis
852 3332 991 3390 inlocum
1015 3354 1106 3393 unum
1120 3337 1249 3413 plurimis

159 3432 305 3505 utriusque
319 3452 422 3492 sexus:
445 3445 472 3490 et
491 3434 559 3490 alias
580 3430 782 3508 invigilandum
797 3443 840 3488 est
853 3450 964 3489 morum
985 3437 1100 3509 puritati
1116 3448 1144 3493 et
1157 3440 1249 3512 pietati

161 3529 296 3586 colendae.
340 3532 472 3589 Graviter
486 3534 569 3608 igitur
583 3541 680 3606 peccat
690 3529 774 3586 herus
783 3532 830 3602 qui
842 3532 952 3589 utilitati
964 3550 1022 3589 suae
1034 3543 1109 3592 totus
1118 3536 1248 3601 intentus,

160 3624 200 3681 nil
215 3635 294 3681 curat
306 3627 341 3683 de
356 3630 511 3686 animarum
527 3630 625 3696 salute,
641 3630 786 3701 servisque
800 3649 914 3688 ornnem
935 3629 1056 3708 denegat
1069 3634 1249 3692 sacerdotalis

164 3725 312 3784 ministerii
331 3727 461 3801 copiam;
485 3726 530 3783 vel
544 3728 592 3797 qui
613 3746 663 3783 eoa
683 3728 783 3785 instrui
806 3730 889 3787 rebus
912 3729 978 3786 fidel
1001 3750 1058 3788 non
1082 3732 1186 3799 studet,
1208 3734 1248 3790 vel

160 3845 274 3884 omnem
289 3825 391 3884 omittit
404 3824 540 3884 cautelam
555 3823 588 3881 ad
604 3842 713 3881 morum
728 3828 913 3904 integritatem
933 3831 1136 3890 necessariam.
1180 3833 1249 3891 Gra-

161 3928 278 3984 vissima
293 3938 384 3984 autom
399 3936 518 4003 peccant
531 3926 579 3999 qui
600 3926 713 3983 obstant
732 3945 767 3983 ne
788 3929 862 3985 servi
884 3947 1001 3986 munera
1015 3933 1177 3989 necessaria
1191 3934 1249 4010 pie·

157 4028 222 4083 tatis
235 4026 347 4095 obeant,
362 4025 407 4083 vel
415 4027 462 4099 qui
473 4044 583 4083 morum
594 4024 690 4082 fovent
699 4026 885 4102 corruptelam
897 4028 1023 4103 pessimo
1036 4047 1090 4087 suo
1103 4032 1247 4108 exemplo,

157 4136 185 4179 et
198 4124 432 4182 solicitationibus
446 4125 561 4198 iniquis.
604 4124 661 4190 Qui
673 4122 780 4200 flagitia
788 4125 992 4184 dissimulando
1002 4127 1121 4186 tolerant
1133 4140 1247 4188 catenus

370 4298 439 4357 ’ὗ
505 4309 890 4374 (l)DeJustitin,c.i.Dub.i.
965 4307 969 4312 ’
