2766 4996
139 413 199 469 ³00
288 407 346 467 DE
368 406 728 467 OBLIGATIONIBUS
748 405 1086 467 RELIGIOSORUM.

140 586 185 632 tur
198 580 218 610 “
227 583 322 630 tamen
335 580 453 646 possent
465 572 621 639 venialiter,
635 571 682 628 vel
701 571 853 631 mortaliter
864 589 986 649 peceare
998 590 1036 631 ex
1050 571 1224 648 negligentis

141 672 187 730 rel
199 670 326 736 libidine,
347 689 398 728 seu
419 663 630 747 contemptn.”¹
671 670 817 743 Quicquid
836 681 931 730 autem
953 670 990 729 ad
1010 683 1078 730 vota
1090 679 1224 747 apertam,

142 770 187 827 sel
208 768 243 827 ad
264 770 382 826 instituti
404 770 599 837 substantiam,
619 771 742 847 graviter
760 771 883 847 injungit
901 770 1055 847 Superior,
1068 771 1106 828 in
1125 770 1228 829 anne

142 875 252 928 undae
266 867 452 934 obedientiae,
466 870 511 926 vel
524 870 612 929 simili
625 869 885 936 formaverborum,
898 870 924 927 si
937 870 1113 947 negligatur,
1126 867 1227 927 lethalia

141 976 185 1026 est
196 968 290 1045 culpa.
334 976 353 1004 ‘⁸
366 968 539 1045 Religiosi,’'
554 969 646 1040 inquit
658 969 689 1025 S.
701 967 840 1036 Thomas,
862 977 882 1005 ‘⁶
892 968 1090 1028 obedientiam
1104 969 1229 1045 profiten-

143 1076 188 1125 tur
209 1078 344 1138 quantum
372 1067 407 1124 ad
427 1067 583 1144 regularem
609 1067 862 1136 conversationem,
883 1067 1044 1140 secundum
1072 1086 1160 1141 quam
1178 1066 1231 1123 suis

143 1167 265 1243 prelatis
279 1166 443 1226 subduntur.
486 1167 526 1224 Et
547 1167 612 1225 ideo
625 1176 759 1240 quantum
774 1166 810 1224 ad
822 1167 871 1225 illa
882 1166 944 1224 sola
962 1166 1085 1226 obedire
1097 1175 1230 1230 tenentur,

143 1284 207 1338 quae
230 1278 352 1341 possunt
372 1265 407 1322 ad
426 1266 581 1342 regularem
604 1267 846 1324 conversationem
861 1258 1055 1342 pertinere.‘’⁸
1095 1265 1231 1324 “Votum

143 1373 237 1421 autem
256 1365 441 1441 professionis
459 1366 574 1440 respicit
594 1364 786 1440 principaliter
805 1365 856 1422 tria
878 1364 1024 1441 praedicta,
1038 1366 1153 1424 scilicet
1171 1380 1231 1440 pau·

142 1470 289 1537 pertatem,
303 1446 515 1529 contiti'entiam,
524 1472 552 1518 et
564 1461 764 1532 obedientiam,
780 1464 836 1522 alia
847 1463 915 1522 verd
925 1465 1025 1522 omnia
1037 1464 1075 1522 ad
1088 1464 1152 1522 hae
1165 1460 1231 1521 ordi·

142 1571 252 1619 uantur.
306 1561 347 1619 Et
372 1560 436 1620 ideo
461 1562 648 1638 transgressio
673 1561 777 1622 horum
800 1563 883 1621 trium
915 1563 1023 1639 obligat
1046 1563 1082 1621 ad
1108 1561 1229 1622 mortale.

143 1659 272 1719 Aliomm
287 1671 379 1731 autem
393 1662 579 1739 transgressio
592 1679 651 1719 non
671 1660 775 1736 obligat
794 1661 827 1718 ad
845 1661 972 1729 mortale,
987 1663 1047 1719 nisi
1060 1663 1108 1721 vel
1123 1671 1232 1739 propter

144 1769 337 1837 contemptum
350 1762 464 1836 regule,
479 1762 545 1833 quia
562 1761 618 1818 hoc
637 1760 741 1817 directe
755 1762 970 1819 contrariaremr
982 1762 1171 1837 professioni,
1187 1778 1232 1837 pet

144 1878 230 1932 quam
243 1860 346 1932 aliquis
364 1861 443 1917 vovit
463 1859 620 1936 regularem
644 1860 751 1927 vitam3
772 1860 818 1918 vel
840 1869 956 1936 propter
972 1871 1165 1937 prereptum,
1178 1860 1231 1917 sire

143 1977 192 2016 ore
206 1969 288 2016 tenus
300 1979 316 2016 a
329 1959 442 2034 prelato
456 1958 570 2026 lactum,
584 1961 644 2017 sive
658 1959 688 2016 in
700 1959 796 2035 regula
807 1977 996 2036 expressum:
1010 1960 1151 2031 quiahoc
1164 1967 1232 2017 esset

145 2056 236 2113 facere
250 2069 349 2113 contra
360 2057 528 2115 ohedientia
543 2049 689 2116 votum.''³

182 2158 232 2213 78.
253 2154 381 2214 Possunt
392 2157 477 2214 etiam
491 2159 652 2233 superiores
665 2175 700 2214 ea
712 2157 866 2233 praecipere
885 2166 915 2214 et
926 2166 1054 2215 statuere
1068 2175 1133 2230 quse
1147 2156 1182 2216 ad
1193 2158 1232 2214 in·

142 2257 269 2314 stitutum
282 2255 451 2314 servandum
465 2266 619 2315 noscuntur
632 2255 878 2323 necessaria,licet
889 2254 926 2313 de
943 2257 979 2315 iis
992 2257 1069 2315 nihil
1088 2257 1120 2315 in
1138 2255 1231 2332 regula

145 2356 192 2422 sit,
207 2354 335 2428 nihilque
356 2356 424 2414 durn
448 2356 589 2432 professio
608 2357 781 2414 emitteretur
802 2357 980 2434 cogitaretur.
1022 2356 1059 2414 Id
1080 2356 1231 2433 presertim

144 2452 359 2527 intelligendum
382 2455 417 2511 de
438 2473 573 2531 supremo
586 2454 716 2531 presule,
738 2454 878 2512 Pontifiee
898 2454 1010 2513 scilicet
1021 2455 1167 2521 Romano,
1186 2452 1231 2526 qui

140 2553 204 2628 jure
227 2550 336 2625 optimo
356 2553 479 2627 injungit
498 2553 636 2609 servanda
655 2554 751 2610 omnia
774 2573 838 2626 quae
857 2553 892 2612 ad
912 2555 1033 2612 instituti
1048 2556 1230 2632 integritatem

144 2649 333 2721 requiruntur.
376 2650 425 2708 Sic
445 2650 573 2708 clausura
584 2651 710 2727 injuncta
730 2661 773 2706 est
786 2654 958 2711 monialibus
972 2655 1107 2712 omnibus
1121 2674 1138 2710 a
1151 2652 1233 2710 Boni·

145 2750 217 2807 l'ncio
231 2747 327 2817 v111.,
342 2768 429 2822 quum
443 2770 476 2807 ea
489 2750 618 2827 neglecta
630 2749 833 2828 periclitaretur
846 2754 968 2810 castitas.

184 2853 234 2908 79.
256 2849 353 2908 Etiam
367 2869 433 2908 cum
448 2853 512 2908 vitm
527 2851 652 2926 periculo
666 2848 824 2908 obedientia
846 2851 997 2924 aliqnando
1011 2851 1171 2927 prestanda
1184 2860 1232 2914 est,

144 2946 256 3019 quando
271 2950 345 3005 actio
365 2951 523 3024 periculosa
542 2950 701 3007 necessaria
722 2959 776 3015 est,
800 2960 829 3007 et
850 2951 977 3009 instituto
1003 2969 1143 3009 consona.
1185 2949 1232 3005 Sic

145 3046 299 3120 precipere
321 3057 415 3121 potest
440 3048 586 3123 Superior,
613 3059 644 3105 ut
669 3047 814 3123 professus
843 3050 990 3108 subveniat
1011 3050 1074 3108 aliis
1098 3048 1233 3127 professis

145 3155 224 3220 peste
238 3143 368 3201 infectis:
394 3147 478 3203 etiarn
498 3157 529 3203 ut
551 3146 612 3204 aliis
626 3157 799 3204 sacramenta
818 3147 1003 3217 administret,
1027 3150 1052 3206 si
1073 3147 1233 3206 sacerdotes

144 3244 293 3302 seculares
313 3263 371 3302 non
384 3245 535 3312 sufficiant,
550 3247 704 3322 prasertim
719 3246 832 3318 quando
846 3248 1003 3306 institutum
1017 3248 1052 3306 ad
1076 3249 1232 3306 animarum

145 3344 264 3402 salutem
280 3356 324 3400 est
336 3344 483 3404 directum.

184 3449 233 3500 80.
255 3443 304 3501 Ex
318 3445 413 3503 animo
428 3443 617 3503 obediendum
632 3453 684 3510 est,
699 3462 787 3514 quum
812 3456 907 3503 votum
926 3447 1066 3504 emissum
1079 3449 1118 3504 sit
1132 3444 1166 3501 de
1181 3446 1233 3500 vir·

146 3551 202 3596 tute
216 3540 344 3607 colenda,
359 3562 416 3601 non
430 3544 465 3600 de
478 3553 596 3600 externo
610 3554 716 3602 tantum
737 3543 884 3615 obsequio.
927 3545 1031 3603 Meritd
1052 3546 1139 3622 igitur
1158 3543 1233 3600 dam·

145 3648 210 3694 nata
222 3647 266 3692 est
278 3637 430 3697 Michaelis
443 3640 478 3698 de
493 3641 621 3699 Molinos
634 3643 810 3719 propositio:
833 3652 853 3678 “
863 3643 1027 3722 Praepositis
1044 3642 1233 3702 obediendum

145 3746 188 3795 est
201 3736 229 3795 in
243 3735 391 3803 exteriore,
402 3746 430 3794 et
441 3737 558 3795 latitudo
577 3742 637 3798 voti
650 3738 815 3799 obedientie
828 3742 1024 3820 religiosorum
1038 3739 1233 3801 tantummodo

144 3838 269 3898 exterius
283 3836 424 3914 pertingit.
466 3836 500 3895 ln
513 3837 644 3895 interiore
658 3837 724 3896 verd
738 3839 818 3897 aliter
831 3859 862 3899 se
882 3841 974 3909 habet,
989 3860 1045 3914 quo
1059 3843 1138 3901 solus
1153 3841 1233 3900 Deus

145 3949 174 3998 et
186 3939 307 3998 director
316 3928 471 3997 'inuant.‘’⁴
510 3937 655 4011 Equidem
669 3937 737 3996 dicit
750 3939 783 4000 S.
795 3939 944 4000 Thomas:
961 3951 980 3978 ‘⁶
992 3943 1022 4001 in
1035 3941 1081 4000 his
1095 3961 1159 4015 quae
1173 3959 1235 4018 per-

179 4141 222 4204 (l)
242 4143 266 4188 2.
278 4137 301 4188 2.
313 4154 354 4202 qu.
363 4139 469 4189 clxxxvi.
481 4147 525 4190 ert.
536 4138 569 4190 ir.
580 4137 745 4206 adprimum.

179 4225 222 4288 (2)
241 4226 257 4271 2
276 4226 300 4271 2.
312 4238 353 4286 qu·
365 4224 412 4272 eir.
424 4231 467 4274 nrt
480 4239 501 4272 v.
536 4223 576 4272 Ad
588 4224 691 4274 tertium

178 4308 221 4371 (³)
240 4306 342 4367 lbirlem,
356 4322 396 4371 qu.
409 4307 518 4360 clxxxvi.
530 4317 574 4358 ert.
584 4308 619 4358 ix.
653 4307 728 4375 Resp.
875 4312 918 4375 (4)
938 4309 1011 4377 Prop.
1019 4311 1069 4363 lxv.
