2744 4980
156 413 195 465 22
525 402 582 460 DE
605 400 882 460 IGNORANTIA.

157 571 251 627 minus
265 566 374 634 ardeat;
396 585 453 624 non
467 568 543 625 enim
557 568 618 624 sine
632 584 718 623 causa
731 564 836 621 dictum
850 573 893 620 est
915 561 1029 620 effunde
1043 563 1113 619 iram
1127 570 1211 618 tuam
1225 559 1258 616 in

156 679 263 744 gentes
278 686 341 737 quae
355 677 381 722 te
395 684 452 722 non
465 657 651 724 noverunt.'’l
694 662 838 721 Caetemm
852 660 1050 737 intelligendus
1063 671 1107 717 est
1119 658 1203 730 loqui
1218 656 1257 714 de

157 767 279 842 pcccatis
293 775 389 823 contra
400 765 493 840 legem
515 775 630 831 naturae,
645 763 680 820 de
702 763 804 835 quibus
825 760 982 837 Apostolus
1003 759 1066 818 loco
1082 761 1144 836 jam
1168 759 1258 814 citato

157 864 240 920 dicit:
279 864 368 919 “sine
394 863 456 938 lege
483 861 653 938 peribuut:”
689 880 752 933 quae
779 880 836 919 non
869 869 1020 917 censentur
1052 855 1260 914 invincibiliter

159 964 313 1037 ignorasse.

196 1066 245 1116 33.
269 1059 451 1136 Ignorantia
454 1057 548 1137 sueti.
563 1058 727 1138 nonjuria
743 1054 894 1125 εειεειιεαῖ,2
907 1059 1020 1114 axioma
1032 1066 1076 1112 est
1089 1074 1148 1127 quo
1164 1053 1255 1128 signi·

158 1159 256 1214 ficator
267 1159 297 1213 iu
307 1157 423 1234 judiciis
434 1176 492 1214 non
505 1158 612 1217 admitti
627 1158 839 1215 excusationem
853 1158 878 1212 si
892 1156 956 1228 quis
968 1155 1062 1231 legem
1071 1152 1256 1229 ignoraverit,

158 1276 244 1327 quarn
257 1275 356 1313 ornnes
370 1273 454 1312 nosse
467 1269 633 1323 censentur;
655 1255 705 1312 sed
718 1257 759 1312 rei
780 1256 898 1332 alicujus
919 1253 1049 1329 specialis
1063 1251 1256 1327 ignorantiam

158 1373 242 1429 posse
256 1353 429 1430 probabilem
444 1356 653 1413 subministrare
668 1354 872 1411 defensionem.
917 1353 995 1409 Reus
1013 1349 1189 1428 judicabitur
1203 1349 1255 1420 qui

158 1471 267 1510 rncrces
279 1451 342 1529 lege
356 1451 453 1508 ivenus
467 1454 496 1509 in
518 1454 720 1530 rempublicam
735 1454 882 1518 invexerit,
903 1451 969 1508 licet
981 1468 1045 1507 eam
1064 1448 1255 1523 ignoraverit:

159 1550 208 1607 sed
230 1552 411 1607 excusabitur
432 1570 448 1604 a
467 1571 551 1626 prena
572 1555 622 1623 qui
643 1551 861 1626 chirographum
882 1550 979 1607 fictum
1001 1545 1153 1605 bonafide
1175 1544 1257 1601 alteri

166 1649 325 1714 tradiderit;
348 1668 413 1706 narn
427 1658 455 1703 et
466 1649 514 1706 lex
527 1652 674 1708 scientiam
688 1649 794 1707 fraudis
808 1640 921 1725 exigit³

205 1752 253 1804 34.
277 1748 437 1822 Ignorantia
454 1749 527 1823 juris
544 1748 660 1806 humani
683 1766 777 1805 coram
792 1747 855 1804 Deo
869 1767 885 1804 a
905 1748 983 1822 gravi
996 1744 1079 1820 culpa
1092 1752 1255 1807 excusatur,

160 1849 270 1918 quoties
291 1865 327 1902 ex
341 1847 417 1921 gravi
432 1847 601 1921 negligentia
614 1865 671 1904 non
685 1847 781 1913 oritur,
795 1846 888 1903 habita
910 1847 1016 1902 ratione
1037 1842 1177 1919 cujusque
1195 1860 1255 1897 mu·

161 1947 246 2008 neris,
262 1946 397 2009 scientim,
411 1947 668 2018 opportunitatum:
692 1963 804 2015 aequum
827 1945 931 2018 quippe
953 1952 997 2000 est
1016 1959 1074 1999 non
1093 1939 1166 1996 adeo
1181 1949 1255 1995 arcte

159 2042 314 2116 urgendum
327 2042 528 2115 obligationem
541 2062 638 2100 comm
653 2061 716 2113 quae
729 2043 839 2117 legibus
862 2041 994 2099 humanis
1008 2040 1207 2103 decernuntur,
1223 2056 1254 2092 ac

160 2158 257 2196 eorum
272 2159 334 2213 quae
348 2157 439 2196 rerum
453 2150 550 2196 natura
572 2151 599 2197 et
621 2141 717 2198 divina
738 2141 801 2214 lege
824 2141 957 2197 nituntur.
1001 2137 1144 2195 Caeterum
1167 2153 1255 2192 unus·

161 2240 281 2310 quisque
295 2238 468 2314 diligentiam
479 2250 664 2314 opportunam
675 2249 703 2295 et
711 2236 1128 2297 necessariamdebetadhibere
1139 2254 1147 2290 ε
1171 2251 1254 2290 secus

160 2338 319 2395 censebitur
331 2336 402 2393 velle
425 2338 563 2411 ignorare,
577 2349 606 2394 et
625 2338 833 2413 praetermittere
855 2355 917 2408 qua]
941 2335 1151 2412 praecipiuntur.
1197 2331 1254 2396 Qui

162 2435 420 2492 consuevitdiebus
434 2434 512 2490 sestis
536 2434 643 2492 adstare
666 2455 755 2501 sacro,
779 2445 808 2490 et
829 2452 866 2491 ex
888 2436 1008 2510 pastoris
1031 2432 1147 2489 monitis
1167 2448 1254 2487 nosse

164 2531 226 2589 dies
240 2534 341 2603 quibus
356 2531 544 2608 jejunandum
566 2536 612 2601 sit,
626 2544 784 2600 excusatur,
799 2534 824 2590 si
846 2551 883 2590 ex
905 2533 1070 2589 necessitate
1084 2529 1214 2595 abluerit,
1228 2537 1257 2585 et

161 2629 256 2685 dedic
271 2630 392 2701 quodam
402 2630 505 2704 jejunii
518 2630 589 2688 nihil
602 2633 780 2707 cogitaverit:
803 2630 854 2687 sed
876 2632 924 2702 qui
945 2631 1028 2706 culpa
1049 2648 1101 2687 sua
1114 2627 1215 2692 abluit,
1228 2638 1256 2682 et

162 2726 197 2784 de
210 2727 310 2785 dicbus
320 2728 423 2804 jejunii
437 2727 512 2784 haud
535 2747 565 2785 se
585 2729 686 2786 habeat
707 2730 858 2794 solicitum,
882 2728 972 2804 culpae
996 2728 1089 2803 gravis
1111 2743 1177 2782 reus
1200 2731 1255 2789 est,

162 2829 272 2896 quoties
286 2846 337 2884 sua
349 2826 520 2901 negligentia
532 2827 763 2885 violatEcclesiae
774 2814 944 2903 praceplum
957 2846 964 2893 ;
986 2826 1031 2882 vel
1044 2825 1143 2882 saltem
1157 2823 1255 2897 gravis

162 2908 338 2998 negligentia>
352 2944 415 2981 reus
429 2935 480 2981 est.
524 2925 581 2990 Qui
595 2945 657 2982 rure
667 2924 781 3001 degunt,
796 2925 893 3001 procul
907 2926 941 2981 ab
955 2924 1084 2990 ecclesia,
1099 2921 1205 2979 debent
1217 2937 1255 2976 ex

161 3020 239 3077 libris
253 3020 313 3077 dies
323 3023 426 3096 jejunii
441 3022 612 3094 festivusque
623 3023 767 3080 addiscere
779 3042 786 3088 ;
806 3041 859 3081 nec
869 3032 1048 3089 excusantur,
1058 3022 1094 3089 si,
1104 3038 1138 3076 ea
1147 3019 1258 3076 omissa

197 3190 240 3253 (l)
261 3187 289 3235 L,
302 3188 332 3236 de
343 3189 419 3250 gratia
431 3197 454 3238 et
467 3191 507 3239 lib.
519 3191 567 3238 arb.
580 3206 600 3239 e.
609 3190 656 3239 Ill.

195 3274 237 3339 (2)
257 3274 298 3322 Ex
311 3274 370 3335 Reg.
378 3275 449 3340 juris.
486 3274 572 3325 “This
585 3284 650 3325 must
661 3277 690 3324 be
702 3291 734 3325 an
752 3276 883 3338 ignorauce
894 3293 921 3326 or
932 3277 1034 3326 mistake
1045 3275 1133 3332 offset,
1142 3271 1192 3320 and
1204 3276 1254 3319 uot

159 3374 190 3407 an
202 3375 267 3408 error
278 3361 304 3408 in
316 3361 386 3423 point
397 3361 425 3409 os
432 3361 486 3409 law,
522 3363 558 3409 As
570 3361 592 3410 it
600 3378 614 3410 a
626 3377 691 3422 man,
703 3361 832 3423 intending
844 3369 868 3410 to
885 3362 929 3412 lrill
941 3378 955 3410 a
967 3360 1030 3410 thies
1038 3376 1066 3409 or
1075 3356 1258 3409 housebrealrcr

160 3443 236 3491 iuliis
254 3460 310 3493 own
322 3445 406 3502 house,
419 3447 449 3507 by
463 3447 566 3494 mistakc
582 3446 639 3494 kills
656 3463 703 3495 oue
715 3447 743 3496 os
757 3447 796 3496 his
813 3462 870 3495 own
887 3447 981 3510 family,
992 3446 1041 3496 this
1052 3446 1073 3494 is
1090 3460 1124 3493 no
1141 3440 1258 3492 crimino

91 3510 95 3515 ⁵
160 3526 258 3576 action:
274 3529 318 3575 but
329 3527 351 3574 if
364 3544 377 3575 a
389 3544 447 3576 man
460 3528 543 3577 thinks
555 3528 586 3576 he
598 3528 669 3578 hasa
685 3530 751 3591 right
762 3536 787 3578 to
798 3530 841 3579 hill
858 3546 873 3579 a
890 3546 978 3594 person
989 3524 1218 3578 excommunicated
1230 3539 1259 3571 or

161 3610 294 3669 outlawed,
305 3611 426 3659 wherever
436 3612 467 3660 he
480 3621 556 3662 meets
567 3613 627 3672 him,
639 3614 687 3663 und
704 3614 763 3663 <loss
780 3630 823 3674 σος
840 3615 889 3664 this
906 3616 927 3664 is
944 3615 1021 3664 wilful
1040 3612 1143 3663 murder:
1179 3609 1258 3658 Fora

162 3694 266 3742 mistslre
280 3695 304 3743 in
317 3695 387 3757 point
399 3696 427 3743 ol
440 3698 495 3755 law,
506 3697 587 3747 which
606 3713 677 3761 every
689 3713 777 3762 person
789 3699 817 3747 os
831 3698 960 3749 discretiori
980 3707 1024 3748 not
1032 3698 1090 3760 only
1103 3710 1169 3758 may,
1178 3692 1259 3742 butio

162 3779 243 3827 bound
257 3779 304 3828 end
314 3780 442 3843 presumed
461 3792 486 3830 to
498 3782 580 3842 know,
592 3784 613 3832 is
624 3784 649 3832 in
668 3783 778 3832 crimiusl
796 3799 863 3832 cases
874 3799 908 3832 no
926 3791 975 3832 sort
985 3783 1013 3832 ol
1026 3783 1133 3831 delence.
1168 3778 1259 3845 ‘Igno-
1298 3783 1302 3791 ⁴

162 3863 334 3930 runtiujuris,
345 3863 413 3930 quod
423 3864 527 3932 quisque
539 3871 637 3917 tenetur
644 3866 714 3926 scire,
721 3866 963 3927 neminemnam,
974 3868 994 3916 is
1006 3883 1033 3915 ss
1044 3866 1099 3915 well
1111 3864 1152 3914 tho
1164 3862 1259 3913 maxim

162 3950 190 3997 os
196 3965 242 3999 our
250 3967 306 4000 own
319 3952 365 4000 law
378 3967 405 3999 as
414 3951 431 3999 it
443 3967 494 4000 was
506 3953 534 4001 ol
541 3952 583 4001 the
594 3951 706 4003 Roman!
716 3951 731 3976 ”
765 3951 912 4003 Blsekstoue
924 3955 940 4003 l.
951 3953 983 4002 iv.
995 3969 1020 4002 n.
1032 3956 1074 4002 27.

197 4039 236 4100 (3)
256 4045 271 4068 “
280 4037 305 4085 lt
312 4054 360 4101 any
373 4054 420 4089 ons
431 4066 465 4076 —
476 4037 538 4088 shall
549 4055 614 4105 poss,
631 4047 695 4090 utter
712 4055 740 4088 or
758 4039 864 4102 publish,
875 4054 902 4088 or
918 4046 1019 4104 attempt
1036 4046 1061 4089 to
1073 4055 1138 4103 pens,
1148 4045 1214 4088 utter
1226 4053 1254 4088 or

161 4120 259 4182 publish
270 4138 297 4169 ss
308 4131 367 4182 trus,
379 4141 427 4188 any
440 4125 507 4185 falso,
519 4124 610 4187 sorged.
621 4141 649 4175 or
662 4125 806 4176 consensit
817 4124 859 4174 bill
871 4140 898 4173 or
908 4122 1121 4192 notc-knowiag
1134 4124 1176 4175 tho
1189 4139 1258 4174 sams

161 4211 185 4252 to
197 4205 226 4253 bo
243 4205 327 4285 taisely
340 4209 429 4270 tergeo,
448 4227 475 4262 or
493 4209 691 4262 countcrleited.”
729 4215 778 4262 Aet
796 4210 825 4260 of
839 4208 898 4261 25th
910 4209 1012 4272 March,
1036 4208 1110 4262 1824.
1142 4209 1262 4260 Lousoi

163 4290 350 4355 Pennsylvsuis.
