2766 4996
202 420 284 483 882,
381 413 439 473 DE
461 408 724 472 FORENSIBUS
746 407 1121 469 OBLlGhTIONIBUS.

203 578 301 637 haberi
314 585 443 653 possunt
484 574 534 631 Sic
547 572 691 640 custodes,
703 575 751 632 vel
763 571 901 631 officiales
909 573 1029 649 publici,
1042 572 1132 630 fidem
1145 571 1249 630 faciunt
1258 569 1289 626 de

125 700 138 727 ν.
205 676 285 736 furtis
298 675 344 733 vel
364 674 427 732 aliis
447 672 569 741 delictis,
591 671 741 743 inquibus
763 690 828 730 reos
850 670 1112 747 deprehenderunt.
1155 671 1218 729 Iuro
1237 671 1295 746 ipsa

207 776 304 834 mortis
317 791 403 850 prena
414 773 551 848 irrogatur
564 787 780 845 nonnumquam
793 770 884 828 solius
893 771 1077 829 accusatricis
1087 770 1251 827 testimonio
1263 767 1294 824 de

136 894 140 899 ·
157 858 170 877 “
206 880 303 949 etupt'o
317 873 371 930 sibi
384 871 472 938 illato,
486 869 601 942 quaudo
614 868 722 927 scilicet
728 868 879 927 duodecim
888 869 1049 945 juratorum
1062 867 1215 926 hominurn
1224 865 1293 943 judi·

205 973 250 1030 cio
262 971 337 1029 nihil
349 971 470 1029 occurrit
482 988 541 1041 quo
553 969 726 1027 infirmetur:
747 986 784 1024 v:
807 987 843 1044 g:
865 967 890 1024 si
904 967 999 1044 puella
1017 967 1103 1025 bone:
1117 966 1258 1031 sitiam,
1270 978 1294 1023 et

41 1026 70 1057 ἐ
108 1088 112 1095 ·
206 1072 265 1129 vim
279 1071 334 1128 eibi
347 1070 451 1128 illatam
472 1068 557 1143 paulo
576 1076 641 1143 post
661 1066 786 1125 retulerit
806 1065 865 1124 tido
885 1067 989 1133 amico,
1008 1066 1056 1123 vel
1075 1066 1200 1142 parenti,
1214 1075 1243 1123 et
1253 1063 1294 1121 ad·

203 1172 304 1247 juncto
315 1169 372 1227 loci
385 1179 413 1225 et
432 1185 616 1244 personarum
638 1163 837 1242 respondeant,
851 1173 880 1222 et
896 1183 942 1222 ree
955 1166 987 1223 in
1002 1162 1151 1241 judicium
1173 1164 1249 1222 brevi
1261 1164 1296 1220 eit

208 1268 338 1335 deducta,
352 1278 381 1325 et
392 1268 417 1324 si
430 1284 495 1324 rens
514 1265 618 1342 sugerit
636 1282 672 1322 ne
692 1258 864 1340 caperetur}
902 1263 957 1322 Jue
976 1280 1135 1321 commune
1148 1264 1235 1320 nnius
1247 1271 1296 1319 tes·

207 1368 357 1425 timonium
384 1366 452 1422 satis
471 1364 564 1429 habet,
584 1382 620 1421 eo
632 1362 710 1434 quod
723 1362 846 1438 plurima
859 1363 915 1420 sint
934 1380 997 1435 que
1015 1362 1069 1420 uni
1090 1371 1202 1420 tantmu
1220 1363 1293 1420 inno

210 1456 348 1521 ιιιιοιιιιι.ς

250 1566 317 1619 118.
339 1561 442 1618 Testes
461 1558 565 1616 debent
583 1578 669 1617 sensu
689 1569 807 1618 externo
826 1559 855 1618 id
875 1559 952 1632 quod
970 1567 1110 1618 testantur
1128 1561 1296 1637 percepisse,

208 1661 299 1721 oculis
320 1660 431 1719 scilicet
452 1657 569 1726 vidisse,
593 1659 706 1717 auribus
729 1658 851 1726 audisse,
865 1676 951 1716 mann
970 1668 1178 1726 contrectasse,
1193 1659 1236 1716 vel
1249 1658 1296 1714 alia

210 1771 285 1818 certa
298 1760 415 1825 ratione,
429 1758 468 1814 ita
479 1766 511 1814 ut
522 1775 582 1815 rem
596 1767 706 1834 gestam
718 1758 821 1815 referre
834 1758 953 1816 valeant.
998 1755 1122 1816 Oculoti
1143 1767 1241 1825 testes,
1254 1757 1297 1829 qni

212 1869 367 1936 praesentee
380 1867 469 1923 erant,
483 1864 580 1914 etrem
590 1855 730 1922 videmnt‚
745 1856 790 1914 vel
809 1874 896 1913 voces
914 1854 1076 1924 audierunt,
1090 1846 1215 1915 'auritis
1237 1874 1298 1932 pra:-

210 1958 346 2024 seruntur‚
370 1957 418 2029 qui
438 1973 501 2028 que
532 1955 566 2012 ab
589 1955 651 2012 aliis
672 1966 858 2032 perceperunt
876 1945 1015 2012 ιιιιιιιιιι.3
1063 1955 1173 2012 Testes
1194 1955 1298 2013 dotibus

210 2057 304 2113 ornari
317 2054 423 2112 debent
434 2072 497 2127 qnoe
506 2051 593 2111 fidem
602 2052 714 2122 saciant,
727 2053 834 2111 scilicet
843 2054 966 2110 veritatis
976 2062 1005 2110 et
1013 2055 1185 2130 integritatis
1199 2052 1295 2116 studio,

210 2163 238 2210 et
250 2155 324 2211 bona
343 2151 426 2210 sama.
468 2150 610 2210 Dicuntur
630 2163 723 2210 autem
741 2153 820 2209 omni
839 2152 1011 2230 exceptione
1032 2153 1170 2229 majores,
1191 2151 1297 2226 quando

212 2252 284 2312 nihil
298 2253 333 2311 iis
348 2252 434 2328 objici
446 2250 549 2320 valeat,
563 2269 615 2309 cur
627 2269 685 2310 noo
698 2251 756 2308 sint
767 2248 802 2308 ad
816 2250 975 2309 testandum
989 2250 1167 2328 excipiendi.

253 2355 321 2408 119.
342 2350 411 2407 Jure
423 2350 502 2408 civili
515 2369 532 2407 a
544 2349 661 2409 ferendo
675 2350 837 2408 testimonio
851 2350 1025 2426 repelluntur
1043 2352 1202 2426 mancipia,
1216 2367 1297 2422 quum

212 2450 249 2505 ob
261 2466 359 2505 eorum
373 2448 511 2508 humilem
525 2449 719 2507 conditionem
731 2461 899 2508 censeantur
911 2449 994 2508 facile
1007 2448 1044 2506 ad
1057 2449 1165 2507 falsum
1178 2450 1296 2506 testim-

212 2547 292 2602 nium
302 2543 450 2602 serendum
464 2545 631 2604 inducendi:
646 2547 772 2604 minores
783 2558 863 2604 etate
876 2549 975 2624 viginti
981 2549 1161 2607 annorumin
1174 2547 1298 2605 crimina·

212 2643 297 2710 libus,
312 2643 342 2699 in
356 2641 485 2700 civilibus
499 2651 592 2701 autem
606 2644 753 2719 impubes:
775 2646 884 2703 inimici
898 2647 1036 2723 portium:
1059 2646 1265 2724 consanguinei
1274 2654 1299 2701 ct

111 2758 114 2763 ·
211 2742 362 2801 domestici
389 2743 501 2810 actoris,
523 2745 652 2819 exceptis
673 2742 842 2816 quibusdam
862 2746 993 2802 casibus:
1015 2744 1155 2802 infames:
1177 2745 1296 2822 perjuri:

212 2843 282 2900 socii
296 2842 443 2900 criminis:
465 2859 588 2918 persona
600 2842 664 2900 vilis
678 2854 707 2900 et
719 2843 812 2916 inops,
827 2861 890 2916 que
904 2842 1014 2901 videtur
1025 2843 1109 2901 facilc
1123 2860 1298 2918 corrumpen-

212 2940 258 3007 da,
273 2958 330 2997 non
344 2952 437 2997 autem
445 2959 554 3016 pauper
562 2941 698 2999 honestus
710 2961 717 2996 ε
740 2939 821 2998 deliri
831 2950 859 2997 et
868 2941 1017 2999 semisatui.
1061 2942 1205 3000 Mulieres
1219 2942 1298 2999 etiam

208 3039 276 3113 jure
303 3039 441 3096 canonico
466 3039 641 3116 repelluntur
663 3041 694 3097 in
713 3040 807 3096 causis
834 3040 1036 3098 criminalibus.
1079 3041 1114 3098 ln
1137 3041 1299 3099 criminibus

214 3134 392 3208 quibusdam,
414 3156 449 3192 v:
471 3156 508 3212 g:
529 3138 657 3205 haeresis,
677 3138 752 3195 laesae
772 3139 938 3214 majestatie,
959 3138 1035 3196 salsa
1055 3149 1190 3206 monetae,
1205 3156 1301 3197 onmes

214 3233 249 3291 ad
263 3235 423 3294 testandum
436 3237 626 3313 excipiuntur,
641 3237 677 3294 ob
700 3236 863 3312 reipublicae
885 3237 1062 3314 periculum
1083 3237 1137 3295 sed
1159 3257 1219 3297 non
1240 3237 1301 3295 ideo

212 3351 278 3391 reus
291 3336 415 3409 punitur,
430 3336 485 3393 nisi
498 3353 535 3393 ex
548 3334 687 3413 adjunctis
700 3336 847 3394 roboretur
860 3346 888 3393 et
900 3335 1083 3395 confirmetur
1097 3338 1301 3396 testimonium.

248 3518 291 3581 (1)
311 3517 374 3567 Vide
386 3518 543 3581 Blachetone,
553 3520 569 3569 l.
581 3519 612 3568 iv.
623 3535 649 3569 n.
660 3520 718 3568 214.

246 3598 288 3661 (2)
308 3607 322 3630 ‘⁶
332 3601 387 3648 One
400 3603 498 3651 witness
512 3600 670 3669 (licredibls)
683 3605 704 3652 is
714 3603 838 3670 sufficient
845 3604 960 3654 evidence
970 3612 996 3654 to
1007 3620 1022 3654 ι
1030 3606 1089 3669 jury
1099 3606 1128 3654 oi
1133 3621 1149 3654 ι
1159 3605 1238 3667 single
1249 3605 1303 3663 fret,

211 3681 304 3743 though
317 3681 483 3746 undoubtedly
496 3686 537 3734 the
548 3702 710 3737 concurrence
722 3690 751 3738 ot
758 3698 807 3739 two
818 3704 845 3738 or
857 3690 1091 3738 morecorroboratea
1099 3688 1140 3739 the
1152 3690 1228 3754 proot'.
1257 3688 1304 3738 Yet

212 3783 257 3818 our
269 3769 316 3818 lew
327 3766 450 3817 considere
461 3766 514 3816 thet
531 3766 597 3817 there
609 3785 649 3818 arc
661 3786 735 3833 many
747 3773 908 3823 transactione
919 3780 944 3822 to
956 3772 1038 3822 which
1048 3773 1107 3837 only
1119 3789 1167 3824 one
1186 3789 1272 3838 person
1284 3771 1304 3820 ie

210 3853 297 3919 privy:
314 3853 361 3903 end
375 3852 491 3902 therefore
508 3852 565 3902 does
583 3861 627 3903 not
642 3851 739 3921 always
750 3855 855 3906 demand
867 3858 908 3906 the
925 3856 1055 3920 testimony
1067 3856 1095 3906 oi
1109 3856 1183 3907 twe''
1219 3856 1306 3908 Black·

211 3945 290 3998 etone,
303 3939 318 3987 1.
326 3937 358 3989 iii.
370 3954 395 3987 n.
408 3937 464 3987 ³70.

249 4023 292 4086 (3)
312 4027 326 4054 “
336 4021 365 4071 ln
376 4036 444 4071 some
455 4037 523 4071 cerm
535 4023 575 4087 (us
586 4022 612 4072 in
624 4023 695 4088 proci
709 4024 738 4073 oi
750 4039 799 4087 any
810 4025 907 4086 general
919 4032 1035 4082 coeterna,
1047 4040 1074 4074 or
1092 4032 1192 4075 mettere
1203 4025 1232 4075 of
1239 4041 1305 4075 eom·

213 4119 272 4154 mon
284 4105 396 4155 tradition
407 4121 434 4154 or
445 4109 549 4170 repnte)
561 4106 602 4155 the
613 4115 695 4158 conrte
705 4107 781 4156 admit
789 4108 817 4156 oi
829 4105 935 4173 laearauy
947 4107 1069 4167 evidence,
1079 4125 1106 4158 cr
1124 4125 1156 4159 an
1167 4118 1274 4160 amount
1282 4109 1310 4159 cl

214 4186 281 4236 what
290 4203 390 4252 perrone
400 4187 516 4239 deceased
524 4189 586 4239 heve
598 4190 707 4242 declnted
716 4189 740 4240 in
751 4189 813 4241 their
823 4189 942 4250 liietinru,
953 4192 998 4242 but
1008 4192 1070 4242 such
1081 4193 1198 4244 evidence
1205 4193 1256 4245 will
1263 4202 1307 4244 not

212 4269 241 4318 be
253 4271 359 4322 received
372 4273 400 4323 oi
407 4288 456 4339 any
470 4273 597 4339 perticuler
608 4274 692 4325 facts.”
727 4273 883 4336 Bleeketone,
894 4276 910 4325 1.
922 4275 954 4324 iit
966 4291 991 4325 n.
1002 4274 1060 4326 368.
