2744 4980
590 1094 807 1156 nsannnrx
823 1054 852 1155 r.

482 1328 564 1370 JURlS
584 1329 809 1372 nocuusmutcl
830 1329 955 1370 FONTBS.

215 1513 242 1569 1.
262 1509 318 1568 Jns
337 1523 514 1568 canonicus
535 1509 614 1584 quod
636 1509 872 1577 ecclesiasticum,
893 1524 1016 1576 saonam,
1039 1516 1068 1566 et
1091 1505 1280 1584 pontificium

173 1609 259 1668 etiam
273 1617 397 1674 vocatur,
412 1602 482 1665 illud
494 1620 538 1667 est
550 1608 627 1683 quod
641 1609 675 1667 ab
689 1608 830 1667 Ecclesia
850 1607 1019 1685 praesulibus
1039 1604 1147 1684 prodiit
1160 1606 1190 1664 iu
1204 1602 1278 1664 fide-

173 1708 245 1767 lium
258 1708 397 1784 regimen.
439 1705 561 1766 Constat
573 1709 716 1784 praecipue
729 1707 897 1786 pontificum
910 1725 1087 1766 summorum
1096 1703 1277 1764 etconcilio·

175 1825 239 1867 rum
252 1806 372 1865 decretis
386 1824 450 1879 qua
464 1825 587 1866 canones
596 1816 741 1866 vocantur.
783 1806 818 1866 ln
827 1807 901 1885 juris
912 1806 1042 1865 canonici
1054 1821 1161 1882 corpus
1174 1804 1275 1862 relatae

174 1916 240 1966 sunt
253 1907 337 1966 etiam
353 1903 457 1964 diviua
471 1905 627 1984 Scriptura
647 1906 805 1974 sententia,
823 1924 897 1980 qne,
912 1923 1001 1979 quum
1014 1921 1110 1981 persa
1127 1905 1187 1962 sint
1199 1900 1272 1961 fidei

174 2023 343 2078 morumque
357 2004 472 2080 regule,
487 2005 595 2065 nullam
608 2006 642 2064 ab
656 2006 798 2066 Ecclesiae
812 2005 980 2083 presulibus
994 2012 1157 2063 mutuantur
1169 2012 1274 2062 aucto·

174 2105 294 2171 ritamm,
303 2102 355 2161 sed
367 2104 402 2161 ab
415 2104 451 2162 iis
465 2114 661 2183 proponuntur
670 2113 701 2165 et
709 2105 932 2184 promulgantur.
974 2103 1072 2162 Etiam
1081 2120 1119 2162 ex
1130 2102 1272 2180 operibus

174 2212 287 2280 patrum
300 2203 381 2280 plura
394 2202 544 2281 desumpta
562 2213 629 2263 sunt
650 2205 821 2271 testimonia,
842 2214 872 2262 et
890 2204 920 2262 in
940 2221 1046 2280 corpus
1064 2203 1140 2280 juris
1153 2205 1274 2268 inserta,

175 2321 237 2376 que
251 2302 347 2378 legum
361 2303 419 2361 vim
438 2303 576 2371 obtinent,
591 2311 699 2362 tannim
719 2302 923 2362 consuetudine
944 2320 977 2360 ea
997 2302 1137 2370 firmante,
1152 2301 1200 2359 vel
1214 2301 1274 2359 Ec·

174 2400 268 2458 clasiae
276 2400 427 2460 accedente
437 2403 593 2464 sanctione.
626 2402 722 2479 Leges
732 2411 826 2460 autem
836 2401 944 2469 civiles,
952 2401 978 2458 si
986 2399 1155 2475 quaudoque
1168 2401 1275 2478 injure

174 2499 311 2557 canonico
324 2498 519 2569 adhibeantur,
534 2510 621 2559 totam
634 2519 716 2559 suam
730 2502 799 2568 vim,
814 2500 908 2573 quoad
921 2499 1062 2559 Ecclesiae
1076 2519 1122 2559 res
1136 2500 1181 2558 vel
1191 2496 1273 2577 judi·

174 2599 228 2664 cia,
242 2599 276 2655 ab
289 2598 352 2675 ipsa
365 2600 505 2658 Ecclesia
520 2600 681 2657 auctoritate
694 2600 830 2658 obtinent.

213 2702 244 2755 2.
266 2698 483 2771 Antiquissima,
497 2717 560 2772 quae
574 2699 656 2757 nobis
677 2698 839 2766 innotescit,
856 2715 1007 2758 canonum
1027 2696 1156 2755 collectio
1170 2693 1272 2775 Apos-

175 2795 307 2857 tolorum
320 2797 403 2866 dicta,
416 2818 473 2856 nna
485 2817 552 2857 cum
563 2798 643 2856 libris
656 2808 720 2857 octo
734 2796 981 2878 Apostolicorum
997 2795 1272 2862 dormitationem,

175 2898 258 2955 tertio
272 2898 317 2956 vel
330 2908 429 2969 quarto
443 2898 584 2956 Ecclesia
597 2898 702 2956 saeculo
715 2909 846 2956 censetur
865 2896 1014 2974 prodiisse,
1029 2914 1065 2954 ex
1080 2894 1273 2955 Orientalium

175 2994 361 3070 Synodomm
384 2995 504 3053 decretis
527 2997 671 3073 praecipue
695 2997 826 3065 conflata,
846 2999 929 3074 juxta
950 2994 1130 3072 disciplinam
1154 2994 1274 3068 quaein

175 3092 292 3151 Oriente
306 3112 357 3170 per
366 3094 416 3151 tria
425 3095 519 3170 priora
532 3095 787 3172 saeculavigueratr
811 3095 957 3154 nonnullis
968 3105 1062 3154 tamen
1071 3093 1212 3152 erroribus
1222 3091 1273 3148 ad·

174 3192 283 3252 mixtis.
324 3193 420 3251 Altera
433 3211 574 3252 canonum
594 3194 724 3253 collectio
738 3205 838 3273 postea
851 3193 926 3252 edita
938 3207 992 3263 est,
1007 3195 1154 3260 Nicauos,
1169 3194 1273 3267 Ancy-

174 3311 268 3359 ranos,
296 3293 548 3352 Neocaesarienses
575 3303 660 3367 atque
692 3295 875 3372 Gangrenses
911 3294 1106 3370 complectens
1130 3309 1273 3359 muones,

174 3392 277 3466 quibus
289 3394 336 3452 alii
344 3392 479 3469 deinceps
487 3392 591 3471 adjecti
600 3404 674 3453 sunt.
716 3393 877 3452 Justiniano
885 3393 1000 3471 imperii
1008 3392 1130 3450 habenas
1142 3399 1272 3459 tenente,

174 3491 301 3551 loannes
322 3493 527 3560 Scholastiens,
549 3510 586 3551 ex
608 3492 707 3551 schola
729 3492 838 3551 scilicet
860 3511 910 3550 seu
937 3491 1034 3551 ordine
1055 3490 1273 3557 advocatorum,

175 3589 309 3669 deinceps
337 3591 500 3649 Patriarcha
531 3589 873 3668 Constantinopolitanus,
911 3610 1015 3650 novam
1043 3591 1276 3667 amplioremque

176 3690 369 3752 collectionem
390 3709 533 3748 canonum
556 3687 592 3746 ad
612 3688 850 3750 Chalcedonense
865 3710 956 3762 usquc
980 3690 1144 3757 concilium,
1168 3688 1276 3748 additis

176 3794 261 3850 etiam
283 3796 320 3850 68
339 3789 493 3849 canonibus
515 3807 553 3846 ex
572 3789 702 3865 epistolis
723 3789 755 3846 S.
771 3787 881 3859 Basilii,
897 3789 1051 3849 adornavit.
1094 3790 1166 3848 Post
1185 3788 1276 3847 Trul-

177 3893 270 3950 lanam
285 3889 435 3969 Synodum
450 3898 531 3948 aucta
543 3898 588 3947 est
600 3887 648 3947 illa
662 3889 830 3947 Graecorum
845 3890 985 3956 collectio,
1000 3900 1030 3947 et
1048 3889 1156 3967 pluries
1171 3899 1277 3964 postea

177 3994 206 4049 in
220 3991 312 4050 lucem
326 3992 440 4057 emissa,
455 3990 540 4047 variis
554 3987 799 4047 emendationibus
817 3987 967 4055 adhibitis3
989 4008 1046 4060 qua
1056 3991 1085 4047 in
1095 4007 1126 4046 re
1136 3986 1275 4055 Photius‚

177 4089 339 4148 schismatis
364 4099 470 4158 auctor,
490 4089 641 4166 plurimam
662 4089 758 4165 posuit
777 4105 902 4164 operam.
946 4087 1031 4165 Apud
1055 4088 1175 4146 Latinos
1196 4088 1275 4146 nulli

178 4190 266 4264 agniti
287 4199 354 4246 sunt
376 4190 560 4247 conciliorum
582 4206 706 4247 canones
726 4196 790 4245 ante
811 4187 968 4254 Nicaenos3
991 4187 1157 4246 Graecorum
1177 4196 1278 4246 tamen

179 4286 271 4347 codex
286 4288 387 4346 Latine
401 4288 510 4365 privato
529 4286 624 4347 studio
643 4287 768 4347 redditus
784 4296 841 4369 yt-
881 4286 999 4365 Duplex
1012 4297 1186 4348 memoratur
1207 4297 1277 4346 ante

919 4596 984 4739 ἐ,
1055 4640 1059 4647 ,
