2744 4980
189 384 246 441 112
474 391 530 450 DE
552 384 716 454 QUINTO
736 382 989 445 PRAECEPTO.

186 563 303 613 matrem
317 555 527 624 sublevandam,
542 555 671 629 quamvis
685 556 799 628 aliquod
813 552 970 631 periculum
984 549 1069 607 sitne
1084 547 1168 607 soetus
1182 550 1280 626 ejicia·

187 662 248 712 tur:
270 655 325 711 hoc
351 655 459 713 scilicet
480 666 581 732 praeter
606 655 755 712 consilium
783 664 811 711 et
835 655 1009 712 voluntatem
1036 648 1181 725 contingit,
1209 649 1280 707 dum

187 763 275 811 mater
284 754 348 828 jure
361 754 449 812 utitur
461 774 513 812 suo
527 753 563 811 ad
575 753 795 829 recuperandam
816 750 1014 810 valetudinem.
1056 747 1106 803 Sic
1125 748 1279 824 benignam

186 853 394 930 purgationem,
408 853 455 911 vel
468 852 608 911 modicam
621 871 700 908 venae
714 853 868 909 sectionem
877 849 1044 907 balneumve
1055 845 1186 903 adhibere
1199 847 1279 903 licet.

188 951 221 1009 si
235 953 318 1009 scetus
332 953 369 1009 sit
382 953 530 1017 animatust,
546 951 653 1006 cautius
674 950 883 1026 procedendum
904 957 957 1014 est,
972 964 1008 1002 ne
1029 946 1124 1001 anima
1143 946 1276 1002 intereat:

188 1061 320 1107 ceterum
333 1050 501 1126 periclitanti
514 1050 597 1106 matri
609 1049 676 1105 licet
688 1048 812 1105 remedia
822 1049 945 1123 piabere
957 1063 1019 1115 quae
1031 1042 1066 1099 ad
1076 1045 1138 1119 ejus
1146 1044 1278 1101 levamen

190 1147 317 1214 tendunt,
333 1157 352 1183 ‘⁶
364 1148 478 1220 quando
492 1149 572 1204 aliter
585 1146 660 1203 cerui
674 1147 816 1204 moraliter
831 1145 975 1222 judicatur
997 1153 1086 1199 mater
1107 1161 1172 1199 cum
1196 1143 1282 1219 prole

190 1240 370 1303 11111111111.”1
412 1247 514 1305 Utrum
529 1246 556 1303 id
569 1247 661 1312 liceat,
676 1265 727 1322 spe
741 1245 894 1321 affulgente
908 1243 1017 1319 prolem
1029 1241 1165 1317 baptizari
1179 1259 1280 1317 posse,

190 1355 278 1401 matre
288 1345 455 1413 intereunte,
470 1355 599 1417 quaerunt
611 1345 746 1421 theologi,
760 1363 880 1415 quorum
894 1342 1022 1418 plerique
1041 1350 1155 1415 negant,
1171 1348 1191 1375 “
1203 1339 1281 1395 salus

128 1461 131 1464 ⁴
190 1442 266 1500 enim
279 1443 625 1501 utemailliuscvidentcr
645 1443 853 1519 praevaletvitoe
875 1439 1023 1516 temporali
1038 1431 1182 1495 matris.'’²
1222 1437 1282 1494 Sed

188 1557 286 1597 revera
304 1543 352 1598 vix
367 1562 491 1614 unquam
505 1561 572 1617 spes
586 1542 634 1598 illa
650 1541 803 1616 probabilis
824 1541 913 1607 adest,
936 1540 994 1596 sere
1008 1547 1115 1595 certum
1129 1536 1206 1592 enim
1221 1536 1280 1612 ple·

190 1655 309 1712 rumque
329 1652 373 1696 est
394 1640 503 1708 soetum,
524 1641 660 1698 moriente
675 1650 772 1707 matre,
786 1639 871 1695 simul
891 1629 1030 1695 interire³
1069 1635 1103 1692 ld
1117 1646 1212 1692 tamen
1227 1653 1280 1710 pro

191 1754 221 1793 re
234 1738 381 1812 explorata
393 1738 488 1795 haberi
501 1738 593 1805 debet,
604 1756 760 1809 numquam
772 1738 857 1794 licere
866 1737 1051 1813 pharmacum
1064 1734 1140 1801 dare,
1155 1733 1233 1805 quod
1247 1734 1282 1791 ad

190 1834 318 1892 abortum
332 1836 476 1911 dirigatur,
491 1856 526 1894 v:
549 1857 583 1912 g:
604 1846 636 1893 ut
657 1837 858 1912 comprimatur
877 1846 961 1910 caput
983 1835 1012 1891 in
1025 1842 1115 1899 utero,
1136 1832 1172 1888 ad
1185 1850 1281 1908 egres·

190 1950 255 1990 sum
269 1934 423 1992 faciliorem
435 1955 442 1991 :
464 1954 517 1992 nec
529 1936 615 1993 licere
629 1935 822 1993 instrumentis
836 1934 935 1992 soetum
947 1933 1045 1989 vivum
1058 1930 1239 1997 exscindere,
1252 1941 1284 1987 ut

191 2049 243 2110 per
255 2044 350 2108 partes
363 2033 538 2090 extrahatur:
560 2032 621 2090 haec
643 2034 720 2090 enim
741 2043 786 2090 est
807 2032 933 2090 hominis
953 2031 1068 2097 occisio,
1092 2048 1155 2101 quse
1178 2048 1230 2105 per
1251 2047 1285 2085 se

189 2129 266 2187 mala
277 2130 462 2204 esh'ideoque
472 2150 508 2188 ne
522 2130 637 2204 quidem
652 2131 687 2188 ad
699 2133 787 2189 vitam
796 2133 892 2188 matris
902 2129 1070 2187 servandam
1081 2138 1175 2203 potest
1184 2129 1283 2185 licere.

192 2226 278 2293 Quod
291 2240 385 2286 autem
405 2240 521 2303 uterque
535 2233 653 2288 intereat
671 2231 728 2287 nisi
746 2231 829 2289 matri
849 2229 1039 2295 subveniatur,
1054 2244 1092 2285 ex
1111 2227 1285 2283 naturalibus

192 2328 285 2384 causis
298 2329 445 2404 contingit,
459 2329 536 2386 nulla
556 2329 676 2405 alicujus
698 2330 799 2405 culpa:
821 2347 910 2401 quum
932 2336 1061 2404 peccaret
1084 2343 1099 2381 e
1123 2334 1221 2383 contra
1235 2325 1285 2396 qui

191 2424 270 2482 alteri
300 2445 365 2483 cum
391 2427 505 2484 alterius
530 2429 693 2504 gravamine
720 2436 903 2485 succurreret.
951 2426 1063 2484 Locum
1088 2425 1173 2500 igitur
1198 2423 1286 2480 habet

192 2522 336 2581 Ambrosii
356 2526 514 2583 monitum:
538 2526 602 2581 “Si
625 2526 704 2583 aliter
723 2525 866 2583 subveniri
885 2543 944 2582 nou
965 2526 1064 2601 possit,
1077 2523 1133 2580 nisi
1155 2522 1225 2578 alter
1237 2521 1286 2577 111-

191 2618 281 2688 datur,
308 2623 485 2681 commodius
511 2632 556 2680 est
579 2633 709 2680 neutrum
731 2624 841 2700 juvare,
868 2641 955 2695 quam
981 2622 1097 2679 altemm
1123 2615 1285 2696 gravari.‘’⁴

191 2718 282 2776 Aliter
294 2719 410 2792 quidem
429 2721 557 2779 sehabet
575 2723 775 2797 plerorumque
796 2721 972 2779 medicorum
991 2739 1093 2778 sensus
1114 2731 1142 2776 et
1162 2736 1284 2776 consue·

192 2815 270 2885 tudo,
286 2821 334 2889 qui
347 2829 446 2894 putant
467 2821 548 2878 matri
561 2822 678 2878 omnino
697 2819 933 2886 subveniendum,
948 2820 1136 2884 Tertulliano,
1150 2817 1193 2873 uti
1206 2815 1284 2873 vide-

192 2925 245 2982 tur,
260 2917 316 2973 illis
330 2917 518 2994 suffragante:
541 2929 560 2954 “
571 2920 606 2976 ln
619 2921 683 2995 ipso
697 2919 788 2977 adhuc
807 2929 887 2976 utero
901 2917 993 2975 infans
1007 2917 1169 2983 trucidatur,
1186 2932 1284 2972 neces·

190 3016 265 3071 saria
278 3016 450 3083 cmdelitate,
465 3036 552 3088 quum
561 3019 590 3075 in
601 3019 679 3074 exitu
689 3017 850 3090 obliquatus
860 3015 981 3091 denegnt
990 3026 1110 3090 partum,
1122 3012 1281 3079 matricida,

190 3113 222 3173 11
234 3108 434 3172 moriturus.”⁵
474 3116 508 3171 Si
521 3124 630 3173 constet
642 3116 739 3172 soetum
753 3118 826 3174 intra
837 3125 948 3172 uterum
958 3115 1018 3190 jam
1032 3114 1189 3169 extinctum
1204 3129 1285 3177 esse,

192 3211 289 3282 utique
302 3212 369 3270 licet
381 3215 575 3271 instrumentis
589 3233 655 3272 eum
668 3232 720 3289 per
733 3224 825 3290 partes
839 3213 969 3270 educere.

235 3314 302 3369 120.
318 3312 421 3369 Utrum
429 3323 553 3369 teneatur
561 3323 649 3370 mater
657 3313 824 3371 incisionem
835 3314 893 3388 pati
902 3328 987 3383 quam
997 3310 1094 3367 dicunt
1104 3307 1285 3373 0111111111,

192 3409 305 3479 quando
319 3411 395 3466 nulla
408 3421 452 3468 est
465 3430 531 3486 spes
546 3410 643 3469 suetum
657 3413 753 3468 vivum
767 3413 813 3468 via
826 3417 959 3467 consueta
973 3406 1120 3474 educendi,
1138 3407 1283 3478 quaeritur.

192 3504 232 3561 lis
246 3509 416 3564 assentimur
428 3510 478 3580 qui
491 3518 595 3583 negant
613 3528 677 3566 eam
697 3501 812 3574 1111111,ὁ
825 3527 913 3580 quum
933 3505 1085 3563 durissima
1098 3504 1135 3560 111
1156 3514 1185 3560 11
1208 3504 1283 3579 peri·

192 3602 248 3659 culi
262 3603 363 3677 plena;
385 3606 514 3675 quamvis
528 3607 624 3677 utique
638 3624 804 3663 censeamus
824 3605 851 3661 ei
870 3605 956 3662 licere
976 3623 1029 3661 suo
1048 3603 1176 3678 periculo
1195 3602 1281 3659 soetus

191 3699 274 3758 saluti
286 3701 445 3769 1111111111,
466 3705 622 3777 prasertim
642 3722 729 3774 quum
749 3701 873 3778 chirurgi
893 3702 978 3778 periti
996 3720 1084 3778 opera
1103 3720 1147 3758 res
1170 3701 1283 3758 felicem

227 3893 270 3957 (1)
290 3889 325 3939 lte
338 3889 364 3938 S.
376 3888 519 3953 Alphonsus
530 3896 585 3954 post
596 3888 696 3946 11111111,
705 3888 721 3936 1.
733 3887 767 3936 iii.
779 3903 803 3936 n.
817 3887 874 3937 391.

226 3981 266 4044 (2)
285 3977 345 4026 Νο1.
356 3976 422 4025 Edit
431 3976 461 4025 ad
478 3975 570 4040 Msycl.
583 3973 675 4038 Erpos.
687 3987 709 4022 1.
717 3987 786 4038 prae.
798 3969 995 4034 1111111619,
1012 3971 1039 4021 in
1052 3968 1139 4022 Cursu
1149 3967 1282 4036 Completo

189 4061 339 4125 111111ςὶ1,
350 4063 406 4114 Vol
417 4064 467 4113 xiv.

226 4146 269 4208 (3)
288 4143 315 4191 S.
326 4144 476 4208 Alphonsus,
488 4147 503 4196 l.
515 4145 650 4196 11111394.
787 4144 825 4209 (1)
843 4145 873 4195 L.
883 4145 917 4195 iii.
928 4146 958 4196 dc
970 4145 1063 4204 officiis,
1075 4161 1096 4194 c.
1109 4147 1132 4193 9.

225 4231 264 4295 (5)
283 4228 313 4278 L.
325 4229 355 4278 de
364 4231 453 4288 enimc,
464 4248 485 4281 1.
497 4246 554 4280 xxv.
789 4233 830 4298 (6)
850 4229 934 4296 Mayol
944 4231 1036 4297 Erpos.
1049 4246 1071 4277 1.
1083 4242 1154 4294 prtec
1166 4229 1211 4279 col.
1224 4224 1285 4276 613.
