2766 4996
561 1110 703 1172 CAPUT
726 1113 811 1172 XIII.

493 1306 541 1365 Da
555 1327 651 1368 rusve
665 1329 861 1370 curtorum.

403 1546 456 1620 §L
479 1546 526 1604 Da
547 1565 681 1606 unumne
699 1565 958 1607 concucurrerunt.

332 1729 392 1781 Non
405 1733 567 1798 concupisces
579 1748 682 1783 uxorem
693 1734 800 1799 proximi
811 1736 855 1784 tui.
885 1732 959 1784 Dsut.
972 1749 993 1781 v.
1005 1733 1046 1782 21.

178 1911 248 1964 202.
269 1905 462 1966 Drsrnanruu
476 1909 605 1966 adulterii
625 1908 680 1967 hoc
700 1918 807 1965 vetatur
826 1918 977 1985 precepto.
1020 1904 1165 1981 Equidem
1179 1905 1229 1965 du·

140 2004 223 2060 bitari
237 2005 415 2078 nequitDeo‚
425 2009 472 2066 cui
483 2018 559 2084 patet
572 2027 630 2074 cor,
640 2006 812 2066 desiderium
822 2026 941 2083 pravum
952 2007 1038 2065 instar
1048 2016 1126 2064 actus
1141 2007 1231 2083 ipsius

138 2102 254 2171 haberi3
282 2117 453 2182 quapropter
472 2106 606 2164 Christus
627 2105 770 2164 Dominus
790 2106 874 2174 dicit;
903 2105 1038 2163 “Omnis
1059 2107 1108 2177 qui
1132 2105 1234 2163 viderit

139 2202 288 2261 mulierem
303 2203 337 2260 ad
350 2204 608 2281 concupiscendam
628 2224 702 2272 eam,
718 2207 780 2281 jam
800 2205 957 2263 moechatus
972 2216 1015 2261 cst
1027 2223 1090 2261 eam
1104 2205 1133 2261 in
1147 2203 1233 2260 corde

139 2297 240 2357 su0.''¹
281 2301 349 2377 Ipsa
362 2303 455 2362 cordis
470 2305 598 2380 voluptas
612 2303 646 2360 de
661 2304 797 2361 adulterio
818 2304 948 2379 cogitato,
963 2304 1069 2374 absque
1083 2301 1141 2358 ullo
1155 2300 1232 2358 adid

138 2398 308 2474 patrandum
323 2411 434 2470 conatu,
449 2403 495 2460 vel
515 2403 671 2479 proposito,
692 2421 777 2480 grave
797 2412 840 2460 est
859 2411 1018 2478 peccatum,
1033 2420 1121 2473 quum
1141 2399 1232 2457 delec-

138 2498 205 2554 tatio
218 2517 255 2555 ex
269 2518 299 2556 re
312 2518 408 2576 prava,
423 2520 509 2573 quam
524 2520 606 2559 mens
619 2513 788 2578 presentem
802 2500 898 2569 efficit,
910 2503 1023 2560 oriatur.
1066 2500 1160 2558 Multo
1173 2518 1232 2556 ma·

137 2596 181 2671 gis
196 2597 379 2672 prohibentur
391 2600 512 2659 consilia
531 2611 560 2658 ct
579 2611 696 2659 conatus
717 2620 817 2659 omnes
837 2586 1021 2668 adulterandi,
1042 2610 1070 2657 et
1090 2616 1233 2672 quacum·

138 2713 192 2764 quc
205 2695 374 2755 adhibentur
386 2698 516 2757 subsidia
529 2698 564 2755 ad
578 2699 607 2756 id
621 2701 843 2772 assequendum.
877 2698 954 2766 Quid
968 2709 1062 2756 autem
1077 2695 1231 2754 dicendum

137 2791 173 2850 de
186 2812 220 2851 eo
235 2796 283 2866 qui
297 2807 414 2873 cuperet
427 2797 543 2870 quidem
556 2798 675 2857 muliere
695 2798 787 2856 aliena
806 2797 871 2863 frui,
892 2798 917 2855 si
937 2797 1071 2872 conjugio
1084 2813 1143 2851 non
1156 2802 1233 2848 esset

136 2891 231 2967 ligata,
241 2893 287 2949 vel
294 2896 319 2953 si
328 2897 461 2954 maritum
473 2897 622 2971 contigerit
630 2897 722 2954 morii
743 2894 888 2968 Equidem
898 2893 1023 2952 conditio
1034 2892 1164 2968 apposita
1173 2909 1232 2949 non

139 2988 213 3046 tollit
224 2994 326 3050 mentis
341 2994 451 3062 vitium,
467 2997 579 3066 quoties
592 3013 638 3052 res
652 2997 715 3070 ipsa
728 3012 854 3072 presens
868 2992 1033 3059 exhibetur;
1054 3011 1141 3068 prava
1154 2991 1230 3047 cuim

139 3086 206 3146 inde
220 3072 344 3149 nascitur
357 3093 508 3170 voluptas:
530 3093 645 3166 quodsi
666 3095 864 3170 cogitationem
885 3093 919 3150 ab
938 3110 972 3148 ca
991 3093 1117 3169 conjugii
1131 3089 1232 3164 volup·

141 3195 194 3245 tate
208 3189 273 3260 quis
287 3191 434 3260 abstineat,
450 3192 498 3250 illa
517 3191 610 3250 cordis
630 3194 793 3269 proclivitas
814 3191 915 3248 efficax
931 3208 988 3247 non
1008 3191 1061 3247 erit
1079 3186 1230 3252 censenda,

138 3284 186 3341 scd
200 3299 305 3346 natura
319 3289 420 3348 vitiatae
434 3293 568 3368 impetus,
583 3310 668 3363 quem
690 3292 746 3349 Dci
760 3291 848 3366 gratia
861 3297 981 3346 coercet.

175 3388 246 3442 20³.
265 3385 297 3444 Id
313 3386 394 3446 Deus
406 3391 459 3448 sibi
473 3391 658 3465 proposuisse
668 3389 717 3447 illo
726 3389 798 3463 legis
812 3395 954 3462 praecepto
966 3383 1085 3450 videtur,
1100 3392 1140 3448 ut,
1155 3380 1232 3439 adul-

141 3483 201 3539 terii
214 3483 355 3543 radicibus
369 3489 495 3554 sublatis,
510 3488 678 3546 consisteret
690 3486 877 3546 israelitarum
896 3486 969 3542 inter
981 3502 1012 3541 se
1026 3483 1156 3549 societas,
1171 3482 1232 3540 vin·

139 3580 204 3638 culo
217 3585 343 3661 conjugii
357 3597 537 3645 sacrosancto
549 3587 654 3644 habito.
690 3586 833 3643 Caetcrum
847 3601 1034 3657 quacumque
1047 3602 1134 3660 prava
1145 3581 1232 3639 libido

138 3680 221 3736 vetita
239 3681 422 3759 intelligenda
435 3698 488 3752 est,
502 3703 591 3757 quum
605 3687 731 3744 internus
745 3684 821 3743 haud
835 3686 929 3743 minus
950 3704 982 3741 ac
1002 3692 1136 3741 externus
1150 3691 1230 3739 actus

137 3780 277 3836 sanctitati
300 3781 403 3840 divinae
423 3793 577 3860 repugnet:
600 3797 771 3863 quapropter
790 3783 947 3860 Apostolus
967 3779 1231 3858 concupiscentiam

138 3880 294 3950 generatim
307 3880 370 3957 lege
383 3881 526 3957 prohiberi
546 3881 646 3941 docet:
670 3886 855 3943 “Peccatum
875 3901 935 3942 non
954 3880 1086 3955 cognovi,
1105 3877 1161 3933 nisi
1181 3892 1233 3950 per

141 3972 252 4050 legem:
268 3997 335 4036 nam
349 3982 607 4057 concupiscentiam
622 3984 794 4047 nesciebam,
808 3981 865 4040 nisi
877 3981 925 4037 lex
938 3977 1061 4034 diceret:
1084 3974 1153 4031 Non
1166 3989 1232 4030 con·

139 4070 322 4148 cupisces.'’²
348 4077 427 4137 Hinc
447 4098 533 4138 omne
546 4078 718 4140 desiderium
733 4079 886 4156 voluptatis
908 4093 973 4133 curn
987 4072 1094 4132 semina
1107 4069 1231 4131 truendae

138 4180 216 4229 extra
229 4175 441 4236 matrimonium
454 4188 603 4255 peccatum
616 4187 670 4236 est.

309 4335 351 4399 (1)
365 4333 435 4386 Mati.
447 4351 469 4384 v.
480 4335 521 4386 28.
848 4335 891 4400 (2)
904 4333 976 4384 Rom.
987 4333 1029 4383 vii.
1041 4337 1065 4383 7.

1305 1914 1340 1977 *ii

1272 4374 1365 4706 t
