2766 4996
212 410 272 469 294
372 409 429 468 DE
451 406 650 466 Puccn'ro
671 405 863 465 MORTALI
883 404 942 465 ET
962 406 1155 467 VENIALI.

214 576 348 642 suminis,
362 594 398 632 ex
419 590 537 646 quarum
560 573 703 631 consortio
726 591 790 630 eam
811 573 885 630 solet
907 572 1046 650 experiri,
1069 573 1140 631 licet
1159 591 1224 631 eam
1244 573 1309 631 nolit

213 677 304 747 sequi.
347 673 379 730 Si
393 675 457 746 quis
470 672 581 729 omittat
600 690 757 747 repugnare
776 671 898 729 motibus
911 672 1029 739 illicitis,
1044 672 1118 744 quin
1130 690 1234 753 reapse
1247 691 1308 730 con·

213 774 324 838 sentiat,
338 772 467 830 nonnulli
487 789 552 829 eum
575 772 732 829 immunem
753 770 857 828 habent
879 779 1031 846 spectato
1050 771 1144 847 gravi,
1159 770 1309 829 dummodo

215 872 287 929 absit
299 889 457 929 consensus
471 870 640 946 periculum,
656 868 732 941 quod
746 880 841 927 tamen
855 869 903 926 vix
917 870 1005 928 abest.
1028 867 1308 928 “Considerandum

214 969 277 1027 est”
293 971 385 1044 inquit
399 970 431 1027 S.
447 969 587 1028 Thomas.
610 970 669 1026 “in
688 969 822 1026 omnibus
842 969 967 1043 peccatis
985 986 1050 1040 quie
1064 979 1135 1025 sunt
1157 968 1308 1027 secundum

215 1087 299 1126 suum
313 1089 403 1146 genus
416 1069 553 1135 mortalia,
569 1067 645 1141 quod
658 1086 715 1125 non
730 1079 796 1125 sunt
808 1066 937 1124 mortalis
954 1067 1011 1124 nisi
1024 1065 1141 1139 quando
1156 1086 1241 1125 mmm
1254 1085 1309 1144 per·

216 1168 366 1226 sectionem
389 1178 609 1240 consequuntur.
652 1164 708 1223 Est
726 1167 803 1223 enim
822 1166 1031 1223 consummatio
1050 1167 1165 1241 peccati
1192 1168 1224 1224 in
1249 1184 1309 1224 cou-

216 1283 302 1323 sensu
316 1269 442 1326 rationis.
484 1264 642 1337 Loquimur
662 1265 738 1322 enim
758 1284 833 1322 nunc
853 1263 889 1320 de
908 1274 1025 1340 peceato
1039 1263 1182 1332 humano,
1198 1263 1310 1337 quodin

216 1374 278 1420 actu
302 1363 426 1422 humano
448 1364 586 1430 consistit,
610 1363 692 1437 cujus
713 1364 886 1439 principium
908 1373 953 1421 est
976 1363 1059 1420 ratio.
1114 1362 1204 1421 Unde
1230 1363 1255 1420 si
1278 1365 1310 1420 sit

216 1461 359 1519 inchoatio
373 1461 481 1537 pcccati
494 1462 523 1517 in
537 1461 599 1518 solu
611 1461 803 1527 sensualitate,
822 1472 851 1519 et
870 1478 928 1519 uon
941 1463 1083 1537 pertingat
1095 1480 1191 1534 usque
1204 1461 1239 1520 ad
1251 1479 1309 1519 cou-

215 1577 330 1617 sensum
345 1560 470 1625 rationis,
485 1570 600 1635 propter
612 1559 856 1636 imperfectionem
866 1569 954 1627 acum,
968 1570 1011 1616 est
1030 1570 1183 1637 peccatum
1197 1561 1308 1618 veniale.

216 1658 298 1717 Sicut
311 1661 339 1717 in
353 1677 457 1738 genere
471 1657 598 1716 adulterii
613 1659 916 1734 concupiscentiaque
930 1659 1060 1717 consistit
1073 1659 1104 1716 in
1123 1659 1188 1717 sols
1200 1678 1310 1717 sensua-

215 1759 292 1817 litate
306 1770 349 1816 est
362 1768 508 1835 peccatum
520 1759 630 1817 veniale
643 1778 650 1814 ε
666 1760 692 1816 si
706 1769 800 1816 tamen
809 1757 971 1833 pervenitur
983 1776 1075 1830 usque
1088 1757 1127 1815 ad
1139 1776 1307 1817 eonsensum

217 1859 343 1925 rationis,
358 1870 401 1915 est
414 1867 563 1935 peccatum
578 1853 742 1918 mortale.'’¹

256 1961 305 2013 30.
326 1955 381 2013 Ee
393 1974 500 2033 genere
511 1975 565 2015 suo
581 1956 700 2014 venialia
709 1955 840 2013 dicuntur
851 1965 969 2030 peccam
981 1974 1033 2031 per
1045 1974 1078 2013 se
1091 1957 1179 2025 levia,
1191 1975 1246 2017 ex:
1261 1974 1306 2032 gr:

216 2054 333 2111 verbum
344 2055 477 2121 otiosum,
492 2056 538 2113 vel
559 2054 737 2112 mendacium
746 2055 806 2132 joci
816 2072 902 2112 causa
910 2054 1060 2130 prolatum.
1102 2056 1177 2122 Qum
1188 2054 1310 2113 mortalia

216 2149 383 2229 plommque
397 2165 472 2220 suut,
486 2152 638 2226 aliquando
657 2166 723 2211 sunt
746 2153 876 2220 venialia,
890 2171 928 2211 ex
948 2151 1060 2211 delectu
1072 2152 1256 2213 advertentis
1269 2153 1309 2210 sel

217 2266 384 2311 consensus.
427 2252 570 2330 Ipsaque
584 2253 749 2328 parvitatem
763 2253 887 2311 materis>
900 2270 958 2309 non
971 2251 1131 2320 admittunt,
1146 2263 1245 2330 utpote
1263 2271 1310 2328 per

215 2367 247 2406 se
260 2353 440 2426 gravissima,
452 2351 605 2424 aliquando
620 2353 709 2410 veniae
724 2350 825 2409 idonea
841 2351 895 2409 hac
918 2351 1025 2409 ratione
1039 2362 1203 2410 censentur.
1245 2352 1309 2410 Per·

212 2447 321 2520 jurium
344 2449 496 2520 aliquando
519 2451 626 2521 absque
646 2450 768 2525 graviori
788 2451 871 2526 culpa
890 2449 1029 2526 contingit
1047 2449 1179 2525 proferri,
1200 2449 1309 2523 quando

216 2544 295 2601 testis
309 2545 380 2603 adeo
395 2547 428 2601 ab
449 2546 636 2622 interrogante
656 2548 814 2605 molestiam
835 2549 947 2622 patitur,
967 2558 998 2605 ut
1017 2567 1075 2606 non
1090 2550 1176 2625 plene
1190 2548 1311 2607 advertat

218 2641 398 2703 mendacium
411 2644 488 2716 quod
502 2644 641 2717 loquitur:
664 2655 683 2680 “
695 2645 820 2722 potest,‘’
835 2645 928 2719 inquit
941 2645 978 2705 D.
994 2646 1137 2716 Thomas,
1154 2659 1174 2684 ‘⁴
1185 2649 1262 2721 quod
1277 2666 1310 2705 ex

217 2761 321 2820 genere
335 2757 380 2803 est
392 2745 519 2811 mortale,
533 2763 596 2802 esse
618 2745 726 2802 veniale
749 2757 865 2821 propter
885 2746 1130 2822 imperfectionem
1144 2759 1235 2815 actrrs,
1250 2749 1312 2820 quia

217 2861 275 2901 non
285 2846 409 2921 perfecte
424 2845 557 2922 pertingit
569 2845 604 2903 ad
614 2846 752 2902 rationem
766 2855 843 2913 actus
857 2835 1024 2902 moralis.'’²
1064 2845 1115 2904 Sic
1126 2865 1191 2919 qum
1202 2849 1267 2918 quis
1276 2864 1310 2903 ex

216 2958 319 2999 somno
333 2944 381 2998 vix
395 2944 611 3019 expergefactus
625 2944 779 3010 admiserit,
794 2954 915 3020 possunt
931 2944 1052 3002 venialia
1064 2963 1129 3002 esse
1142 2945 1180 3003 ob
1194 2964 1311 3004 consen·

216 3056 281 3096 sum
302 3038 378 3096 haud
400 3040 532 3114 plenum:
556 3042 631 3114 quod
654 3044 811 3118 praesertim
829 3042 1004 3100 censendum
1023 3042 1171 3116 decoqui
1186 3047 1311 3102 animum

217 3137 323 3208 absque
337 3138 399 3195 labe
413 3156 525 3196 servare
539 3141 606 3216 vigil
620 3159 734 3216 semper
747 3140 849 3199 studet.
938 3144 943 3157 '

256 3241 305 3294 31.
329 3238 431 3303 “Quae
453 3237 510 3295 sint
528 3239 611 3307 levia,
629 3250 656 3296 ct
676 3258 738 3311 quae
759 3241 854 3317 gravia
873 3248 998 3316 peccata,
1019 3259 1077 3298 non
1099 3241 1241 3310 humano,
1262 3241 1310 3300 sed

217 3334 314 3395 divino
328 3336 473 3413 pensanda
487 3334 716 3414 suntjudicio.'’³
756 3339 799 3397 Ita
812 3341 920 3416 optime
936 3338 1124 3416 Augustinus.
1167 3341 1310 3414 Equidem

218 3434 299 3507 plura
311 3437 475 3494 hominibus
486 3437 561 3493 levia
573 3437 703 3494 videntur
716 3457 778 3509 quse
799 3438 879 3496 Deus
900 3436 985 3494 veluti
1006 3440 1175 3515 gravissima
1198 3442 1310 3499 notavit.

217 3529 280 3584 Prae
294 3535 384 3590 oculis
399 3535 483 3607 igitur
496 3535 631 3591 habendae
643 3547 708 3592 sunt
720 3536 824 3594 divine
836 3536 999 3610 Scriptura,
1010 3556 1101 3609 eaque
1114 3542 1241 3615 peccatis
1254 3559 1311 3615 gra·

216 3625 340 3684 rioribus
358 3630 535 3686 accensenda
548 3646 614 3689 sunt
628 3652 690 3703 quae
712 3636 803 3691 verbis
825 3634 1040 3694 districtioribus
1062 3647 1250 3697 vetunturr·-“
1263 3638 1310 3694 Vae

216 3722 323 3786 mundo
337 3746 353 3783 a
366 3724 522 3783 scandalis.
536 3768 543 3782 .
555 3769 562 3783 .
576 3747 635 3784 .vae
651 3729 761 3786 homini
776 3732 816 3790 illi
830 3752 979 3808 perquem
993 3735 1159 3793 scandalum
1172 3706 1252 3795 venit
1265 3778 1307 3794 ...

217 3829 266 3900 qui
284 3827 350 3885 talia
372 3837 459 3903 agunt
480 3823 558 3902 digni
583 3838 649 3883 sunt
662 3828 785 3883 morte.”
798 3870 822 3885 ..
836 3872 862 3888 ..
885 3843 904 3868 ‘⁶
913 3851 971 3890 non
984 3835 1138 3892 introibunt
1150 3836 1180 3893 in
1194 3854 1308 3912 regnum

217 3925 307 3985 Dei.'’
329 3926 468 3985 Ecclesia
483 3927 568 3984 etiam
583 3925 731 3983 decretaet
742 3927 832 4004 leges,
844 3932 945 4002 quibus
959 3933 1310 4010 vetanturplurimaveluti

217 4027 244 4082 in
253 4045 283 4083 se
295 4029 471 4102 gravissima,
483 4045 610 4085 normani
619 4027 744 4102 praebent
753 4046 808 4099 qua
819 4029 1000 4087 avonialibus
1011 4032 1138 4089 mortalia
1149 4032 1308 4092 discernan-

317 4229 359 4291 (l)
379 4232 402 4274 2.
414 4228 438 4277 2.
445 4245 486 4292 qu.
496 4244 572 4278 xxxv.
587 4239 630 4280 urt.
642 4231 666 4277 3.
811 4230 856 4296 (2)
877 4231 898 4279 1.
909 4231 933 4279 2.
945 4247 988 4295 qu.
1000 4232 1112 4282 lxxxviii.
1124 4242 1170 4285 art.
1181 4235 1214 4285 vi.

619 4313 661 4377 (3)
675 4313 803 4364 Euchirid.
814 4331 836 4365 c.
845 4317 914 4366 xviii.
