2744 4980
481 1198 814 1276 TRACTATUS
845 1205 889 1277 V.

400 1469 468 1533 DE
499 1471 643 1536 JURE
675 1472 957 1536 GENTIUM.

582 2012 725 2073 CAPUT
746 2014 770 2073 1.

448 2243 487 2283 DE
507 2243 590 2283 sultis
610 2245 748 2286 onnnmtt
768 2244 906 2284 omnine.

175 2408 201 2460 l.
223 2403 374 2462 llorrruuir
387 2404 504 2462 interce
527 2405 649 2463 societas
662 2423 699 2463 ex
719 2406 853 2464 instinctu
876 2403 999 2478 quodam
1020 2413 1136 2470 natura,
1157 2403 1223 2464 Deo

129 2503 232 2578 procul
245 2502 330 2560 dubio
350 2511 472 2572 auctore,
496 2504 566 2561 inita
587 2514 640 2561 est.
682 2504 731 2562 Ex
750 2503 853 2565 nedem
876 2505 929 2561 orti
952 2503 1114 2580 parentibus
1134 2521 1221 2561 unam

128 2600 267 2660 l'amiliam
287 2600 356 2659 olim
375 2603 601 2670 constituebant;
623 2614 652 2660 et
673 2604 722 2674 qui
744 2603 851 2661 diluvio
872 2613 952 2661 eraut
973 2602 1149 2678 superstites,
1171 2602 1222 2660 hu·

129 2702 208 2758 mani
221 2701 333 2776 generis
346 2701 412 2757 novi
426 2701 512 2759 veluti
526 2712 665 2769 auctores,
680 2712 807 2777 posteros
814 2687 956 2777 'sanguine
970 2699 1145 2757 coherentes
1159 2699 1222 2756 reli·

131 2809 267 2870 querunt;
283 2799 332 2872 qui
344 2810 436 2856 tamen
446 2819 565 2859 numero
573 2803 693 2868 aucti,et
702 2801 731 2856 in
739 2801 830 2857 varias
840 2801 971 2875 regiones
979 2798 1102 2874 dispersi
1111 2798 1220 2854 interse

129 2900 384 2975 conjungebantur,
399 2899 443 2956 vel
457 2921 472 2958 a
487 2918 517 2956 se
532 2900 655 2957 invicem
668 2898 872 2965 dividebantur,
887 2915 1042 2974 proteram
1056 2897 1221 2973 opportuni·

130 3006 185 3053 tate
199 3009 227 3054 et
240 2997 444 3055 vicissitudine.
487 2998 585 3056 Prima
605 3017 716 3056 morum
730 2999 869 3075 principia
884 2997 1017 3054 omnibus
1032 2995 1121 3054 veluti
1134 2996 1219 3053 insita

129 3097 255 3171 regulam
268 3097 420 3172 legemque
440 3097 541 3174 agendi
555 3098 657 3170 cuique
680 3097 855 3172 prebebant;
877 3094 928 3153 sed
941 3104 1123 3153 accesserunt
1136 3096 1220 3171 jussa

130 3194 260 3266 quedam
274 3214 373 3253 eorum
387 3196 488 3268 quibus
508 3215 620 3254 summa
638 3196 750 3272 imperii
769 3195 998 3261 concredebatur,
1020 3203 1051 3250 ut
1072 3191 1221 3250 multitudo

131 3295 160 3349 in
175 3293 269 3352 officio
280 3295 479 3353 contineretur.
502 3294 656 3353 Multitudo
670 3304 762 3352 autem
778 3314 840 3367 quae
858 3296 984 3352 inunum
998 3309 1101 3368 corpus
1112 3290 1222 3349 coalue-

130 3402 172 3449 rat
184 3411 254 3469 gens
268 3393 379 3460 dicitur,
390 3395 498 3452 scilicet
510 3412 573 3465 quae
583 3393 744 3452 communis
755 3393 902 3469 regiminis
910 3390 1024 3449 vinculo
1034 3390 1218 3457 connectitur,

129 3501 158 3547 et
167 3510 229 3563 quae
240 3494 275 3549 ab
285 3494 377 3550 alieno
386 3493 506 3569 imperio
514 3512 570 3553 nou
582 3492 695 3570 pendet.
726 3491 804 3550 luter
811 3500 910 3570 gentes
919 3489 1012 3547 fluviis
1021 3489 1222 3562 montibusque

129 3609 144 3644 a
157 3609 189 3646 se
203 3593 327 3650 invicem
341 3603 483 3668 separatas
497 3592 641 3650 fovebatur
654 3610 869 3664 nonnumquam
880 3589 1038 3648 officiorum
1053 3586 1219 3645 vicissitudo

129 3706 192 3759 quae
205 3690 307 3748 iisdem
322 3701 425 3749 naturae
438 3691 547 3768 legibus
567 3691 723 3768 regebatur,
739 3690 839 3750 additis
853 3708 916 3762 quae
938 3691 1001 3766 ipsa
1013 3688 1141 3764 gentium
1154 3704 1221 3743 con·

128 3785 198 3845 ditio
213 3790 380 3866 postulabat,
394 3799 425 3848 ut
437 3791 534 3849 omnia
546 3791 608 3848 sine
622 3790 740 3867 alicujus
754 3791 856 3865 injuria
869 3797 1042 3866 gererentur.
1083 3782 1154 3842 Inde
1169 3784 1219 3860 jus

127 3888 254 3962 gentium
268 3899 361 3947 ortum
375 3899 428 3957 est,
443 3888 520 3962 quod
533 3890 596 3965 ipsa
609 3899 714 3946 naturae
727 3887 790 3965 lege
804 3888 910 3954 nititur,
919 3895 1057 3958 quatenus
1067 3882 1217 3940 hominum

128 3985 302 4046 multitudini
316 3989 458 4047 convenit.

167 4090 196 4142 2.
217 4086 407 4147 Primseoum
420 4088 547 4164 gentium
557 4088 607 4163 jus
620 4104 654 4144 ea
663 4085 858 4162 complectitur
869 4083 962 4161 princi
984 4081 1020 4148 ia,
1031 4098 1106 4153 que,
1120 4089 1219 4140 natura

126 4186 191 4258 ipsa
203 4185 336 4255 dictante,
351 4187 484 4246 omuibus
498 4186 628 4262 gentibus
641 4193 710 4242 sunt
721 4184 893 4242 communia.
926 4099 1219 4259 &andnemjau
1249 4246 1252 4251 ,

128 4285 256 4359 gentium
283 4286 319 4345 iis
345 4295 464 4354 constat,
491 4303 554 4358 quoe
586 4283 732 4342 communi
751 4283 837 4342 veluti
863 4297 1005 4342 consensu
1032 4297 1069 4338 ex
1089 4281 1220 4353 equitate
1256 4320 1266 4373 1

647 4384 705 4442 21*
