2766 4996
143 417 201 470 328
440 411 496 470 DE
518 408 668 469 Pttlvts
687 409 941 472 nestnltttns

143 577 255 650 quoties
268 574 483 634 delectationem
506 577 615 650 quaerit,
636 595 701 635 eam
723 578 777 636 sibi
799 586 969 654 presentem
991 575 1080 633 veluti
1098 571 1224 631 sistendo.

143 677 233 734 Secns
253 673 405 732 dicendum
427 675 462 733 de
484 675 653 751 cogitatione
677 677 783 747 utaque
802 674 1002 739 delectatione,
1027 673 1075 729 vel
1097 671 1227 748 appetitus

142 773 270 833 sensitivi
284 775 486 840 commotione,
500 773 630 846 quamvis
644 773 804 848 perieulum
815 771 931 844 aliquod
944 771 1117 847 plerumque
1130 768 1206 825 adsit

186 875 251 928 116.
274 870 320 928 De
346 872 515 949 conjugibus
541 871 639 928 scribit
664 871 696 928 S.
721 870 905 946 Alphonsus:
927 869 1040 926 “Vere
1067 866 1230 943 probabilem

143 989 247 1028 censeo
260 971 428 1027 sententiam
452 970 655 1036 anembaum,
676 988 739 1041 quas
761 969 832 1028 dicit
851 968 961 1026 licitum
984 985 1053 1024 esse
1073 964 1230 1042 conjugibus

143 1069 275 1129 delectari
290 1071 374 1126 etiam
388 1069 535 1127 carnaliter
548 1068 583 1125 de
596 1068 698 1143 copula
707 1068 814 1135 habita,
828 1066 985 1133 relictura,
996 1084 1116 1142 semper
1125 1083 1158 1120 ac
1170 1063 1231 1118 absit

143 1169 302 1246 periculum
316 1168 489 1243 pollutionis.
532 1167 615 1226 Ratio
629 1177 681 1233 est,
696 1168 763 1238 quia
776 1165 873 1247 (prout
885 1165 984 1223 dieunt
997 1165 1233 1222 Salmanticenses

144 1267 172 1322 d.
188 1286 216 1323 n.
231 1272 270 1323 st
284 1266 427 1338 loquendo
440 1265 475 1322 de
490 1267 608 1323 tactibus
621 1263 788 1344 impudicis)
802 1267 864 1343 ipse
883 1273 974 1321 sums
988 1262 1164 1321 matrimonii
1179 1259 1231 1316 hac

145 1366 241 1421 omnia
255 1364 330 1419 licita
343 1363 453 1428 reddit;
474 1364 543 1420 alias
563 1374 650 1421 status
670 1364 883 1422 matrimonialis
897 1363 994 1419 nimiis
1007 1361 1154 1437 scrupulis
1167 1368 1232 1415 esset

146 1462 297 1518 obnoxius.
314 1501 321 1516 .
339 1503 345 1516 .
361 1461 450 1518 Favet
463 1461 501 1518 D.
517 1460 657 1519 Thomas.
673 1481 722 1534 qu.
737 1466 772 1519 15
786 1462 821 1520 de
836 1461 926 1527 Malo,
939 1472 993 1517 art.
1008 1460 1039 1517 ii.
1056 1459 1093 1516 ad
1110 1459 1177 1516 xvii.
1191 1457 1230 1513 nbi

145 1558 213 1617 dicit
238 1557 316 1632 quod
335 1560 516 1635 conjugibus,
537 1560 609 1617 sicut
628 1560 730 1636 copula
751 1571 795 1618 est
816 1562 901 1626 licita,
924 1560 963 1616 ita
984 1568 1013 1614 et
1032 1556 1184 1615 delectatio
1202 1553 1230 1609 de

149 1655 246 1716 illa.”¹

190 1763 255 1817 117.
277 1759 323 1816 De
336 1756 422 1816 modo
435 1757 570 1835 singulari
590 1775 647 1829 quo
667 1767 817 1834 peceatum
838 1755 954 1828 aliquod
967 1764 1113 1831 patratum
1125 1766 1177 1819 est,
1189 1752 1231 1808 ali·

149 1858 265 1930 quando
277 1858 435 1933 concipitur
454 1856 601 1914 delectatio
621 1875 684 1929 quta
704 1857 789 1932 culpa
807 1865 893 1922 caret,
914 1852 1030 1926 quando
1051 1854 1148 1930 ipsum
1158 1847 1230 1927 'opus

146 1957 280 2031 rejicitur.
323 1956 372 2013 Sic
386 1974 430 2011 ars
444 1955 582 2027 dolusque
590 1953 802 2014 admirationem
813 1951 983 2027 quandoque
993 1963 1164 2028 provocant,
1172 1949 1231 2006 dum

149 2055 259 2110 crimen
272 2053 452 2111 detestamur.

190 2156 257 2208 118.
279 2151 324 2208 De
337 2170 424 2226 opere
438 2150 513 2208 malo
533 2170 591 2210 nou
610 2152 677 2210 licet
695 2152 828 2211 delectari
850 2153 886 2209 ob
907 2151 1015 2208 bonum
1038 2149 1176 2207 effectum
1189 2146 1231 2218 qui

150 2250 217 2310 inde
231 2260 343 2308 secutus
363 2263 415 2306 est.
459 2249 521 2306 “Si
540 2269 613 2326 opus
633 2250 717 2308 suerit
735 2250 891 2310 formaliter
909 2248 1029 2314 malum,
1050 2266 1157 2324 nempe
1176 2246 1233 2317 quia

148 2366 214 2406 eum
229 2358 345 2424 peccato
357 2358 495 2424 patratum
515 2347 577 2415 fuit,
591 2361 692 2425 peceat
704 2350 752 2423 qui
765 2348 800 2406 de
814 2349 864 2408 isso
883 2346 1048 2412 delectatur,
1069 2345 1181 2404 etiamsi
1192 2342 1234 2399 de·

149 2445 267 2501 lectatur
280 2445 315 2500 ds
328 2462 414 2519 opere
435 2445 519 2510 malo,
535 2464 593 2503 non
606 2456 637 2503 ιιι
648 2456 777 2520 peccato,
790 2446 842 2504 sed
861 2455 892 2504 ut
904 2463 991 2502 causa
1004 2445 1127 2502 effectam
1140 2443 1231 2500 secuti.

150 2541 192 2597 lta
205 2542 323 2598 omnino
337 2539 520 2596 tenendum.”
537 2583 545 2598 .
562 2584 569 2598 .
586 2551 604 2576 “
615 2542 647 2598 Si
661 2562 729 2602 vero
742 2564 815 2621 opus
829 2545 934 2603 malum
956 2552 1102 2619 patratum
1116 2542 1168 2600 fuit
1180 2542 1234 2597 sine

150 2653 277 2716 peccato,
291 2639 416 2696 sentiunt
435 2638 553 2696 Lenius
567 2648 595 2696 et
608 2639 754 2712 vasquez,
770 2645 873 2715 quibus
893 2641 1017 2699 adhaeret
1037 2643 1235 2700 Busembaum.

148 2738 256 2797 licitum
270 2758 333 2797 esse
347 2737 382 2795 de
397 2736 445 2796 illo
458 2737 599 2804 delectari,
613 2757 671 2797 non
683 2758 734 2815 per
747 2760 789 2809 se,
803 2741 856 2799 sed
875 2752 907 2798 ut
925 2759 1011 2798 causa
1031 2741 1100 2799 boni
1115 2739 1235 2797 effectus.

152 2837 211 2895 Sed
225 2841 319 2897 verius
333 2837 484 2896 tenendum
504 2851 547 2894 cst
566 2839 763 2914 oppositum..
781 2883 788 2897 .
804 2841 899 2906 Ratio,
920 2841 987 2912 quia
1005 2837 1075 2897 licet
1093 2839 1168 2896 actio
1187 2856 1237 2896 non

151 2936 234 2992 luerit
246 2938 454 3010 peccaminosa,
470 2937 523 2993 luit
532 2947 625 2994 tamen
636 2938 774 3015 objectiva
787 2939 879 3004 mala;
901 2949 930 2995 et
941 2938 1007 3004 hoc,
1022 2950 1055 2996 ut
1065 2948 1141 2996 recte
1150 2948 1237 2995 notam

152 3032 401 3099 salmanticenses,
416 3052 444 3089 n.
461 3038 509 3100 59,
524 3034 692 3112 Roncaglia,
713 3048 741 3094 et
761 3036 862 3104 Croix,
884 3038 914 3095 in
931 3035 1051 3095 dubium
1064 3055 1124 3094 non
1138 3035 1239 3094 videtur

152 3132 274 3206 amplius
296 3131 485 3189 revocandum
507 3143 572 3209 post
592 3135 680 3211 Prop.
701 3153 749 3192 xv.
764 3136 923 3194 damnatam
943 3136 977 3191 ab
998 3136 1170 3194 Innocentio
1189 3132 1238 3191 XI.

150 3247 212 3302 quae
224 3230 351 3289 dicebat:
367 3240 386 3265 ‘¹
396 3231 520 3289 Licitum
531 3242 574 3289 est
583 3233 643 3290 filio
654 3233 775 3308 gaudere
784 3234 819 3294 de
830 3232 980 3310 parricidio
994 3254 1011 3291 a
1024 3253 1056 3290 sc
1067 3236 1098 3293 in
1106 3235 1236 3292 ebrietate

152 3342 311 3406 perpetrato
325 3341 441 3407 propter
453 3331 581 3405 ingentes
595 3332 707 3388 divitias
721 3333 786 3390 inde
799 3352 836 3390 ex
849 3331 1010 3390 haereditate
1024 3324 1240 3391 consecutas.''³

195 3431 260 3486 119.
283 3439 303 3464 “
315 3429 349 3487 ln
363 3447 542 3501 quocumque
562 3450 630 3488 casn
650 3441 744 3490 tamen
756 3432 832 3498 licet,
847 3450 898 3508 per
917 3448 948 3487 se
967 3430 1124 3504 loquendo,
1140 3433 1238 3503 cuique

151 3521 293 3590 delectari,
308 3543 365 3582 non
380 3526 415 3582 de
428 3545 505 3592 casu,
520 3528 572 3585 sed
584 3530 620 3587 de
634 3529 737 3588 effectu
751 3541 859 3598 secuto,
874 3547 978 3604 nempe
991 3529 1026 3587 de
1040 3531 1240 3589 exoneratione

150 3631 262 3675 causata
275 3640 291 3675 a
304 3620 469 3694 pollutione,
490 3627 574 3683 ctiam
595 3628 769 3696 voluntaria;
790 3630 835 3687 vel
848 3629 883 3686 de
903 3629 1108 3686 consecutione
1128 3627 1240 3686 heredi·

152 3717 215 3774 tatis
229 3718 265 3774 ob
278 3717 476 3784 homicidium,
490 3721 576 3780 modo
589 3742 674 3781 causa
683 3723 843 3785 detestetur.
885 3726 965 3793 Dixi,
975 3744 1067 3802 perse
1077 3726 1239 3800 loquendo:

153 3834 221 3877 nam
231 3816 398 3894 hujusmodi
409 3816 607 3879 delectationes
622 3820 774 3893 aliquando
787 3845 844 3884 non
859 3835 953 3884 carent
973 3825 1112 3900 periculo,
1127 3835 1159 3883 ut
1171 3834 1240 3882 recte

152 3914 250 3975 dicunt
262 3917 430 3994 Roncaglia,
446 3917 733 3978 summoconstant*

194 4018 260 4074 120.
282 4016 327 4076 De
341 4017 417 4076 malo
430 4019 553 4094 proximi
567 4021 736 4096 gavissimo
750 4039 806 4079 non
820 4021 887 4078 licet
899 4020 1022 4096 gaudere
1035 4022 1073 4079 ob
1093 4022 1241 4079 utilitatem

151 4113 233 4170 nobis
248 4116 313 4173 inde
327 4118 558 4192 provenientem:
580 4136 617 4175 v:
638 4138 675 4196 g:
697 4117 889 4177 haereditatem
908 4137 947 4176 ex
966 4121 1029 4194 ejus
1044 4129 1154 4178 morte:
1176 4117 1242 4176 ordo

188 4299 227 4362 (l)
241 4301 267 4346 8.
280 4300 355 4396 Alpflt
365 4302 382 4351 1.
392 4319 443 4354 nc.
454 4305 470 4353 i.
482 4320 507 4354 ιι.
518 4309 559 4355 25.
645 4309 687 4374 (3)
707 4307 741 4358 m
753 4307 809 4358 dub.
822 4307 847 4358 ii.
859 4315 903 4358 art
912 4308 937 4359 ii.
948 4324 974 4358 a.
986 4307 1028 4357 20.
1115 4308 1158 4373 (³)
1176 4303 1212 4356 lb
