2744 4980
191 404 247 461 res
503 396 560 454 oa
581 393 706 455 nnssa
726 391 958 454 tuoruum.

228 569 256 622 8.
277 563 370 622 Instar
389 562 474 619 unius
498 562 592 619 Missa
616 570 661 617 est
686 559 835 626 audienda,
862 577 915 616 nec
941 557 1106 614 “satisfacit
1130 563 1277 631 praeceptc

189 663 327 722 Ecclesiae
348 660 383 717 dc
404 659 545 731 audiendo
567 678 658 725 sacro,
673 660 723 730 qui
744 657 814 715 duas
837 659 900 734 ejus
921 666 1026 732 partes,
1048 658 1137 713 immo
1158 665 1280 726 quatuor

188 761 272 822 simul
287 781 303 818 a
316 759 435 817 diversis
448 759 656 818 celebrantibus
670 755 748 813 audit
757 756 788 825 ;'’
805 759 869 834 jure
883 757 959 814 enim
969 757 1125 827 meritoque
1140 753 1280 813 Innocen-

189 863 244 920 tius
257 860 312 918 Xl.
327 877 390 916 earn
404 860 626 935 propositionem
640 852 782 914 confixit¹
823 857 858 913 ln
870 855 957 914 dubio
967 858 1085 915 vertitur
1092 863 1187 912 utrum
1200 855 1281 910 satis·

147 1021 151 1028 ,
189 960 271 1019 saciat
279 957 405 1030 quiduas
415 956 654 1033 partesadnobus
664 955 855 1013 sacerdotibus
865 955 1026 1013 successive
1036 953 1129 1013 audit:
1153 971 1188 1010 v:
1209 971 1245 1028 g:
1265 972 1281 1008 a

190 1076 299 1116 canone
322 1073 412 1126 usque
433 1055 468 1112 ad
487 1056 584 1122 finem,
605 1064 633 1111 et
650 1053 787 1131 deinceps
813 1056 847 1113 ab
866 1056 946 1113 initio
965 1073 1057 1128 usque
1074 1052 1110 1111 ad
1127 1069 1278 1110 canonem.

191 1157 314 1216 Plurimi
332 1155 458 1230 insignes
468 1154 596 1212 doctores
606 1153 754 1221 affirmant,
770 1154 832 1212 aliis
846 1155 1021 1230 negantibus.
1063 1153 1095 1209 S.
1110 1151 1277 1228 Alphonsus

190 1255 226 1313 de
240 1255 357 1330 Ligorio
370 1264 468 1312 censet
481 1254 668 1312 affirmantem
680 1255 848 1311 sententiam
867 1253 1050 1329 probabilem,
1064 1254 1090 1309 si
1103 1251 1280 1308 consecratio

190 1363 220 1412 et
237 1354 401 1412 communio
420 1355 449 1411 in
476 1352 575 1412 eadem
590 1353 682 1410 Missa
701 1354 776 1419 sint;
797 1372 881 1410 secus
904 1353 929 1408 si
951 1354 1016 1425 quis
1032 1350 1152 1409 audierit
1170 1359 1280 1425 partem

190 1453 324 1528 Liturgiae
341 1469 404 1523 quar
422 1453 550 1523 sequitur
572 1454 814 1520 consecrationem
835 1453 869 1509 ab
890 1470 947 1510 uno
961 1450 1105 1509 sacerdote
1123 1450 1278 1518 recitatam,

188 1560 218 1611 et
237 1552 352 1609 alteram
373 1553 407 1608 ab
428 1551 509 1609 initio
535 1568 626 1621 usque
652 1550 686 1607 ad
707 1551 950 1609 consecrationem
964 1549 1103 1608 inclusive
1116 1550 1152 1606 ab
1170 1548 1278 1605 altero:

190 1651 284 1709 unitas
304 1650 381 1706 enim
401 1649 533 1707 sacrificii
551 1652 794 1719 consecrationem
814 1658 842 1707 et
865 1651 1100 1708 communionem
1125 1650 1158 1706 in
1179 1645 1280 1704 cadem

191 1749 284 1809 Missa
297 1748 396 1822 exigit.

230 1850 260 1904 9.
281 1846 392 1906 Somno
406 1847 455 1918 qui
469 1846 597 1922 indulget
615 1844 683 1903 dum
704 1848 798 1905 Missa
816 1845 980 1913 celebratur,
994 1845 1120 1904 humana
1138 1854 1169 1901 et
1181 1843 1281 1901 morali

191 1946 343 2023 presentia
355 1965 413 2003 nou
427 1944 523 2002 adest:
545 1945 707 2003 satisfacere
721 1958 814 2003 autem
828 1943 987 2002 censendus
1000 1954 1044 2002 est
1055 1944 1103 2002 ille
1116 1944 1168 2014 qui
1180 1959 1284 2000 somno

189 2043 278 2102 veluti
292 2055 420 2109 vexatus,
435 2053 570 2115 quantum
584 2053 687 2119 potest,
702 2045 803 2102 Missae
817 2043 963 2101 audiendae
976 2042 1023 2100 dat
1034 2060 1162 2119 operam.

233 2146 280 2199 10.
302 2141 360 2207 Qui
380 2144 411 2199 in
434 2142 542 2218 templo
565 2141 652 2209 adest,
679 2144 725 2201 vel
746 2152 825 2200 extra
847 2142 946 2218 templi
966 2151 1087 2219 portam,
1107 2158 1161 2198 nec
1188 2149 1283 2196 tamen

191 2239 266 2298 valet
278 2239 453 2301 sacerdotem
467 2241 655 2299 celebrantem
669 2241 764 2299 videre
778 2243 814 2300 ob
824 2242 1000 2319 interjectam
1007 2242 1182 2309 columnam,
1191 2239 1282 2314 parie-

192 2348 260 2407 tem,
275 2340 319 2396 vel
333 2337 428 2408 altare,
436 2340 572 2398 satisfacit
583 2351 727 2416 praecepto
741 2342 765 2397 si
779 2360 815 2398 err
829 2341 930 2418 populi
939 2341 1106 2407 actionibus,
1114 2338 1282 2416 pulsationi·

191 2439 244 2494 bus
260 2438 458 2505 ,tintinnabuli
479 2439 524 2496 vel
545 2458 614 2497 voce
635 2438 800 2508 sacerdotis,
823 2440 915 2515 possit
935 2439 1111 2511 aliquatenus
1130 2438 1282 2515 percipere

191 2553 254 2609 quie
276 2546 405 2613 aguntur,
428 2538 548 2612 ipseque
571 2538 608 2594 sit
626 2539 735 2614 populo
757 2537 904 2598 adsistenti
925 2537 1137 2611 quodammodo
1149 2538 1286 2613 conjunc-

192 2642 248 2691 itu.

238 2737 285 2790 ll.
308 2731 535 2792 Controvertitur
548 2734 619 2794 inter
632 2735 779 2812 theologos
793 2735 827 2793 de
845 2737 996 2794 attentione
1009 2737 1147 2808 requisita
1160 2735 1197 2793 ad
1210 2735 1292 2794 audi·

193 2831 296 2891 endam
308 2833 440 2890 Missam.
455 2832 500 2891 De
511 2832 594 2911 Lugo
602 2854 668 2892 curn
677 2836 739 2893 aliis
748 2844 823 2893 teum
832 2835 993 2894 Ecclesiam
1003 2838 1189 2897 attentionem
1197 2835 1287 2893 animi

194 2930 229 2988 ad
250 2931 380 2999 Sacrum,
402 2932 615 3005 orationemque
635 2937 767 2996 comitem
791 2954 849 2994 non
864 2936 989 3011 exigere,
1011 2937 1078 3008 quia
1102 2935 1138 2992 de
1165 2936 1288 2993 internis

194 3030 303 3087 actibus
313 3029 407 3105 legem
417 3032 489 3088 serre
503 3033 616 3104 nequit;
632 3035 762 3105 quamvis
777 3034 959 3093 vehementer
968 3037 1064 3110 cupiat
1072 3034 1172 3093 fideles
1183 3053 1290 3110 magua

125 3188 128 3193 ,
191 3146 258 3186 cum
279 3129 366 3187 animi
379 3128 530 3188 devotione
547 3131 656 3188 adesse.
698 3133 757 3190 Alii
770 3133 884 3209 plurimi
897 3145 1015 3192 censent
1033 3134 1174 3192 Ecclesiae
1188 3144 1285 3208 potes·

192 3238 277 3285 tatem
300 3227 334 3284 ad
354 3229 480 3285 internos
500 3238 577 3288 actus
598 3229 742 3289 indirecte
761 3235 933 3309 pertingere,
954 3251 1074 3306 eamque
1094 3251 1154 3292 nou
1175 3242 1285 3291 tantmn

192 3327 306 3403 exigere
321 3329 481 3386 utextcrior
491 3340 618 3387 servetur
627 3333 793 3399 reverentia,
802 3331 853 3390 sed
863 3334 996 3391 utanimo
1007 3333 1041 3391 ad
1051 3331 1148 3391 divina
1160 3330 1283 3400 elevato,

194 3425 303 3501 Spiritu
323 3437 352 3482 et
370 3428 485 3484 veritate
505 3426 601 3487 Deum
621 3430 759 3489 colamus.
802 3431 875 3490 Haec
898 3434 1036 3490 sententia
1055 3431 1238 3490 communior
1256 3442 1285 3491 et

84 3604 90 3618 .
145 3588 149 3595 ¹
195 3523 395 3598 probabiliora
415 3525 447 3579 S.
470 3527 621 3601 Alpbonso
634 3527 670 3586 de
689 3529 807 3606 Ligario
829 3527 976 3598 vocatur;²
995 3531 1043 3590 illa
1055 3530 1122 3588 verd
1142 3531 1286 3608 probabili

191 3620 297 3678 ratione
311 3630 339 3677 et
351 3624 479 3696 gravium
493 3623 640 3684 doctorum
653 3631 815 3687 auctoritate
834 3649 893 3688 uon
911 3641 1004 3688 earet:
1025 3640 1198 3706 quapropter
1217 3650 1285 3689 cou-

191 3719 348 3777 cionatores
361 3730 390 3776 et
401 3720 566 3779 confessarii
580 3727 688 3782 cautius
700 3727 779 3801 loqui
799 3727 910 3795 debent,
924 3747 960 3787 ne
979 3729 1114 3804 laqueum
1134 3730 1287 3788 animabus

191 3817 328 3895 injiciant,
342 3816 409 3876 dum
423 3837 470 3876 cas
484 3820 597 3879 incertae
610 3822 683 3900 legis
697 3825 809 3884 vinculo
823 3825 1009 3903 adstringunt.

234 3920 280 3975 12.
302 3917 359 3983 Qui
373 3927 499 3994 tempure
514 3919 614 3979 Missas
628 3924 657 3980 iu
671 3924 776 4001 templo
789 3925 948 3993 confitetur,
959 3946 1017 3985 non
1030 3927 1141 3987 videtur
1154 3927 1287 4003 pluribus

93 4066 96 4073 ,
191 4015 331 4091 theologis
345 4017 445 4075 Missae
459 4017 606 4077 audiendas
619 4023 779 4081 satisfacere
790 4035 940 4100 praecepto,
950 4027 1018 4098 quia
1027 4045 1085 4084 non
1093 4036 1190 4102 potest
1198 4027 1285 4084 etiarn

159 4113 316 4198 gexterius
330 4116 489 4176 attendere:
511 4128 577 4177 sunt
590 4130 685 4181 tamen
697 4120 773 4180 haud
785 4124 865 4199 parvi
879 4125 1002 4182 nominis
1012 4124 1141 4203 theologi
1155 4125 1206 4198 qui
1219 4141 1285 4182 cen·

428 4305 470 4367 (1)
490 4301 562 4369 Prop.
571 4305 614 4358 liii.
871 4311 914 4375 (2l
933 4307 963 4358 1..
975 4311 1044 4362 iiiu.
1056 4311 1115 4362 318.
1137 4322 1141 4329 ·

138 4352 177 4390 Κ,
