2766 4996
213 417 274 474 216
434 411 490 471 DE
511 404 687 469 JEJUNIO
707 407 765 466 ΕΤ
786 404 1087 465 ABSTINENTIA.

216 596 268 656 per
281 578 406 649 quinque
422 576 504 634 boras
518 574 632 632 utilibus
652 569 753 631 studiis
766 582 876 638 vacant,
887 571 1029 627 immunes
1049 589 1066 626 a
1081 567 1194 645 jejunio
1211 587 1229 624 a
1240 586 1305 625 non·

216 678 330 736 nemine
344 676 491 733 habentur.
534 672 675 730 Nonnulli
690 672 788 730 dicunt
805 672 955 747 magistros
971 668 1182 731 Grammaticos,
1197 669 1247 738 qui
1260 684 1307 742 per

217 785 336 849 quatuor
355 774 439 830 horas
452 772 565 840 docent,
580 789 638 829 uon
652 773 739 829 teneri
755 771 884 847 jejunare
898 768 1049 844 plusquam
1063 767 1153 824 tribus
1166 765 1267 824 diebus
1280 766 1305 822 in

215 871 425 932 hebdomada.’'
469 882 489 906 “
501 872 684 928 Excusantur
703 868 840 934 advocati,
858 868 986 939 quicum
996 866 1108 942 jejunio
1121 882 1181 921 non
1194 876 1309 941 possent

217 971 380 1031 satisfacere
393 972 452 1028 suis
466 971 615 1028 clientibus
636 981 751 1044 propter
770 966 894 1025 studium
916 983 974 1036 quo
993 957 1173 1040 indigent,”¹
1186 965 1233 1022 vel
1253 983 1309 1022 cor·

219 1073 296 1149 poris
318 1072 497 1147 agitationem
520 1069 588 1126 dum
611 1086 709 1123 causas
732 1077 826 1143 agunt
869 1063 1046 1121 Confessarii
1068 1081 1120 1138 per
1141 1073 1209 1119 octo
1229 1064 1308 1121 horas

220 1171 396 1246 excipientes
410 1169 615 1233 consessiones,
630 1176 803 1229 excusantur
814 1165 839 1220 si
859 1164 916 1238 ipsi
929 1163 986 1219 sint
1006 1164 1045 1220 ita
1057 1161 1177 1228 debiles,
1191 1171 1224 1218 ut
1241 1165 1310 1240 jeju·

221 1280 322 1327 nanus
336 1279 479 1338 nequeant
491 1266 520 1324 id
539 1266 664 1324 muneris
679 1265 805 1339 explere.
848 1261 991 1319 Caeterum
1005 1259 1131 1337 praedicti
1144 1278 1247 1319 omnes
1260 1262 1311 1319 lec·

222 1378 308 1431 tores,
323 1366 496 1431 scholastici,
511 1365 568 1421 dic.
582 1373 688 1420 tantum
703 1363 830 1419 excusati
851 1360 974 1420 habendi
984 1371 1061 1442 suut,
1077 1358 1193 1432 quando
1206 1372 1313 1419 constat

222 1482 272 1522 eos
286 1482 344 1520 non
357 1481 442 1538 posse
451 1464 591 1539 jejunare,
614 1471 643 1518 et
662 1480 713 1517 sua
732 1462 809 1518 obire
829 1461 935 1518 munia.
977 1460 1011 1518 ln
1031 1458 1117 1516 dubio
1130 1461 1314 1536 praesumptio

224 1572 280 1620 stat
292 1579 345 1637 pro
358 1561 432 1637 lege,
447 1578 534 1633 quum
549 1562 676 1637 ipsomm
690 1561 767 1617 labor
779 1560 947 1635 plerumque
961 1579 1018 1617 non
1031 1558 1068 1614 sit
1080 1558 1187 1634 gravis.

261 1665 310 1718 59.
333 1661 515 1718 Excusantur
527 1661 547 1718 ii
561 1661 610 1734 qui
631 1660 659 1715 iu
680 1668 815 1736 potestate
830 1658 1048 1733 patrisfamilias
1062 1668 1137 1722 sunt,
1152 1675 1228 1714 uxor
1243 1658 1315 1714 scili-

225 1771 280 1828 cet,
294 1760 346 1817 filii
360 1759 525 1831 famulique,
539 1761 564 1817 si
578 1770 726 1816 vescantur
738 1759 809 1815 cibis
823 1758 877 1832 ipsi
891 1759 1049 1833 permissis,
1068 1759 1181 1828 quoties
1195 1766 1316 1829 nequeat

229 1861 274 1917 vel
288 1859 359 1916 nolit
371 1860 487 1935 epulum
501 1859 621 1917 esurialc
635 1859 670 1914 iis
681 1851 806 1933 parare.²
846 1856 931 1922 Quod
945 1857 969 1912 si
979 1856 1193 1932 pater-familias
1207 1858 1316 1913 acatho-

227 1958 299 2014 licus
323 1959 369 2023 sit,
393 1958 438 2013 vel
458 1957 626 2015 catholicam
647 1957 809 2032 profiteatur
828 1956 1005 2031 religionem,
1028 1956 1097 2027 quin
1123 1954 1317 2012 desertando

224 2054 337 2131 jejunio
351 2065 438 2120 curet,
452 2073 510 2111 nou
525 2054 589 2111 ideo
602 2056 811 2111 excusabuntur
823 2056 873 2126 qui
887 2055 916 2111 iu
930 2056 993 2131 ejus
1014 2064 1079 2110 sunt
1098 2064 1247 2129 potestate,
1266 2054 1319 2110 nisi

228 2153 309 2210 cibos
330 2151 467 2210 esuriales
487 2163 630 2223 nequeant
648 2152 771 2209 habere:
793 2153 847 2210 alia
866 2155 944 2210 enim
964 2166 1007 2210 est
1025 2153 1094 2210 ratio
1114 2153 1193 2210 illius
1214 2155 1263 2225 qui
1285 2152 1319 2208 ob

230 2271 341 2323 mquam
356 2270 471 2310 causam
484 2271 520 2310 cx
535 2251 676 2310 Ecclesia
696 2251 1007 2327 indulgentiacamibus
1027 2253 1122 2316 utitur,
1137 2254 1221 2327 cujus
1235 2252 1318 2326 privi-

228 2351 334 2423 legium
345 2353 454 2408 ceteris
462 2353 688 2409 communicatur
697 2352 802 2422 absque
813 2352 984 2409 auctoritatis
996 2351 1197 2408 ecclesiastica
1207 2351 1318 2426 injuriat

228 2447 284 2503 alia
300 2447 374 2504 illius
389 2449 439 2518 qui
451 2448 524 2504 hanc
538 2449 618 2504 nihili
631 2450 750 2514 faciens,
771 2450 904 2525 exemplo
925 2469 979 2507 suo
999 2461 1027 2506 et
1045 2449 1133 2525 gratia
1145 2468 1215 2506 suos
1229 2469 1244 2505 a
1257 2450 1318 2525 lege

230 2543 369 2601 servanda
382 2554 507 2601 avertere
521 2547 630 2616 quaerit.
673 2545 793 2603 Constat
803 2559 895 2604 autom
905 2546 1146 2624 dispensationem
1155 2548 1238 2606 alicui
1249 2568 1316 2605 con·

231 2659 353 2708 cessam,
368 2642 644 2717 quipater·samilias
659 2645 775 2710 nonsit,
797 2663 824 2702 v.
846 2665 874 2721 g.
896 2649 945 2703 uni
966 2666 1002 2704 ex
1023 2648 1099 2712 filib,
1117 2665 1176 2704 non
1197 2665 1260 2703 esse
1280 2667 1319 2703 ra·

231 2743 348 2807 tionem,
362 2760 412 2799 cur
424 2743 516 2799 caeteri
530 2761 546 2798 a
559 2742 695 2800 servanda
707 2743 770 2818 lege
783 2738 953 2801 solvantur.³

269 2844 317 2898 60.
340 2840 412 2898 Hoec
431 2841 566 2916 pleraque
585 2861 622 2899 ex
643 2842 675 2899 S.
696 2842 846 2918 Alphonso
866 2843 901 2900 de
922 2843 1038 2919 Ligorio
1058 2843 1235 2919 collegimus,
1257 2864 1320 2916 quar

228 2937 380 2997 ostendunt
389 2939 524 3013 plurimas
540 2959 608 3000 csse
628 2961 728 2999 causas
745 2942 848 3017 jejunii
861 2944 983 3019 rigorem
997 2943 1158 2999 relaxandi:
1181 2945 1284 3015 quibus
1298 2947 1321 3001 si

231 3034 398 3111 adjiciamus
413 3037 567 3110 peculiaria
578 3041 727 3113 regionum
740 3040 839 3097 harum
853 3041 994 3116 adjuncta,
1004 3040 1083 3098 sacile
1097 3043 1202 3116 patebit
1215 3061 1321 3117 paucos

231 3132 265 3190 ad
274 3133 348 3190 hanc
356 3135 459 3209 legem,
471 3154 533 3206 quae
544 3136 612 3193 olim
624 3147 680 3194 tam
693 3148 767 3194 arcte
776 3141 946 3206 servabatur,
956 3140 1052 3197 haberi
1062 3140 1212 3214 obligatos.
1235 3141 1323 3199 Pleri-

234 3252 289 3304 que
304 3233 430 3309 prosecto
444 3234 542 3291 fideles
551 3234 629 3293 bisce
644 3237 673 3292 in
684 3237 839 3312 provinciis
848 3239 893 3295 vel
901 3238 1027 3296 colendis
1037 3240 1122 3314 agris,
1134 3240 1180 3296 vel
1189 3239 1236 3297 alii
1246 3241 1321 3316 gravi

233 3331 322 3391 labori
334 3347 451 3401 vacant;
466 3335 740 3411 praeterquamquod
753 3337 809 3394 cibi
817 3338 952 3395 esurialcs
963 3339 1064 3409 quibus
1078 3337 1168 3394 semel
1181 3357 1233 3413 per
1247 3339 1321 3396 diem

234 3449 351 3488 vescens
372 3434 437 3502 quis
457 3436 524 3490 satis
545 3433 694 3502 reficiatur,
716 3455 774 3492 non
793 3436 875 3493 facile
897 3448 1111 3512 comparantur3
1133 3455 1186 3493 nec
1199 3439 1277 3495 succi
1297 3450 1325 3495 et

232 3529 397 3585 nutrimenti
418 3530 583 3603 plurimum,
601 3550 665 3603 quac
685 3551 723 3590 ex
742 3535 805 3591 solo
825 3535 996 3592 Americano
1012 3545 1174 3600 nascuntur,
1197 3536 1325 3594 dicantur

235 3624 389 3681 continere.
433 3625 502 3683 ldeo
515 3629 701 3686 missionariis
715 3630 871 3690 cavendum
885 3644 937 3701 est,
949 3654 986 3693 ne
999 3636 1176 3693 occasionem
1188 3635 1325 3711 peccandi

230 3723 375 3796 aliquibus
389 3741 426 3779 ex
446 3741 538 3780 errore
559 3726 709 3799 prebeant,
731 3732 816 3786 veteri
838 3731 995 3808 disciplina
1019 3734 1122 3791 arctius
1142 3733 1325 3800 inhaerendo;

236 3822 366 3897 quamvis
380 3822 578 3880 commendare
591 3841 668 3901 saepe
681 3835 809 3901 oporteat
820 3828 950 3889 fidelibus
962 3835 1135 3909 poenitentiae
1148 3833 1284 3902 studium,
1300 3845 1328 3890 et

237 3931 394 3981 accuratam
408 3923 479 4000 legis
489 3923 594 4001 jejunii
607 3926 822 3995 observantiam,
843 3940 982 4000 quatenus
996 3951 1047 4007 pro
1060 3950 1112 3990 sua
1124 3933 1286 3992 valetudine
1299 3945 1328 3992 et

235 4022 377 4081 laboribus
391 4035 532 4098 poterunt.
573 4025 758 4085 Abstinentiae
769 4026 901 4104 obligatio
915 4032 999 4088 tutius
1013 4031 1179 4100 inculcatur,
1195 4036 1327 4105 quamvis

403 4224 445 4287 (r)
456 4222 483 4273 s,
495 4224 569 4287 arpa.
584 4226 599 4275 t.
610 4225 644 4275 itt.
659 4227 730 4276 rost.

403 4307 444 4371 (2)
458 4307 484 4358 S.
494 4307 583 4358 l’oenit.
594 4310 634 4358 dis
648 4313 677 4359 ld
689 4310 745 4363 lau.
760 4312 829 4364 18³4.
915 4331 917 4334 ⁴
998 4317 1038 4380 (³)
1057 4316 1157 4365 Ibidem.
