2744 4980
336 396 393 455 DE
415 390 708 454 CONSOIENTIA
726 395 1014 476 schuruhosn.
1185 407 1224 460 45

124 561 219 636 jussio
232 579 285 636 pro
298 571 372 619 certa
384 560 486 637 agendi
499 579 599 619 norma
617 561 764 619 sumenda.
806 562 952 636 Equidem
972 565 1001 620 in
1018 581 1052 622 ea
1065 567 1166 623 mentis
1180 584 1225 623 ca·

127 658 214 734 ligine
228 660 284 717 nisi
296 663 361 733 quis
374 661 492 718 omnino
504 661 663 748 obaudierit
682 663 781 720 animae
801 661 876 729 duci,
897 664 946 720 vix
966 664 1068 739 poterit
1080 664 1219 722 evadere:

128 757 193 816 ideo
213 768 233 794 ‘⁶
243 758 279 816 ad
292 762 337 817 sui
349 759 469 835 pastoris
482 760 643 826 consilium,
663 762 835 818 conscientia
852 761 924 818 levis
944 770 973 818 et
991 764 1147 820 temerario
1161 779 1220 820 cre·

128 856 251 914 dulitatis
264 859 393 934 explosa,
406 859 482 917 licite
495 868 589 934 potest
601 876 658 916 non
671 859 765 918 solum
785 859 917 947 rddere,
935 858 986 923 sed
1006 862 1124 937 exigere
1143 861 1221 918 debi-

129 967 188 1014 tum
201 955 399 1034 conjugale.”¹
440 957 483 1016 Ita
495 956 530 1014 de
543 958 663 1016 muliere
676 977 713 1016 ex
726 959 784 1017 levi
796 977 881 1016 causa
893 945 1030 1018 dubitanti
1043 959 1079 1019 de
1092 961 1221 1038 conjugii

128 1057 168 1121 vi,
182 1056 329 1131 respondit
340 1056 410 1115 olim
423 1056 606 1114 Innocentius
619 1056 676 1115 111.

170 1159 197 1211 9.
220 1154 432 1224 confessarius,
444 1156 537 1231 igitur,
549 1157 597 1227 qui
608 1155 775 1231 scrupuloso
784 1155 892 1214 mederi
901 1154 1006 1223 studet,
1015 1156 1100 1214 debet
1109 1157 1224 1214 omnino

129 1257 245 1329 exigere
257 1265 289 1311 ut
301 1253 423 1322 obediat,
443 1265 472 1311 et
490 1255 577 1312 libere
592 1264 655 1330 agat
669 1256 752 1330 juxta
773 1256 911 1331 principia
930 1256 984 1312 sibi
1004 1254 1111 1312 tradita.
1154 1254 1224 1345 an

129 1361 239 1428 oportet
251 1353 419 1427 plerumque
431 1344 622 1425 frequentiora
633 1353 660 1410 ei
674 1353 819 1429 indulgere
839 1355 991 1426 colloquia,
1005 1353 1050 1410 vel
1064 1342 1222 1430 singulai'es

130 1469 326 1523 quoscumque
346 1470 430 1508 casus
450 1451 585 1519 definire;
609 1451 660 1508 sed
681 1452 712 1509 in
733 1452 898 1510 universum
920 1453 947 1510 ei
965 1453 1064 1528 jubeat
1084 1460 1116 1510 ut
1137 1452 1225 1509 faciat

130 1548 269 1621 quidquid
288 1568 346 1607 uon
365 1549 440 1607 certd
461 1552 539 1608 novit
557 1560 704 1626 peccatum
725 1569 798 1619 esse,
818 1561 847 1608 et
865 1569 1048 1609 communem
1069 1530 1222 1628 probbium

130 1647 366 1707 consuetudinem
378 1659 520 1722 sequatur.
562 1650 705 1708 Diuturno
722 1651 901 1708 coriscientiae
920 1650 1051 1708 examine
1072 1650 1225 1726 prohiberi·

130 1745 186 1804 dus
199 1758 242 1803 est
254 1749 394 1822 paenitens
407 1750 456 1820 qui
469 1736 608 1824 scruprhis
627 1749 742 1816 laborat,
757 1756 785 1804 et
806 1749 842 1806 ad
861 1767 972 1807 sacrum
993 1748 1122 1814 tribunal,
1137 1749 1224 1806 etiam

131 1846 211 1902 nullo
224 1847 356 1904 examine
368 1846 709 1922 praemiss0,invitaudus.
751 1847 784 1902 Si
798 1845 833 1903 de
846 1857 1026 1920 peccatorum
1040 1845 1222 1903 consessione

131 1954 262 2019 angatur,
283 1963 346 2016 quse
364 1946 452 2004 semel
471 1945 619 2007 consessus
637 1953 681 2001 est
699 1961 758 2002 non
779 1952 846 2001 sunt
866 1944 1018 2020 repetenda
1040 1946 1076 2002 ob
1098 1943 1224 2002 desectus

133 2042 291 2113 quosdam:
312 2042 363 2100 sed
381 2045 507 2121 suppleri
527 2052 657 2121 poterunt
675 2043 774 2109 semel,
795 2043 840 2099 vel
860 2042 971 2110 iterum,
986 2043 1102 2110 omissa,
1116 2053 1145 2099 et
1162 2042 1240 2100 reli*

134 2159 192 2212 qua
204 2140 305 2198 divinae
318 2143 517 2201 misericordias
537 2144 648 2219 penitus
661 2140 862 2213 relinquenda:
884 2160 938 2200 nec
950 2143 1037 2208 enim,
1052 2143 1077 2198 si
1090 2139 1159 2211 quid
1171 2142 1226 2200 sor·
1299 2206 1307 2215 ,

135 2257 187 2295 san
200 2238 280 2305 desit,
294 2233 321 2297 ei
335 2240 384 2297 illo
397 2243 427 2298 in
440 2241 602 2298 discrimine
622 2241 744 2296 versanti
764 2240 954 2315 imputabitur.
997 2241 1029 2298 Si
1043 2238 1078 2296 de
1093 2241 1227 2314 precepti

136 2336 298 2411 impletione
311 2339 398 2397 nimis
411 2341 448 2396 sit
460 2340 585 2397 solicitus
606 2338 755 2414 poenitens,
776 2339 877 2413 poterit
890 2339 1077 2396 confessarius
1091 2355 1157 2394 eum
1171 2337 1227 2394 sol·

134 2453 202 2492 vere
214 2435 393 2511 obligatione,
407 2438 517 2510 quoties
527 2456 641 2514 gravem
652 2435 821 2502 molestiam,
832 2454 897 2493 curn
909 2438 1016 2513 jactura
1025 2437 1126 2492 animae
1137 2437 1225 2510 pacis,

136 2532 201 2589 inde
223 2535 335 2607 patitur.
378 2535 428 2592 Sic
450 2535 568 2593 recimns
590 2535 766 2593 Breviarium
789 2553 1004 2607 nonnumquam
1027 2533 1098 2592 adeo
1117 2535 1230 2610 angitur

136 2631 288 2707 scrupulis,
302 2643 334 2689 ut
346 2633 424 2709 gravi
436 2633 584 2709 objiciatur
596 2632 753 2690 discrimini
766 2651 849 2690 usum
863 2633 978 2689 rationis
992 2629 1148 2690 amittendi.
1220 2606 1243 2645 ἢ

179 2733 224 2785 10.
246 2729 439 2806 scrupulosis,
454 2733 503 2803 qui
516 2750 581 2788 vere
594 2750 610 2787 a
623 2739 738 2805 peccato
758 2731 836 2805 gravi
852 2731 1011 2797 abhorrent,
1026 2728 1228 2786 commendan-

138 2825 205 2884 dum
216 2837 249 2884 ut
261 2829 460 2887 eucharistiam
473 2830 577 2905 saepius
590 2829 735 2903 recipiant,
757 2827 791 2884 ad
811 2846 895 2899 quarn
911 2828 994 2902 juvat
1011 2824 1144 2883 accedere
1158 2844 1228 2883 non·

140 2944 283 2998 uunquam
303 2928 411 2985 omissa
429 2927 617 2993 consessione,
631 2925 744 2998 quaudo
763 2926 871 2983 scilicet
889 2925 1061 2983 confessario
1074 2933 1118 2981 est
1130 2924 1240 3001 exploa

141 3036 227 3084 ratrrm
241 3043 292 3082 eos
306 3045 406 3101 puram
427 3025 529 3103 degere
551 3027 664 3095 vitam„
690 3024 764 3100 lpsis
779 3043 809 3082 se
831 3024 962 3101 indignos
984 3023 1188 3100 profitentibus,
1202 3035 1230 3081 et

142 3134 318 3198 peccatorum
338 3126 464 3201 gravium
478 3142 553 3192 reos,
574 3142 632 3181 non
652 3133 696 3180 est
714 3123 785 3180 fides
805 3121 971 3199 praestauda,
989 3122 1071 3180 facile
1085 3122 1163 3179 enirn
1176 3123 1229 3179 sibi

142 3222 308 3295 persuadent
320 3241 354 3280 ea
366 3241 429 3293 quae
442 3223 618 3299 phantasiam
632 3222 742 3278 turbant
754 3240 816 3278 esse
830 3222 918 3279 animi
935 3220 1070 3277 maculas.
1115 3220 1231 3276 Solebat

143 3318 243 3378 idcirco
254 3321 286 3377 S.
300 3321 453 3397 Philippus
467 3322 573 3379 Nerius
584 3319 748 3396 hujusmodi
767 3316 966 3393 poeniteniibus
987 3318 1139 3391 praecipere
1152 3326 1183 3372 ut
1196 3316 1231 3372 ad

142 3436 247 3476 sacram
272 3399 401 3478 mensam
424 3420 589 3478 accederent
613 3417 791 3479 consessione
813 3415 889 3473 haud
915 3415 1031 3490 expiati.
1083 3414 1230 3472 Monacho

144 3515 252 3575 cuidam
266 3537 297 3574 se
318 3517 496 3576 dubitationis
517 3518 552 3575 de
574 3515 683 3575 Christi
704 3514 823 3573 Domini
843 3515 873 3572 in
893 3514 1061 3571 eucharistia
1081 3514 1232 3589 praesentia

144 3618 292 3683 accusanti,
315 3616 388 3674 dixit
407 3617 439 3674 S.
461 3616 640 3675 Bemardusr
663 3613 783 3681 “Vade,
804 3622 833 3670 et
851 3614 881 3671 in
899 3612 955 3671 fide
975 3631 1040 3672 mea
1059 3613 1185 3671 celebres
1198 3611 1229 3669 :’'

145 3731 198 3784 quo
210 3715 432 3791 obtemperante,
447 3715 573 3773 dubietas
587 3715 635 3772 illa
647 3714 759 3789 penitus
772 3712 880 3769 sublata
892 3721 945 3770 est.

183 3816 229 3869 ll.
252 3814 418 3890 Benignitas
431 3814 598 3891 plerumque
612 3810 785 3888 scrupulosis
798 3820 843 3868 est
854 3810 1031 3877 exhibenda3
1053 3809 1104 3866 sed
1118 3810 1166 3881 qui
1181 3826 1232 3864 sua

145 3922 298 3982 sequuntur
320 3912 422 3988 placita
443 3912 540 3971 durius
563 3909 711 3985 elimando
732 3908 865 3967 tractandi
888 3920 962 3967 sunt.
1004 3907 1043 3966 Iis
1064 3926 1121 3983 prae
1143 3904 1232 3962 oculis

146 4009 274 4082 ponenda
286 4021 330 4068 est
343 4010 375 4068 S.
390 4009 527 4069 Bemardi
546 4010 700 4067 sententia:
723 4008 802 4079 “qui
821 4026 852 4064 se
873 4008 927 4065 sibi
946 4006 1112 4081 magistrum
1131 4004 1234 4062 consti·

147 4108 203 4176 tuit,
218 4109 303 4168 stulto
316 4128 347 4167 se
361 4108 532 4186 discipulum
544 4099 688 4167 subdit.”²
726 4105 801 4165 Illud
821 4114 914 4163 autem
927 4101 1095 4171 cavendum,
1115 4121 1151 4162 ne
1165 4102 1234 4162 dum

246 4361 289 4425 (l)
309 4356 372 4423 Gap.
384 4322 485 4407 xlirfde
501 4364 562 4406 sent.
574 4371 669 4406 excom.
770 4352 813 4417 (l)
827 4351 875 4417 Ep.
887 4350 972 4400 lxxxv.
983 4349 1014 4399 ad
1026 4348 1152 4412 ogerium.
