2766 4996
292 424 349 484 DE
371 422 581 485 Puccnrls
602 424 891 486 CAPITALIBUS.
1080 430 1139 486 313

44 590 167 658 malum,
180 607 274 662 neque
291 600 357 649 tuno
370 590 450 649 adest
462 610 549 655 sousa
568 610 722 660 excusans,
737 593 812 650 sicut
824 593 854 650 in
873 609 941 649 casu
957 591 1142 667 precedentis

51 689 229 763 questionis,
244 689 282 746 ibi
295 691 372 748 enim
392 692 551 749 vinum‘est
572 692 698 750 medium
713 709 764 766 per
778 709 809 748 se
822 690 981 749 ordinatum
995 690 1030 747 ad
1047 689 1145 767 expel-

45 786 166 848 lendum
181 788 321 856 morbum,
335 807 393 846 non
407 800 500 848 autem
523 790 580 848 hic.
621 790 774 857 Praeterea,
788 792 817 847 in
835 790 884 847 illo
900 807 968 847 casu
986 790 1143 865 perieulum

46 887 114 945 vire
128 897 173 945 est
185 886 220 942 ab
234 886 399 954 intrinseco,
413 907 518 966 nempe
532 909 548 948 a
561 891 661 947 morbo
675 899 805 955 vexante,
820 897 848 945 et
860 887 924 946 ideo
936 887 1003 945 lieet
1015 907 1081 947 eum
1095 906 1145 945 ex·

48 986 158 1064 pellere
172 1003 223 1061 per
235 985 294 1043 viui
308 987 500 1062 potationem:
521 988 568 1046 hio
590 998 683 1046 autem
697 987 855 1062 periculum
869 996 913 1043 est
925 986 960 1043 ab
973 988 1145 1054 extrinseco,

48 1083 126 1142 unde
135 1084 266 1143 illicitum
276 1093 320 1141 est
326 1085 360 1141 ab
370 1085 419 1142 illo
429 1105 460 1144 se
471 1087 587 1144 liberere
598 1106 650 1163 per
659 1078 870 1144 ebrietatem.'’¹
892 1083 1042 1142 Consonat
1051 1095 1147 1142 auctor

49 1184 196 1255 antiquus,
211 1182 243 1239 S.
259 1182 415 1250 cesarius,
430 1186 471 1242 uti
483 1185 605 1254 videtur,
619 1186 688 1243 olim
711 1184 765 1241 sub
787 1184 903 1243 nomine
916 1185 1069 1260 Augustini
1089 1184 1148 1241 lau·

50 1281 144 1353 datus,
159 1282 208 1354 qui
221 1300 271 1340 eos
285 1301 407 1359 arguens
425 1284 473 1356 qni
494 1285 617 1343 “solent
638 1286 675 1342 ita
688 1302 719 1341 se
733 1301 880 1350 excusare,
895 1292 927 1340 ut
944 1282 1057 1340 dicant:
1079 1283 1149 1341 Per·

50 1399 123 1439 sona
135 1391 237 1457 potens
251 1399 298 1439 me
310 1383 412 1458 coegit,
426 1392 458 1440 ut
480 1384 601 1460 amplius
624 1383 727 1450 bibam,
748 1394 776 1439 et
795 1383 824 1441 in
844 1383 976 1440 convivio
995 1381 1071 1458 regis
1090 1400 1148 1439 non

51 1482 132 1556 potui
146 1478 223 1537 aliud
237 1480 328 1538 faeere
340 1481 370 1548 ;''
385 1480 471 1540 dicit:
495 1483 644 1542 “Etiamsi
659 1481 693 1538 ad
707 1481 762 1539 hoo
771 1484 924 1549 veniretur,
937 1491 969 1538 ut
983 1479 1032 1538 tibi
1045 1479 1150 1538 dicere·

52 1590 108 1648 tur¹
121 1589 169 1637 aut
180 1579 272 1647 bibas,
286 1591 334 1638 eut
355 1581 497 1648 morieris,
511 1580 612 1640 melius
632 1589 699 1648 erat,
715 1590 746 1639 ut
758 1601 823 1640 caro
844 1591 891 1639 tua
903 1580 997 1637 sobria
1009 1578 1151 1636 occidere·

52 1687 106 1746 tur,
122 1697 205 1751 quam
219 1695 271 1754 per
283 1679 445 1736 ebrietatem
460 1682 556 1739 anima
569 1672 773 1739 moreretur.”¹

94 1782 144 1836 ts.
167 1777 290 1836 Mortale
309 1789 354 1834 est
366 1789 513 1855 peccatum
528 1779 614 1837 alium
628 1776 756 1837 oonsultb
771 1766 919 1843 inebriare,
933 1776 979 1833 vel
992 1776 1026 1833 ad
1036 1776 1153 1834 ebrieta-

53 1892 111 1934 tem
135 1894 299 1953 provocare,
323 1877 367 1934 vel
390 1895 501 1953 urgere.
544 1876 622 1936 Hinc
642 1886 761 1953 peceant
783 1879 831 1950 qui
853 1877 923 1933 alios
944 1875 978 1933 ad
999 1874 1152 1952 potandum

55 1977 184 2042 invitant,
195 1975 268 2032 ultre
278 1993 362 2047 quam
372 1975 464 2033 serunt
476 1976 638 2034 urbanitatis
652 1976 741 2053 leges,
752 1975 939 2051 providentes
952 1993 1001 2032 eos
1015 1975 1154 2032 inebrien-

57 2074 120 2132 dos.
163 2073 304 2141 Qusritur
317 2084 410 2131 autem
424 2084 516 2134 utrum
529 2076 615 2134 liceat
636 2068 721 2132 alium
740 2074 877 2132 inebriare
891 2073 926 2131 ad
938 2072 1154 2151 impediendum

57 2175 103 2231 sui
126 2174 172 2229 vel
191 2172 310 2230 aliorum
331 2171 476 2241 damnum,
498 2174 543 2231 vel
565 2175 680 2252 gravius
700 2173 814 2245 aliquod
834 2173 939 2231 scelus.
981 2172 1155 2230 'l'ournolins

58 2291 124 2331 oum
135 2270 199 2330 aliis
214 2272 325 2347 penitus
338 2282 432 2348 negat,
445 2290 532 2345 quum
546 2273 665 2330 ebrietas
679 2271 717 2329 sit
729 2282 825 2330 eontra
837 2280 941 2329 naturae
955 2271 1058 2347 legem.
1099 2270 1157 2328 Alii
1261 2302 1266 2307 ·

59 2372 159 2429 dicunt
170 2370 257 2429 liuere
270 2369 433 2428 ebrietatem
447 2370 591 2439 iuducere,
606 2389 668 2443 quae
682 2389 740 2428 non
761 2373 799 2429 sit
812 2369 977 2436 voluntaria,
991 2378 1090 2446 potum
1101 2370 1158 2427 soi·

58 2471 126 2528 licet
139 2468 290 2546 prebendo
301 2471 383 2546 cujus
397 2470 455 2527 rim
469 2471 580 2547 ignoret
593 2472 638 2528 cui
652 2472 827 2547 propinatur.
869 2469 901 2526 S.
913 2469 1079 2545 Alphonsus
1093 2486 1157 2527 sen·

63 2570 180 2626 tentiam
203 2567 298 2626 Lessii
319 2568 387 2624 satis
407 2569 580 2645 probabilem
602 2578 708 2637 censet,
729 2568 806 2643 quod
826 2569 933 2627 scilicet
953 2569 1045 2635 liceat,
1067 2570 1159 2627 “sive

61 2668 183 2725 ebrietas
196 2668 234 2725 sit
246 2667 410 2734 materialis,
424 2668 484 2725 sive
498 2669 637 2736 formalis,
652 2668 689 2726 ob
708 2671 846 2726 rationem
866 2669 926 2743 jem
950 2667 1071 2730 allatam,
1093 2668 1160 2737 quin

62 2766 171 2824 licitum
199 2774 244 2825 est
268 2764 401 2824 inducero
427 2766 544 2825 alterum
571 2767 605 2824 ad
632 2768 728 2824 minus
755 2765 871 2831 malum,
899 2777 930 2822 ut
955 2763 1161 2840 impediatnrs

62 2857 214 2941 majori.’'³
254 2864 333 2922 Hinc
356 2863 533 2939 puellaque
557 2865 625 2922 elias
646 2882 678 2921 se
701 2865 839 2940 imparem
862 2864 943 2921 nouit
968 2863 1025 2920 vim
1050 2861 1160 2919 illaturo

62 2964 204 3032 resistere,
220 2962 382 3021 excusanda
395 2962 452 3019 illis
468 2963 606 3040 theologis
623 2962 741 3030 videtur,
756 2964 780 3020 si
799 2972 897 3038 potum
912 2980 969 3034 quo
983 2963 1031 3020 ille
1044 2962 1163 3020 inebria·

62 3073 138 3121 retur
151 3064 298 3140 praeberet,
314 3078 437 3119 noscens
446 3061 506 3138 jam
521 3080 586 3120 eum
596 3063 704 3120 ebrium
716 3062 822 3120 viribus
833 3061 963 3119 deficere.
987 3062 1053 3120 Hoc
1068 3071 1162 3118 tamen

66 3162 292 3239 intelligendum,
307 3159 420 3233 quando
434 3162 510 3219 nulla
523 3161 578 3218 alia
591 3161 716 3238 suppetit
727 3162 797 3218 ratio
811 3159 958 3217 evadendi.

102 3264 153 3319 79.
175 3260 306 3318 Ebrietas
326 3278 389 3330 que
403 3278 470 3316 nasu
495 3260 643 3336 contingit,
655 3258 724 3316 dum
745 3260 809 3330 quis
822 3259 940 3315 omnino
956 3259 1066 3339 ignorat
1079 3267 1162 3333 potus

64 3362 135 3425 uim,
157 3358 242 3433 culpa
264 3356 341 3414 omni
364 3365 456 3413 caret:
478 3356 529 3414 sed
549 3357 574 3413 si
600 3358 665 3429 quis
686 3356 740 3414 sibi
765 3355 900 3413 conscius
925 3356 962 3412 sit
981 3366 1079 3433 potum
1100 3373 1164 3413 esso

64 3458 198 3521 nimium,
213 3472 270 3511 non
284 3453 336 3509 erit
348 3453 547 3512 excusandus:
570 3453 685 3519 “Quod
705 3454 807 3525 aliquis
827 3454 964 3530 percipiat
982 3465 1080 3532 potum
1101 3474 1164 3514 esee

65 3553 296 3618 immoderatum,
307 3570 365 3610 non
380 3563 472 3610 tanum
485 3553 631 3611 existimat
643 3564 743 3630 potum
757 3553 896 3611 inebriare
910 3563 1070 3630 potentem:
1086 3556 1165 3615 etsie

64 3657 184 3714 ebrietas
199 3663 292 3729 potest
305 3670 370 3709 esse
383 3668 448 3709 cum
463 3662 579 3728 peceato
593 3651 707 3710 veniali.
750 3652 850 3712 Tertio
870 3653 956 3713 modo
977 3666 1070 3732 potest
1090 3675 1164 3719 esso,

67 3752 144 3828 quod
158 3752 259 3824 aliquis
272 3753 345 3809 bene
359 3750 494 3818 advertat,
505 3762 603 3828 potum
618 3770 682 3810 esse
697 3752 926 3821 immoderatum,
935 3754 1155 3811 etinebriantem

68 3864 96 3909 et
115 3863 208 3908 tamen
221 3852 312 3927 magis
328 3851 387 3908 vult
399 3851 562 3909 ebrietatem
576 3852 732 3917 incurrere,
747 3870 833 3923 quam
854 3872 870 3908 a
888 3861 956 3925 potu
977 3852 1125 3914 abstinere,
1140 3865 1169 3906 et

67 3951 131 4008 talis
145 3951 259 4026 proprie
273 3948 374 4007 dicitur
387 3949 518 4007 ebrius..
532 3950 590 4008 ‚Et
605 3950 647 4007 sio
662 3950 782 4006 ebrietas
792 3958 837 4004 est
843 3957 990 4024 peecatum
1004 3945 1169 4004 mortale-J’⁴

136 4092 178 4156 (l)
197 4089 278 4140 Theol
300 4089 363 4138 Mor.
378 4090 393 4138 1.
404 4105 426 4140 ι.
438 4105 459 4139 o.
472 4088 505 4138 iii.
517 4099 559 4143 nrt.
569 4089 587 4137 ii
605 4106 630 4139 ιι.
640 4090 682 4137 tt.

139 4174 182 4239 (2)
193 4173 259 4223 Olim
272 4171 377 4223 ccxxxii
389 4171 420 4221 de
430 4170 519 4237 Temp.
530 4172 592 4222 inter
604 4169 737 4233 Augustin.
748 4182 817 4218 nuno
827 4167 951 4219 mettin
962 4170 1077 4236 Appsnd.

139 4262 181 4325 (8)
201 4258 290 4309 ΤΙιωΙ.
303 4257 365 4306 Μοι.
377 4258 393 4307 l.
405 4272 427 4304 v.
440 4272 466 4306 n.
477 4259 518 4307 tt.

140 4345 183 4410 (4)
203 4344 230 4393 S.
239 4341 358 4399 Thomas,
369 4339 393 4391 2.
403 4338 428 4392 2.
439 4356 481 4406 qu.
493 4340 524 4392 ol.
537 4347 580 4391 ert
590 4339 615 4389 ii.
651 4336 709 4390 Atto
720 4334 791 4390 modo
801 4336 844 4389 sie.

164 4425 244 4488 Vos.
262 4426 374 4487 1.-28
