2744 4980
216 413 273 469 126
508 409 566 471 DE
587 407 727 468 SEXTO
747 406 1000 467 PRAEOEPTO.

214 575 320 632 clarum
333 573 444 632 videtur
456 576 670 633 fornicationem
680 572 838 631 secuudum
848 591 880 629 se
888 571 994 629 nullam
1005 569 1149 629 involvere
1157 571 1306 637 malitiam,

215 673 346 731 etsolam
360 692 424 730 esse
443 675 546 732 malam
566 675 633 748 quia
652 671 807 738 interdicta,
821 685 853 728 ut
873 671 1044 729 contrarium
1066 669 1183 727 omnino
1205 670 1308 728 rationi

215 771 364 831 dissonum
376 769 552 832 rideatur.”¹
592 773 627 831 ln
640 770 821 830 consessione
830 788 949 829 necesse
962 779 1007 827 est
1018 770 1126 826 crimen
1139 768 1195 826 hoc
1209 770 1307 838 sateri;

214 890 269 930 uec
282 870 387 929 sufficit
398 873 492 930 dicere
505 890 538 928 se
550 889 634 949 grave
654 870 761 941 aliquid
779 880 876 928 sonna
894 869 1049 927 castitatem
1069 887 1135 926 cum
1155 868 1248 926 soluta
1260 866 1308 924 ad·

216 971 342 1037 misisse,
362 989 429 1028 nam
448 972 587 1030 contraria
599 969 757 1046 propositio
776 968 907 1027 damnata
925 978 969 1025 est
987 968 1022 1025 ab
1041 966 1207 1026 Alexandro
1221 963 1308 1024 Vll.²

218 1067 361 1125 Craterum
374 1070 466 1127 verbis
475 1069 641 1128 verecundis
655 1087 717 1140 quae
725 1078 818 1125 actum
827 1069 896 1125 satis
903 1066 1055 1134 declarant,
1064 1068 1134 1139 quin
1142 1065 1179 1125 de
1192 1065 1308 1143 adjunc-

219 1168 255 1224 tis
269 1166 442 1226 enucleatius
455 1169 572 1236 dicatur,
586 1168 653 1226 satis
666 1177 711 1225 est
722 1167 855 1226 delictum
868 1165 1005 1225 confiteri.

261 1269 328 1323 143.
349 1268 543 1327 Meretricium
565 1267 708 1344 prohiberi
729 1286 766 1325 ex
788 1266 871 1324 dictis
891 1266 992 1338 liquet,
1019 1282 1085 1323 nam
1111 1264 1308 1322 somicationis

172 1398 177 1406 ·
218 1375 337 1443 augetur
360 1367 466 1425 malitia
485 1367 598 1439 quando
617 1368 751 1438 frequens
771 1374 825 1433 est,
846 1376 875 1422 et
895 1365 983 1441 prolis
1006 1365 1195 1439 procreationi
1221 1363 1309 1439 pluri·

218 1483 330 1522 morum
342 1465 492 1525 hominum
512 1468 715 1525 commercium
735 1475 881 1541 repugnat.
923 1463 1058 1521 Districte
1078 1463 1195 1521 vetitum
1215 1471 1260 1519 est
1279 1464 1310 1520 in

218 1564 281 1640 lege
295 1564 443 1622 Mosaica:
466 1575 485 1601 ‘⁶
496 1566 566 1624 Non
584 1566 637 1623 erit
655 1566 790 1622 meretrix
810 1563 846 1621 de
865 1562 976 1620 filiabus
995 1562 1094 1629 lsrael,
1108 1581 1162 1620 uec
1175 1572 1312 1620 scortator

219 1661 254 1720 de
268 1663 334 1720 filiis
348 1657 486 1721 lsrael.’'³
526 1665 561 1722 ln
573 1664 641 1722 illud
656 1663 798 1721 invehitur
805 1662 960 1739 Apostolus
972 1682 980 1718 :
1004 1660 1161 1720 “Nescitis
1173 1661 1308 1732 quoniam

219 1779 338 1836 corpora
350 1772 442 1820 vestra
454 1764 582 1820 membra
594 1761 798 1820 suntChristil
847 1760 967 1819 Tollens
975 1780 1043 1838 ergo
1053 1760 1181 1818 membra
1189 1757 1310 1826 Christi,

220 1858 322 1917 faciam
334 1861 461 1918 membra
473 1862 650 1919 meretricis!
692 1861 782 1918 absis
823 1861 994 1918 Anuescitis
1006 1861 1140 1932 quoniam
1153 1859 1203 1930 qui
1217 1857 1311 1915 adhae-

219 1967 262 2015 ret
274 1961 424 2028 meretrici,
437 1980 527 2018 unum
539 1980 644 2038 corpus
664 1960 804 2018 efficitur!
846 1960 957 2016 ‘Erunt
975 1960 1052 2017 enim
1066 1954 1183 2039 (inquit)
1203 1956 1261 2016 duo
1281 1957 1311 2014 iu

219 2074 302 2114 carne
321 2058 399 2116 uua!
441 2060 500 2126 Qui
522 2070 615 2119 autem
634 2059 758 2118 adhaeret
777 2059 913 2126 Domino,
926 2077 1001 2117 uuus
1021 2059 1137 2135 spiritus
1157 2066 1211 2115 est.
1254 2056 1311 2114 Fu·

219 2155 276 2230 gite
289 2154 552 2216 fornicationem.”⁴

263 2258 329 2313 144.
351 2255 565 2316 Concubinatus
578 2258 679 2316 dicitur
691 2276 791 2315 eorum
804 2266 891 2314 status
905 2257 955 2328 qui
968 2257 1123 2333 conjugum
1136 2257 1226 2314 instar
1244 2272 1312 2312 oon·
1325 2265 1329 2271 ’

220 2366 376 2414 sueverunt
399 2358 506 2430 absque
532 2357 694 2434 nuptiarum
717 2356 833 2414 sordere.
877 2355 1086 2414 Gravissimum
1107 2365 1151 2413 est
1170 2363 1310 2412 scortatus

220 2472 322 2531 genus,
336 2474 424 2527 quum
444 2458 680 2515 consuetudinem
693 2467 720 2514 et
733 2464 909 2513 constantem
922 2457 1048 2513 animum
1069 2453 1208 2530 peccandi
1221 2453 1309 2511 serat:

220 2553 297 2624 quod
310 2555 335 2611 si
348 2554 480 2612 altemter
492 2557 627 2633 conjugio
640 2557 678 2613 sit
696 2556 809 2632 ligatus,
824 2554 991 2612 adulterium
1012 2555 1135 2612 immane
1155 2563 1209 2611 est.
1252 2552 1311 2618 Qui

219 2651 298 2710 domi
316 2655 419 2712 retinet
430 2656 626 2722 concubinam,
641 2664 685 2712 est
696 2655 814 2712 omnino
827 2652 994 2729 obligandus
1005 2652 1039 2708 ad
1053 2671 1116 2710 eam
1129 2651 1310 2730 ejiciendam,

219 2751 287 2810 licet
298 2772 364 2811 cum
377 2772 481 2831 magno
494 2757 539 2812 sui
559 2749 767 2813 incommodo!
807 2753 842 2810 lu
862 2753 1031 2827 specialibus
1052 2771 1146 2808 rerum
1159 2751 1309 2828 adjunctis,

221 2853 335 2923 quando
354 2854 421 2930 ejici
444 2855 552 2925 nequit,
576 2862 673 2930 potest
691 2851 842 2925 aliquando
867 2852 911 2909 vir
937 2851 1055 2918 absolvi,
1075 2851 1100 2908 si
1120 2850 1310 2909 confessarius

220 2953 365 3010 existimet
377 2970 443 3010 eurn
457 2971 556 3010 revera
574 2972 590 3009 a
610 2952 782 3011 commercio
801 2951 900 3009 illicito
920 2968 952 3008 se
966 2952 1168 3008 abstenturum.
1211 2949 1308 3025 Injun·

219 3066 286 3126 gere
300 3059 393 3109 antem
406 3052 524 3109 omnino
537 3053 679 3126 oportebit
692 3062 723 3109 ut
732 3050 944 3126 quamprimum
959 3069 1022 3107 eam
1036 3048 1174 3115 dimittat;
1193 3049 1219 3106 si
1233 3046 1311 3105 enim

218 3167 282 3206 eam
296 3160 395 3226 pergat
406 3150 482 3227 apud
494 3169 527 3208 se
540 3151 671 3219 retinere,
685 3151 787 3208 frustra
797 3149 915 3208 confidit
927 3166 958 3206 se
973 3159 1155 3225 peccatumm
1164 3164 1222 3205 non
1235 3163 1310 3212 esse,

220 3267 309 3321 quum
334 3250 493 3325 periculum
512 3259 595 3308 amet.
638 3251 811 3321 Plerumque
832 3247 878 3305 his
905 3249 934 3305 in
957 3249 1068 3306 casibus
1090 3245 1249 3305 differenda
1268 3259 1311 3304 est

220 3349 367 3407 absolutio.
410 3351 460 3408 Sic
474 3351 558 3407 etiam
571 3349 729 3408 differenda
741 3359 793 3417 est,
808 3350 834 3407 si
854 3348 1011 3405 concubina
1031 3347 1226 3424 poenitentiam
1240 3363 1310 3422 prae·

219 3447 357 3515 seferens‚
372 3457 505 3521 queratur
523 3468 554 3506 se
573 3468 633 3508 non
652 3466 737 3525 posse
758 3450 845 3506 vitam
865 3461 1034 3515 sustentare,
1048 3447 1073 3504 si
1087 3466 1102 3504 e
1116 3446 1205 3504 domo
1217 3462 1310 3503 reces-

217 3546 296 3602 serit.
338 3547 465 3605 Famulas
485 3565 549 3605 cum
564 3548 641 3606 heris
663 3548 754 3606 semel
767 3549 905 3605 iterumve
926 3558 1077 3623 peccantes
1092 3555 1214 3624 possunt
1226 3546 1309 3603 venia

217 3640 326 3711 donari,
341 3645 366 3702 si
380 3665 417 3704 ex
431 3646 527 3703 animo
540 3658 700 3724 proponant
717 3648 748 3705 in
768 3656 912 3722 posterum
932 3654 1079 3722 peccatum
1092 3647 1198 3704 vitare:
1221 3643 1273 3703 sed
1285 3646 1311 3702 si

217 3745 360 3818 promissa
372 3745 557 3822 negligentes,
571 3746 733 3818 frequenter
752 3744 862 3813 cadant,
883 3763 1001 3803 necesse
1021 3746 1075 3802 erit
1093 3756 1125 3803 ut
1144 3743 1312 3804 famulatum

217 3840 356 3912 deserant,
366 3845 410 3901 vel
424 3844 579 3919 emendatae
590 3845 702 3913 suerint,
714 3854 864 3916 antequam
875 3844 1081 3902 absolutionem
1091 3853 1309 3918 consequantur.

220 3942 377 4021 Mancipia,
392 3963 456 4017 quae
469 3963 527 4002 non
537 3955 658 4021 possunt
670 3942 812 4012 recedere,
827 3954 972 4018 nequeunt
981 3944 1098 4012 absolvi,
1113 3945 1169 4003 nisi
1182 3941 1314 4002 emenda

352 4152 393 4215 (¹)
414 4151 484 4217 ΡῐθΡ·
497 4153 573 4202 ¹lvili·
908 4155 951 4219 (2)
971 4151 1044 4217 Prop.
1055 4168 1115 4202 xxv.

351 4234 391 4298 (³)
412 4235 562 4286 Deufflffi·
577 4239 615 4287 17·
908 4239 950 4306 (l)
973 4242 983 4287 l
999 4235 1057 4288 Gor.
1068 4238 1100 4288 ri.
1111 4238 1150 4286 15.

680 4324 725 4387 (5)
739 4320 812 4387 Prop.
823 4322 867 4373 xli.
