2744 4980
394 412 450 471 DE
474 413 676 475 GENTIUM
699 413 971 476 COMMERCIO.
1171 424 1230 479 243

133 579 245 650 aliquas
260 587 399 645 tractatus,
414 588 441 635 et
454 577 648 637 conceduntur
660 579 715 637 sibi
728 580 851 637 invicem
864 580 1013 656 privilegia
1025 583 1189 640 commercii
1203 594 1231 641 et

132 678 345 736 immunitates:
382 696 503 750 quorum
526 690 672 753 pactomm
695 679 739 735 vis
762 679 896 736 inviolata
916 678 1053 737 servanda
1072 690 1125 747 est,
1146 682 1231 739 etiam

134 777 285 851 regiminis
308 777 399 834 forma
421 785 534 834 mutata.
574 768 672 834 ¹Mare
693 777 813 853 liberum
840 778 972 836 omnibus
992 778 1168 836 censendum
1187 790 1231 837 est

133 876 237 949 procul
250 895 266 932 a
286 875 424 933 littoribus
436 893 445 941 3
465 895 531 933 nam
545 894 615 951 gens
635 876 713 933 nulls
725 876 800 933 valet
811 877 866 933 sibi
879 878 978 935 occani
991 895 1126 954 usurpare
1140 879 1230 954 impe·

132 973 227 1030 rium:
250 972 327 1046 quod
339 972 443 1032 diserte
456 973 579 1032 ostendit
602 972 719 1032 Grotius
740 975 925 1034 celeberrimo
945 994 1050 1051 opere:
1072 974 1162 1035 More
1176 976 1231 1035 Li·

131 1070 250 1139 berum,
264 1071 349 1130 dicto.
393 1073 457 1130 Nec
476 1081 570 1147 potest
588 1091 659 1149 gens
672 1073 731 1130 ulla
743 1074 771 1129 vi
784 1072 923 1151 impedire
936 1092 973 1132 ne
990 1075 1045 1132 alia
1064 1077 1141 1133 natio
1160 1094 1228 1134 cum

132 1170 246 1227 civitate
257 1170 351 1243 aliqua
363 1171 566 1229 commercium
580 1171 688 1229 habeat.
716 1171 735 1229 J
737 1190 783 1229 am
793 1191 861 1230 vero
875 1175 966 1249 pectis
979 1173 1149 1249 specialibus
1163 1174 1225 1232 haec

131 1270 230 1326 omnia
243 1289 310 1328 cum
323 1288 426 1346 magns
439 1269 567 1327 omnium
580 1270 696 1328 utilitate
710 1272 846 1346 componi
860 1280 888 1328 et
900 1272 960 1348 regi
973 1282 1192 1330 consueverunt.

177 1371 224 1424 15.
247 1368 396 1444 Flagrante
410 1370 483 1426 inter
495 1377 594 1444 gentes
608 1369 717 1440 aliquas
740 1369 813 1425 bello
837 1371 969 1446 gentibus
992 1369 1054 1425 aliis
1078 1389 1141 1443 qnae
1155 1388 1226 1428 nert-

130 1464 224 1523 trnles
238 1466 369 1526 dicuntur
381 1468 447 1524 licet
459 1468 662 1524 commercium
676 1485 741 1523 cnm
750 1477 867 1539 utraque
881 1467 955 1525 bello
968 1477 1091 1525 certante
1105 1487 1224 1546 gerere:

131 1564 185 1620 sed
200 1567 265 1642 jure
280 1566 393 1641 publico
407 1566 555 1623 recentiori
569 1575 676 1622 vetatur
688 1583 724 1622 ne
738 1585 816 1623 arma
836 1565 946 1638 aliaque
960 1566 1027 1623 belli
1040 1567 1228 1625 iustrumenta

134 1664 329 1740 suppeditent,
353 1665 399 1722 vel
422 1663 490 1721 alies
513 1664 589 1720 bello
611 1658 791 1721 inserviant.¹
832 1664 947 1721 Merces
970 1665 1056 1721 etiam
1077 1666 1228 1724 acoloniis

131 1764 224 1838 gentis
236 1764 357 1820 inimice
365 1763 400 1821 ad
410 1763 502 1839 ipsam
514 1772 628 1840 gentem
638 1762 768 1820 nonlicet
782 1764 901 1821 navibus
913 1762 1087 1821 neutralibus
1097 1762 1224 1820 deferre:

131 1860 185 1918 sed
198 1862 223 1918 si
236 1860 271 1918 ad
283 1863 428 1937 regionem
442 1860 598 1920 neutralem
615 1859 784 1928 deserantur,
804 1862 904 1919 solutis
924 1859 1067 1919 bonafide
1082 1862 1227 1938 vectigali·

131 1959 198 2026 bus,
213 1960 253 2017 nil
266 1968 338 2017 vetat
360 1979 408 2017 eas
428 1958 494 2018 inde
515 1959 628 2027 devehi,
642 1962 730 2017 instar
742 1959 859 2018 aliamm
881 1962 1031 2026 mercium,
1054 1959 1090 2017 ad
1112 1971 1226 2036 gentem

132 2059 214 2135 cujus
228 2068 294 2116 suut
307 2050 453 2116 coloniae.2
492 2058 594 2116 Plures
617 2057 670 2115 hac
692 2057 777 2115 dere
799 2059 970 2131 questiones
993 2059 1122 2116 excitate
1147 2068 1223 2126 sunt,

134 2155 270 2233 flagrante
282 2157 357 2215 bello
370 2156 562 2234 Anglos-iuter
571 2165 599 2213 et
611 2156 728 2215 Gallos:
749 2155 790 2213 illi
800 2158 877 2215 euim
885 2155 1063 2216 vindicamnt
1072 2158 1126 2215 sibi
1137 2175 1225 2216 naves

132 2255 327 2322 Americauas,
341 2254 487 2314 damnatas
509 2255 545 2312 ob
566 2256 681 2313 vetitum
695 2256 907 2322 commercium,
921 2274 957 2313 eo
972 2253 1049 2328 quod
1062 2253 1230 2314 deserebant

133 2370 245 2410 merces
259 2354 293 2411 ab
307 2354 417 2423 insulis,
432 2372 553 2426 quarum
572 2365 633 2411 erat
640 2354 689 2429 jus
704 2352 806 2419 Gallis,
821 2352 856 2410 ad
874 2352 994 2420 Gallias,
1008 2353 1045 2409 iis
1066 2353 1095 2410 in
1114 2364 1228 2429 portum

134 2451 336 2512 Americanurn
363 2453 487 2528 primum
509 2452 647 2511 invectis:
669 2461 697 2507 et
721 2451 857 2508 serminio
880 2453 1065 2529 subjecerunt
1086 2470 1184 2520 naves,
1206 2453 1231 2509 si

130 2547 203 2606 forte
230 2549 349 2609 laterent
373 2568 483 2607 merces
509 2549 611 2616 vetitae,
633 2549 678 2605 vel
704 2547 813 2616 hostes,
835 2550 881 2607 vel
902 2552 954 2622 qui
978 2551 1097 2627 originis
1122 2552 1229 2608 ratione

131 2647 254 2722 Anglico
268 2648 399 2705 suberant
412 2648 544 2722 imperio.
582 2644 802 2713 contendebant
814 2648 976 2704 Americani
996 2648 1124 2722 plerique
1143 2649 1229 2706 licere

130 2747 333 2803 commercium
347 2764 412 2803 cum
426 2755 544 2817 utraque
558 2752 643 2820 gente
656 2743 761 2809 fovere,
776 2761 830 2799 nec
842 2761 928 2818 posse
942 2762 1030 2801 naves
1044 2744 1227 2802 Americanas

131 2842 234 2918 subjici
245 2843 391 2910 scrutinio,
406 2852 500 2901 utrum
514 2843 633 2900 laterent
645 2859 732 2907 arma,
755 2840 810 2897 tela
829 2840 874 2896 vel
888 2842 1075 2899 instrumenta
1088 2860 1230 2913 quaecum·

130 2957 186 3012 que
199 2940 277 3008 belli,
292 2940 343 2997 sed
356 2940 488 2999 standum
502 2959 565 2998 esse
579 2933 785 2998 documentis.³
826 2936 949 2996 Constat
962 2948 1057 2998 tamen
1070 2957 1128 2997 non
1141 2940 1227 2997 licere

128 3048 228 3114 portus
256 3040 388 3098 obsessos
415 3039 543 3116 ingredi:
565 3037 689 3097 obsideri
711 3047 804 3095 autem
828 3045 981 3095 censentur
1003 3038 1118 3110 quando
1140 3055 1229 3096 naves

127 3134 256 3195 hostium
270 3147 375 3215 praesto
389 3148 465 3207 sunt,
481 3138 551 3196 adeo
565 3145 595 3195 ut
608 3137 778 3212 ingressuris
792 3136 829 3193 sit
841 3128 1026 3212 periculum.⁴

162 3342 206 3406 (1)
227 3341 321 3400 Suecis,
333 3343 489 3402 Danimarca,
502 3343 641 3401 Hollandis,
650 3349 674 3391 et
687 3340 774 3389 Bossia
785 3355 851 3388 suno
864 3341 928 3387 1780
938 3347 1036 3403 pactum
1049 3339 1157 3388 inierunt
1166 3320 1254 3389 interl&

127 3439 154 3473 se
167 3424 197 3472 ad
211 3425 277 3474 liberi
288 3430 429 3478 commercii
444 3431 500 3494 jura
519 3427 672 3479 vindicanda.
708 3429 775 3477 luter
792 3430 907 3479 articulos
920 3430 944 3478 hi
957 3438 1110 3479 occurrunt:
1128 3433 1142 3455 ‘⁸
1150 3425 1203 3474 that
1215 3424 1234 3472 it

126 3510 189 3559 sball
208 3512 237 3560 be
250 3512 332 3563 lswl'ul
344 3514 381 3562 sor
392 3531 440 3578 any
453 3515 508 3579 ship
520 3514 649 3574 whatever,
661 3523 686 3564 to
703 3515 747 3564 sail
761 3515 834 3580 srcely
848 3517 908 3565 l'rom
922 3533 968 3565 one
978 3526 1034 3580 port
1048 3523 1073 3564 to
1087 3512 1194 3569 another,
1207 3526 1233 3559 or

127 3595 202 3656 along
212 3595 252 3644 the
261 3606 341 3646 coeam
352 3598 379 3646 ol
388 3600 428 3647 the
439 3615 533 3662 powers
543 3607 566 3648 at
579 3615 643 3649 war:
660 3598 684 3656 9,
693 3598 745 3648 that
756 3600 787 3648 ull
799 3600 966 3650 merchsndiza
975 3600 1022 3655 and
1034 3598 1123 3657 effecte,
1134 3597 1234 3657 belong·

127 3679 171 3740 ing
183 3690 208 3728 to
222 3679 263 3728 the
274 3682 382 3745 subjects
393 3683 422 3730 of
436 3698 529 3746 powers
541 3690 566 3731 at
577 3697 634 3741 war,
647 3682 694 3732 and
706 3682 808 3747 sbippcd
821 3684 846 3734 in
859 3686 953 3735 neotral
965 3684 1062 3741 vessels,
1074 3681 1135 3731 sball
1148 3682 1177 3729 bs
1187 3695 1230 3728 en·

126 3761 196 3824 tlrsly
210 3764 273 3820 free3
291 3767 421 3829 excepting
430 3766 578 3815 contraband
588 3767 672 3828 goede,
683 3768 800 3832 (munau,
810 3778 918 3827 morters,
926 3770 1041 3825 muskets,
1050 3767 1143 3830 pistule,
1153 3765 1227 3818 tlints,

132 3847 251 3905 malchos,
266 3849 345 3914 ἅτθ’)
378 3850 441 3899 Vide
453 3859 477 3900 et
492 3851 606 3900 Grotium
618 3851 709 3916 dejure
722 3853 777 3902 belli
790 3862 815 3902 st
825 3854 900 3917 pacis,
912 3855 926 3901 1.
939 3853 972 3900 iii.
982 3870 1002 3901 c.
1011 3853 1026 3900 i.
1039 3854 1062 3899 3.
1096 3849 1156 3898 Not.

163 3930 205 3993 (2)
227 3931 290 3981 Vide
303 3933 450 3983 Robinson's
462 3934 573 3999 Reports,
585 3935 641 3984 Vol.
653 3935 677 3984 ii.
691 3951 713 3998 p.
727 3935 789 3992 36&
807 3951 862 3983 case
874 3935 902 3983 ol
910 3935 951 3983 the
962 3934 1042 3997 Polly,
1051 3932 1146 3994 Laslry.

164 4015 207 4077 (³)
229 4015 292 4065 Vide
304 4025 319 4047 “
328 4017 368 4066 the
389 4019 436 4066 law
448 4019 476 4067 oi
490 4020 590 4069 natione
606 4018 767 4080 investigated
779 4017 805 4068 in
818 4034 832 4068 s
844 4019 950 4082 popular
962 4032 1065 4066 manner
1076 4016 1108 4080 by
1121 4013 1156 4060 W
1158 4014 1233 4064 illium

126 4095 196 4146 John
209 4099 323 4157 Duane,”
336 4101 511 4167 Philadelpbia,
526 4106 599 4152 1809.
633 4101 716 4152 Lettar
728 4103 777 4152 viii.

164 4184 206 4247 (⁴)
227 4192 240 4214 ‘¹
250 4185 290 4233 'l'o
301 4186 420 4236 ascertuiu
434 4187 500 4236 what
508 4188 652 4237 constitutos
663 4187 704 4236 the
716 4185 834 4237 blocltade
846 4187 874 4236 of
888 4200 935 4248 any
947 4186 1015 4250 place
1027 4201 1053 4233 or
1065 4192 1126 4249 port,
1139 4183 1157 4233 it
1169 4184 1190 4233 is
1208 4192 1233 4233 to
1303 4219 1312 4241 ,

126 4267 156 4316 be
169 4269 317 4319 understood
329 4278 354 4320 to
365 4272 395 4320 be
408 4271 433 4322 in
445 4273 506 4322 such
519 4289 534 4321 s
546 4271 718 4337 predicameut,
735 4270 809 4321 when
827 4271 869 4321 tlte
880 4270 997 4333 assailing
1007 4286 1090 4336 power
1102 4269 1147 4319 bas
1159 4270 1232 4320 taken
