<?xml version="1.0" encoding="UTF-8"?>
<!DOCTYPE html PUBLIC "-//W3C//DTD XHTML 1.0 Transitional//EN"
    "http://www.w3.org/TR/xhtml1/DTD/xhtml1-transitional.dtd">
<html xmlns="http://www.w3.org/1999/xhtml" xml:lang="en" lang="en">
 <head>
  <title>
</title>
<meta http-equiv="Content-Type" content="text/html;charset=utf-8" />
  <meta name='ocr-system' content='tesseract 3.04.00' />
  <meta name='ocr-capabilities' content='ocr_page ocr_carea ocr_par ocr_line ocrx_word'/>
</head>
<body>
  <div class='ocr_page' id='page_1' title='image "./theologiaemoral00kenrgoog_0241.png"; bbox 0 0 2744 4980; ppageno 0'>
   <div class='ocr_carea' id='block_1_1' title="bbox 83 426 1006 525">
    <p class='ocr_par' dir='ltr' id='par_1_1' title="bbox 83 426 1006 525">
     <span class='ocr_line' id='line_1_1' title="bbox 83 426 1006 525; baseline -0.013 -26"><span class='ocrx_word' id='word_1_1' title='bbox 83 509 86 518; x_wconf 52' lang='grc'><strong>,</strong></span> <span class='ocrx_word' id='word_1_2' title='bbox 191 442 251 525; x_wconf 77' lang='lat' dir='ltr'>sap</span> <span class='ocrx_word' id='word_1_3' title='bbox 370 426 376 435; x_wconf 82' lang='lat'>·</span> <span class='ocrx_word' id='word_1_4' title='bbox 478 432 536 493; x_wconf 83' lang='lat' dir='ltr'>ns</span> <span class='ocrx_word' id='word_1_5' title='bbox 556 430 736 494; x_wconf 77' lang='lat' dir='ltr'>necinus</span> <span class='ocrx_word' id='word_1_6' title='bbox 755 427 1006 491; x_wconf 77' lang='lat' dir='ltr'>servamus.</span> 
     </span>
    </p>
   </div>
   <div class='ocr_carea' id='block_1_2' title="bbox 138 593 1298 3437">
    <p class='ocr_par' dir='ltr' id='par_1_2' title="bbox 138 593 1298 3437">
     <span class='ocr_line' id='line_1_2' title="bbox 187 593 1297 678; baseline -0.008 -19"><span class='ocrx_word' id='word_1_7' title='bbox 187 603 252 678; x_wconf 84' lang='lat' dir='ltr'>jure</span> <span class='ocrx_word' id='word_1_8' title='bbox 264 618 318 659; x_wconf 89' lang='lat' dir='ltr'>suo</span> <span class='ocrx_word' id='word_1_9' title='bbox 338 598 468 658; x_wconf 90' lang='lat' dir='ltr'>nolentes</span> <span class='ocrx_word' id='word_1_10' title='bbox 484 599 536 666; x_wconf 90' lang='lat' dir='ltr'>uti,</span> <span class='ocrx_word' id='word_1_11' title='bbox 557 617 592 655; x_wconf 92' lang='lat' dir='ltr'>ne</span> <span class='ocrx_word' id='word_1_12' title='bbox 612 598 687 655; x_wconf 91' lang='lat' dir='ltr'>obici</span> <span class='ocrx_word' id='word_1_13' title='bbox 707 597 802 657; x_wconf 82' lang='lat' dir='ltr'>forent</span> <span class='ocrx_word' id='word_1_14' title='bbox 814 596 899 654; x_wconf 88' lang='lat' dir='ltr'>saluti</span> <span class='ocrx_word' id='word_1_15' title='bbox 913 596 1081 654; x_wconf 85' lang='lat' dir='ltr'>animarum.</span> <span class='ocrx_word' id='word_1_16' title='bbox 1123 593 1297 653; x_wconf 87' lang='lat' dir='ltr'>“Ministri</span> 
     </span>
     <span class='ocr_line' id='line_1_3' title="bbox 192 693 1297 774; baseline -0.008 -14"><span class='ocrx_word' id='word_1_17' title='bbox 192 699 333 759; x_wconf 68' lang='lat' dir='ltr'>Ecclesiae</span> <span class='ocrx_word' id='word_1_18' title='bbox 355 698 492 774; x_wconf 83' lang='lat' dir='ltr'>majorem</span> <span class='ocrx_word' id='word_1_19' title='bbox 512 715 609 755; x_wconf 90' lang='lat' dir='ltr'>curam</span> <span class='ocrx_word' id='word_1_20' title='bbox 634 694 738 754; x_wconf 84' lang='lat' dir='ltr'>debent</span> <span class='ocrx_word' id='word_1_21' title='bbox 756 694 860 752; x_wconf 91' lang='lat' dir='ltr'>habere</span> <span class='ocrx_word' id='word_1_22' title='bbox 879 694 1072 770; x_wconf 78' lang='lat' dir='ltr'>spiritualium</span> <span class='ocrx_word' id='word_1_23' title='bbox 1093 693 1243 752; x_wconf 90' lang='lat' dir='ltr'>bonorum</span> <span class='ocrx_word' id='word_1_24' title='bbox 1266 695 1297 750; x_wconf 92' lang='lat' dir='ltr'>in</span> 
     </span>
     <span class='ocr_line' id='line_1_4' title="bbox 190 791 1298 876; baseline -0.008 -19"><span class='ocrx_word' id='word_1_25' title='bbox 190 798 298 876; x_wconf 91' lang='lat' dir='ltr'>populo</span> <span class='ocrx_word' id='word_1_26' title='bbox 312 794 571 873; x_wconf 81' lang='lat' dir='ltr'>promovendorum</span> <span class='ocrx_word' id='word_1_27' title='bbox 583 811 671 866; x_wconf 90' lang='lat' dir='ltr'>quam</span> <span class='ocrx_word' id='word_1_28' title='bbox 684 793 883 871; x_wconf 79' lang='lat' dir='ltr'>temporalium</span> <span class='ocrx_word' id='word_1_29' title='bbox 890 792 1125 870; x_wconf 85' lang='lat' dir='ltr'>colligendorum.</span> <span class='ocrx_word' id='word_1_30' title='bbox 1171 792 1213 850; x_wconf 87' lang='lat' dir='ltr'>Et</span> <span class='ocrx_word' id='word_1_31' title='bbox 1227 791 1298 848; x_wconf 87' lang='lat' dir='ltr'>ideo</span> 
     </span>
     <span class='ocr_line' id='line_1_5' title="bbox 192 891 1295 975; baseline -0.008 -18"><span class='ocrx_word' id='word_1_32' title='bbox 192 896 349 975; x_wconf 77' lang='lat' dir='ltr'><strong>Apostolus</strong></span> <span class='ocrx_word' id='word_1_33' title='bbox 363 894 455 953; x_wconf 92' lang='lat' dir='ltr'>noluit</span> <span class='ocrx_word' id='word_1_34' title='bbox 466 894 507 952; x_wconf 94' lang='lat' dir='ltr'>uti</span> <span class='ocrx_word' id='word_1_35' title='bbox 521 902 659 969; x_wconf 76' lang='lat' dir='ltr'><strong>potestate</strong></span> <span class='ocrx_word' id='word_1_36' title='bbox 671 893 726 952; x_wconf 91' lang='lat' dir='ltr'>sibi</span> <span class='ocrx_word' id='word_1_37' title='bbox 738 912 755 949; x_wconf 93' lang='lat' dir='ltr'>a</span> <span class='ocrx_word' id='word_1_38' title='bbox 767 892 894 951; x_wconf 88' lang='lat' dir='ltr'>Domino</span> <span class='ocrx_word' id='word_1_39' title='bbox 917 891 1026 960; x_wconf 84' lang='lat' dir='ltr'>tradita,</span> <span class='ocrx_word' id='word_1_40' title='bbox 1039 901 1072 951; x_wconf 94' lang='lat' dir='ltr'>ut</span> <span class='ocrx_word' id='word_1_41' title='bbox 1089 891 1203 949; x_wconf 86' lang='lat' dir='ltr'>scilicet</span> <span class='ocrx_word' id='word_1_42' title='bbox 1216 893 1295 948; x_wconf 88' lang='lat' dir='ltr'>acci·</span> 
     </span>
     <span class='ocr_line' id='line_1_6' title="bbox 192 989 1297 1074; baseline -0.008 -19"><span class='ocrx_word' id='word_1_43' title='bbox 192 1006 273 1074; x_wconf 84' lang='lat' dir='ltr'>peret</span> <span class='ocrx_word' id='word_1_44' title='bbox 281 992 422 1072; x_wconf 90' lang='lat' dir='ltr'>stipendia</span> <span class='ocrx_word' id='word_1_45' title='bbox 431 993 523 1051; x_wconf 85' lang='lat' dir='ltr'>victrrs</span> <span class='ocrx_word' id='word_1_46' title='bbox 533 993 567 1050; x_wconf 92' lang='lat' dir='ltr'>ab</span> <span class='ocrx_word' id='word_1_47' title='bbox 576 991 622 1049; x_wconf 91' lang='lat' dir='ltr'>his</span> <span class='ocrx_word' id='word_1_48' title='bbox 632 992 734 1063; x_wconf 89' lang='lat' dir='ltr'>quibus</span> <span class='ocrx_word' id='word_1_49' title='bbox 742 990 933 1068; x_wconf 88' lang='lat' dir='ltr'>Evangelium</span> <span class='ocrx_word' id='word_1_50' title='bbox 944 989 1121 1066; x_wconf 74' lang='lat' dir='ltr'>praedicabat,</span> <span class='ocrx_word' id='word_1_51' title='bbox 1129 1008 1169 1048; x_wconf 82' lang='lat' dir='ltr'>uc</span> <span class='ocrx_word' id='word_1_52' title='bbox 1178 989 1297 1048; x_wconf 87' lang='lat' dir='ltr'>daremr</span> 
     </span>
     <span class='ocr_line' id='line_1_7' title="bbox 194 1087 1296 1170; baseline -0.007 -17"><span class='ocrx_word' id='word_1_53' title='bbox 194 1093 311 1167; x_wconf 82' lang='lat' dir='ltr'>aliquod</span> <span class='ocrx_word' id='word_1_54' title='bbox 323 1089 560 1170; x_wconf 81' lang='lat' dir='ltr'>impedimentum</span> <span class='ocrx_word' id='word_1_55' title='bbox 575 1090 736 1168; x_wconf 87' lang='lat' dir='ltr'>Evangelio</span> <span class='ocrx_word' id='word_1_56' title='bbox 751 1089 870 1149; x_wconf 82' lang='lat' dir='ltr'>Christi.</span> <span class='ocrx_word' id='word_1_57' title='bbox 899 1088 928 1147; x_wconf 93' lang='lat' dir='ltr'>N</span> <span class='ocrx_word' id='word_1_58' title='bbox 931 1106 964 1147; x_wconf 92' lang='lat' dir='ltr'>ec</span> <span class='ocrx_word' id='word_1_59' title='bbox 974 1100 1067 1148; x_wconf 87' lang='lat' dir='ltr'>temen</span> <span class='ocrx_word' id='word_1_60' title='bbox 1076 1090 1238 1167; x_wconf 82' lang='lat' dir='ltr'>peccabant</span> <span class='ocrx_word' id='word_1_61' title='bbox 1253 1087 1296 1146; x_wconf 88' lang='lat' dir='ltr'>illi</span> 
     </span>
     <span class='ocr_line' id='line_1_8' title="bbox 193 1187 1291 1266; baseline -0.005 -15"><span class='ocrx_word' id='word_1_62' title='bbox 193 1194 283 1266; x_wconf 84' lang='lat' dir='ltr'>quisi</span> <span class='ocrx_word' id='word_1_63' title='bbox 296 1210 354 1250; x_wconf 89' lang='lat' dir='ltr'>uon</span> <span class='ocrx_word' id='word_1_64' title='bbox 367 1190 587 1257; x_wconf 72' lang='lat' dir='ltr'>subveniebantr</span> <span class='ocrx_word' id='word_1_65' title='bbox 609 1190 736 1262; x_wconf 85' lang='lat' dir='ltr'>alioquin</span> <span class='ocrx_word' id='word_1_66' title='bbox 749 1187 905 1266; x_wconf 74' lang='lat' dir='ltr'>Apostolus</span> <span class='ocrx_word' id='word_1_67' title='bbox 919 1205 969 1247; x_wconf 89' lang='lat' dir='ltr'>eos</span> <span class='ocrx_word' id='word_1_68' title='bbox 984 1189 1125 1265; x_wconf 74' lang='lat' dir='ltr'>corrigere</span> <span class='ocrx_word' id='word_1_69' title='bbox 1140 1207 1200 1247; x_wconf 91' lang='lat' dir='ltr'>non</span> <span class='ocrx_word' id='word_1_70' title='bbox 1214 1190 1291 1246; x_wconf 90' lang='lat' dir='ltr'>omi·</span> 
     </span>
     <span class='ocr_line' id='line_1_9' title="bbox 166 1285 1292 1350; baseline -0.004 -2"><span class='ocrx_word' id='word_1_71' title='bbox 166 1303 172 1314; x_wconf 87' lang='lat'><strong>·</strong></span> <span class='ocrx_word' id='word_1_72' title='bbox 192 1293 288 1350; x_wconf 85' lang='lat' dir='ltr'>sisset.</span> <span class='ocrx_word' id='word_1_73' title='bbox 330 1290 371 1349; x_wconf 88' lang='lat' dir='ltr'>Et</span> <span class='ocrx_word' id='word_1_74' title='bbox 383 1289 514 1349; x_wconf 91' lang='lat' dir='ltr'>similiter</span> <span class='ocrx_word' id='word_1_75' title='bbox 522 1288 699 1348; x_wconf 90' lang='lat' dir='ltr'>laudabiliter</span> <span class='ocrx_word' id='word_1_76' title='bbox 718 1289 841 1350; x_wconf 89' lang='lat' dir='ltr'>ministri</span> <span class='ocrx_word' id='word_1_77' title='bbox 849 1286 991 1347; x_wconf 78' lang='lat' dir='ltr'>Ecclesiae</span> <span class='ocrx_word' id='word_1_78' title='bbox 1004 1285 1129 1345; x_wconf 88' lang='lat' dir='ltr'>decimas</span> <span class='ocrx_word' id='word_1_79' title='bbox 1144 1286 1292 1345; x_wconf 77' lang='lat' dir='ltr'>Ecclesia</span> 
     </span>
     <span class='ocr_line' id='line_1_10' title="bbox 141 1385 1294 1463; baseline -0.007 -13"><span class='ocrx_word' id='word_1_80' title='bbox 141 1405 148 1423; x_wconf 91' lang='lat'><strong>·</strong></span> <span class='ocrx_word' id='word_1_81' title='bbox 192 1408 251 1450; x_wconf 90' lang='lat' dir='ltr'>non</span> <span class='ocrx_word' id='word_1_82' title='bbox 265 1389 419 1461; x_wconf 87' lang='lat' dir='ltr'>requirunt,</span> <span class='ocrx_word' id='word_1_83' title='bbox 434 1388 482 1446; x_wconf 93' lang='lat' dir='ltr'>ubi</span> <span class='ocrx_word' id='word_1_84' title='bbox 495 1389 559 1446; x_wconf 89' lang='lat' dir='ltr'>sine</span> <span class='ocrx_word' id='word_1_85' title='bbox 571 1387 705 1446; x_wconf 88' lang='lat' dir='ltr'>scandalo</span> <span class='ocrx_word' id='word_1_86' title='bbox 717 1388 823 1462; x_wconf 87' lang='lat' dir='ltr'>requiri</span> <span class='ocrx_word' id='word_1_87' title='bbox 835 1405 896 1444; x_wconf 87' lang='lat' dir='ltr'>non</span> <span class='ocrx_word' id='word_1_88' title='bbox 908 1395 1036 1463; x_wconf 87' lang='lat' dir='ltr'>possent,</span> <span class='ocrx_word' id='word_1_89' title='bbox 1050 1395 1168 1462; x_wconf 88' lang='lat' dir='ltr'>propter</span> <span class='ocrx_word' id='word_1_90' title='bbox 1180 1385 1294 1444; x_wconf 88' lang='lat' dir='ltr'>dissue·</span> 
     </span>
     <span class='ocr_line' id='line_1_11' title="bbox 138 1483 1295 1572; baseline -0.003 -26"><span class='ocrx_word' id='word_1_91' title='bbox 138 1554 148 1572; x_wconf 47' lang='grc'>,</span> <span class='ocrx_word' id='word_1_92' title='bbox 193 1488 332 1553; x_wconf 85' lang='lat' dir='ltr'>tudinem,</span> <span class='ocrx_word' id='word_1_93' title='bbox 351 1485 397 1544; x_wconf 89' lang='lat' dir='ltr'>vel</span> <span class='ocrx_word' id='word_1_94' title='bbox 423 1496 539 1563; x_wconf 90' lang='lat' dir='ltr'>propter</span> <span class='ocrx_word' id='word_1_95' title='bbox 558 1484 682 1558; x_wconf 89' lang='lat' dir='ltr'>aliquam</span> <span class='ocrx_word' id='word_1_96' title='bbox 705 1486 790 1545; x_wconf 90' lang='lat' dir='ltr'>aliam</span> <span class='ocrx_word' id='word_1_97' title='bbox 809 1503 935 1542; x_wconf 87' lang='lat' dir='ltr'>causam.</span> <span class='ocrx_word' id='word_1_98' title='bbox 977 1483 1042 1542; x_wconf 86' lang='lat' dir='ltr'>Nec</span> <span class='ocrx_word' id='word_1_99' title='bbox 1062 1494 1159 1543; x_wconf 86' lang='lat' dir='ltr'>tamen</span> <span class='ocrx_word' id='word_1_100' title='bbox 1179 1496 1251 1543; x_wconf 90' lang='lat' dir='ltr'>sunt</span> <span class='ocrx_word' id='word_1_101' title='bbox 1264 1485 1295 1542; x_wconf 91' lang='lat' dir='ltr'>in</span> 
     </span>
     <span class='ocr_line' id='line_1_12' title="bbox 192 1583 1295 1657; baseline -0.004 -13"><span class='ocrx_word' id='word_1_102' title='bbox 192 1596 265 1644; x_wconf 86' lang='lat' dir='ltr'>statu</span> <span class='ocrx_word' id='word_1_103' title='bbox 278 1585 469 1644; x_wconf 81' lang='lat' dir='ltr'>damnationis</span> <span class='ocrx_word' id='word_1_104' title='bbox 483 1585 532 1657; x_wconf 92' lang='lat' dir='ltr'>qui</span> <span class='ocrx_word' id='word_1_105' title='bbox 545 1602 602 1642; x_wconf 90' lang='lat' dir='ltr'>non</span> <span class='ocrx_word' id='word_1_106' title='bbox 615 1584 730 1642; x_wconf 91' lang='lat' dir='ltr'>solvunt</span> <span class='ocrx_word' id='word_1_107' title='bbox 749 1585 779 1642; x_wconf 91' lang='lat' dir='ltr'>in</span> <span class='ocrx_word' id='word_1_108' title='bbox 797 1584 870 1642; x_wconf 90' lang='lat' dir='ltr'>locis</span> <span class='ocrx_word' id='word_1_109' title='bbox 890 1583 957 1649; x_wconf 91' lang='lat' dir='ltr'>illis,</span> <span class='ocrx_word' id='word_1_110' title='bbox 977 1584 1008 1642; x_wconf 90' lang='lat' dir='ltr'>in</span> <span class='ocrx_word' id='word_1_111' title='bbox 1029 1583 1132 1655; x_wconf 88' lang='lat' dir='ltr'>quibus</span> <span class='ocrx_word' id='word_1_112' title='bbox 1154 1583 1295 1654; x_wconf 79' lang='lat' dir='ltr'>Ecclesia</span> 
     </span>
     <span class='ocr_line' id='line_1_13' title="bbox 193 1681 1294 1760; baseline -0.003 -17"><span class='ocrx_word' id='word_1_113' title='bbox 193 1703 252 1744; x_wconf 91' lang='lat' dir='ltr'>non</span> <span class='ocrx_word' id='word_1_114' title='bbox 266 1685 353 1760; x_wconf 85' lang='lat' dir='ltr'>petit:</span> <span class='ocrx_word' id='word_1_115' title='bbox 374 1684 431 1741; x_wconf 88' lang='lat' dir='ltr'>nisi</span> <span class='ocrx_word' id='word_1_116' title='bbox 451 1683 522 1742; x_wconf 89' lang='lat' dir='ltr'>sorte</span> <span class='ocrx_word' id='word_1_117' title='bbox 542 1692 658 1759; x_wconf 87' lang='lat' dir='ltr'>propter</span> <span class='ocrx_word' id='word_1_118' title='bbox 676 1683 894 1741; x_wconf 79' lang='lat' dir='ltr'>obstinationem</span> <span class='ocrx_word' id='word_1_119' title='bbox 914 1683 1013 1750; x_wconf 85' lang='lat' dir='ltr'>animi,</span> <span class='ocrx_word' id='word_1_120' title='bbox 1030 1681 1169 1741; x_wconf 85' lang='lat' dir='ltr'>habentes</span> <span class='ocrx_word' id='word_1_121' title='bbox 1188 1682 1294 1742; x_wconf 86' lang='lat' dir='ltr'>volun·</span> 
     </span>
     <span class='ocr_line' id='line_1_14' title="bbox 196 1777 965 1857; baseline -0.003 -17"><span class='ocrx_word' id='word_1_122' title='bbox 196 1792 281 1840; x_wconf 91' lang='lat' dir='ltr'>tatem</span> <span class='ocrx_word' id='word_1_123' title='bbox 295 1801 353 1840; x_wconf 93' lang='lat' dir='ltr'>non</span> <span class='ocrx_word' id='word_1_124' title='bbox 366 1781 504 1849; x_wconf 89' lang='lat' dir='ltr'>solvendi,</span> <span class='ocrx_word' id='word_1_125' title='bbox 519 1781 640 1839; x_wconf 90' lang='lat' dir='ltr'>etiamsi</span> <span class='ocrx_word' id='word_1_126' title='bbox 653 1781 688 1838; x_wconf 90' lang='lat' dir='ltr'>ab</span> <span class='ocrx_word' id='word_1_127' title='bbox 700 1782 742 1839; x_wconf 86' lang='lat' dir='ltr'>eis</span> <span class='ocrx_word' id='word_1_128' title='bbox 756 1777 965 1857; x_wconf 88' lang='lat' dir='ltr'>peterentur.”l</span> 
     </span>
     <span class='ocr_line' id='line_1_15' title="bbox 235 1879 1293 1956; baseline -0.001 -17"><span class='ocrx_word' id='word_1_129' title='bbox 235 1886 285 1939; x_wconf 80' lang='grc'>64.</span> <span class='ocrx_word' id='word_1_130' title='bbox 306 1880 372 1942; x_wconf 86' lang='lat' dir='ltr'>Jam</span> <span class='ocrx_word' id='word_1_131' title='bbox 392 1898 460 1938; x_wconf 92' lang='lat' dir='ltr'>vero</span> <span class='ocrx_word' id='word_1_132' title='bbox 479 1880 623 1956; x_wconf 84' lang='lat' dir='ltr'>plerisque</span> <span class='ocrx_word' id='word_1_133' title='bbox 643 1881 673 1937; x_wconf 93' lang='lat' dir='ltr'>in</span> <span class='ocrx_word' id='word_1_134' title='bbox 692 1880 764 1938; x_wconf 92' lang='lat' dir='ltr'>locis</span> <span class='ocrx_word' id='word_1_135' title='bbox 783 1879 900 1937; x_wconf 77' lang='lat' dir='ltr'>decima</span> <span class='ocrx_word' id='word_1_136' title='bbox 913 1879 1030 1937; x_wconf 79' lang='lat' dir='ltr'>sublate</span> <span class='ocrx_word' id='word_1_137' title='bbox 1049 1889 1126 1946; x_wconf 89' lang='lat' dir='ltr'>sunt,</span> <span class='ocrx_word' id='word_1_138' title='bbox 1147 1889 1177 1936; x_wconf 92' lang='lat' dir='ltr'>et</span> <span class='ocrx_word' id='word_1_139' title='bbox 1196 1880 1293 1939; x_wconf 80' lang='lat' dir='ltr'>clanis</span> 
     </span>
     <span class='ocr_line' id='line_1_16' title="bbox 194 1976 1293 2054; baseline -0.001 -16"><span class='ocrx_word' id='word_1_140' title='bbox 194 1989 367 2038; x_wconf 88' lang='lat' dir='ltr'>sustentatur</span> <span class='ocrx_word' id='word_1_141' title='bbox 379 1980 425 2037; x_wconf 86' lang='lat' dir='ltr'>vel</span> <span class='ocrx_word' id='word_1_142' title='bbox 443 1978 644 2038; x_wconf 86' lang='lat' dir='ltr'>beneficiorum</span> <span class='ocrx_word' id='word_1_143' title='bbox 664 1976 830 2046; x_wconf 86' lang='lat' dir='ltr'>redditibus,</span> <span class='ocrx_word' id='word_1_144' title='bbox 845 1978 890 2036; x_wconf 92' lang='lat' dir='ltr'>vel</span> <span class='ocrx_word' id='word_1_145' title='bbox 904 1979 1043 2054; x_wconf 88' lang='lat' dir='ltr'>pensione</span> <span class='ocrx_word' id='word_1_146' title='bbox 1061 1996 1157 2039; x_wconf 86' lang='lat' dir='ltr'>annua</span> <span class='ocrx_word' id='word_1_147' title='bbox 1178 1979 1293 2043; x_wconf 81' lang='lat' dir='ltr'>eliseo,</span> 
     </span>
     <span class='ocr_line' id='line_1_17' title="bbox 194 2076 1297 2154; baseline -0.003 -19"><span class='ocrx_word' id='word_1_148' title='bbox 194 2080 240 2136; x_wconf 83' lang='lat' dir='ltr'>vel</span> <span class='ocrx_word' id='word_1_149' title='bbox 253 2076 380 2137; x_wconf 87' lang='lat' dir='ltr'>fidelium</span> <span class='ocrx_word' id='word_1_150' title='bbox 393 2079 499 2136; x_wconf 87' lang='lat' dir='ltr'>incerta</span> <span class='ocrx_word' id='word_1_151' title='bbox 510 2077 646 2154; x_wconf 87' lang='lat' dir='ltr'>largitate.</span> <span class='ocrx_word' id='word_1_152' title='bbox 688 2077 722 2136; x_wconf 90' lang='lat' dir='ltr'>ln</span> <span class='ocrx_word' id='word_1_153' title='bbox 742 2076 789 2135; x_wconf 89' lang='lat' dir='ltr'>his</span> <span class='ocrx_word' id='word_1_154' title='bbox 807 2077 961 2153; x_wconf 85' lang='lat' dir='ltr'>provinciis</span> <span class='ocrx_word' id='word_1_155' title='bbox 983 2095 1045 2136; x_wconf 90' lang='lat' dir='ltr'>mos</span> <span class='ocrx_word' id='word_1_156' title='bbox 1064 2077 1120 2136; x_wconf 84' lang='lat' dir='ltr'>late</span> <span class='ocrx_word' id='word_1_157' title='bbox 1140 2077 1297 2135; x_wconf 82' lang='lat' dir='ltr'>obtinetur</span> 
     </span>
     <span class='ocr_line' id='line_1_18' title="bbox 194 2174 1297 2253; baseline -0.001 -19"><span class='ocrx_word' id='word_1_158' title='bbox 194 2194 312 2235; x_wconf 89' lang='lat' dir='ltr'>scamna</span> <span class='ocrx_word' id='word_1_159' title='bbox 333 2176 460 2236; x_wconf 86' lang='lat' dir='ltr'>locentur</span> <span class='ocrx_word' id='word_1_160' title='bbox 481 2178 512 2234; x_wconf 93' lang='lat' dir='ltr'>in</span> <span class='ocrx_word' id='word_1_161' title='bbox 531 2176 662 2243; x_wconf 90' lang='lat' dir='ltr'>ecclesia,</span> <span class='ocrx_word' id='word_1_162' title='bbox 688 2175 735 2234; x_wconf 87' lang='lat' dir='ltr'>vel</span> <span class='ocrx_word' id='word_1_163' title='bbox 759 2174 925 2243; x_wconf 86' lang='lat' dir='ltr'>vendentur,</span> <span class='ocrx_word' id='word_1_164' title='bbox 947 2185 1022 2234; x_wconf 90' lang='lat' dir='ltr'>certa</span> <span class='ocrx_word' id='word_1_165' title='bbox 1043 2176 1184 2253; x_wconf 90' lang='lat' dir='ltr'>pensione</span> <span class='ocrx_word' id='word_1_166' title='bbox 1197 2195 1297 2235; x_wconf 88' lang='lat' dir='ltr'>annua</span> 
     </span>
     <span class='ocr_line' id='line_1_19' title="bbox 194 2273 1294 2350; baseline -0.001 -16"><span class='ocrx_word' id='word_1_167' title='bbox 194 2274 342 2342; x_wconf 86' lang='lat' dir='ltr'>solvenda,</span> <span class='ocrx_word' id='word_1_168' title='bbox 369 2285 399 2333; x_wconf 93' lang='lat' dir='ltr'>et</span> <span class='ocrx_word' id='word_1_169' title='bbox 421 2292 458 2333; x_wconf 85' lang='lat' dir='ltr'>ex</span> <span class='ocrx_word' id='word_1_170' title='bbox 483 2275 638 2334; x_wconf 89' lang='lat' dir='ltr'>redditibus</span> <span class='ocrx_word' id='word_1_171' title='bbox 663 2274 765 2350; x_wconf 90' lang='lat' dir='ltr'>pensio</span> <span class='ocrx_word' id='word_1_172' title='bbox 788 2273 951 2350; x_wconf 74' lang='lat' dir='ltr'>adsignetur</span> <span class='ocrx_word' id='word_1_173' title='bbox 975 2275 1190 2334; x_wconf 85' lang='lat' dir='ltr'>sacerdotibus:</span> <span class='ocrx_word' id='word_1_174' title='bbox 1213 2276 1294 2333; x_wconf 90' lang='lat' dir='ltr'>unde</span> 
     </span>
     <span class='ocr_line' id='line_1_20' title="bbox 194 2372 1295 2451; baseline 0 -19"><span class='ocrx_word' id='word_1_175' title='bbox 194 2375 362 2450; x_wconf 85' lang='lat' dir='ltr'>gravissima</span> <span class='ocrx_word' id='word_1_176' title='bbox 374 2373 555 2433; x_wconf 89' lang='lat' dir='ltr'>incommoda</span> <span class='ocrx_word' id='word_1_177' title='bbox 568 2382 596 2430; x_wconf 91' lang='lat' dir='ltr'>et</span> <span class='ocrx_word' id='word_1_178' title='bbox 608 2372 683 2433; x_wconf 91' lang='lat' dir='ltr'>mala</span> <span class='ocrx_word' id='word_1_179' title='bbox 694 2382 827 2432; x_wconf 90' lang='lat' dir='ltr'>ortaesse</span> <span class='ocrx_word' id='word_1_180' title='bbox 841 2390 928 2434; x_wconf 90' lang='lat' dir='ltr'>nemo</span> <span class='ocrx_word' id='word_1_181' title='bbox 938 2374 1072 2449; x_wconf 81' lang='lat' dir='ltr'>ignorat·</span> <span class='ocrx_word' id='word_1_182' title='bbox 1099 2375 1172 2440; x_wconf 76' lang='lat' dir='ltr'>Qua</span> <span class='ocrx_word' id='word_1_183' title='bbox 1186 2387 1295 2451; x_wconf 90' lang='lat' dir='ltr'>sponte</span> 
     </span>
     <span class='ocr_line' id='line_1_21' title="bbox 194 2469 1292 2549; baseline 0.001 -18"><span class='ocrx_word' id='word_1_184' title='bbox 194 2469 263 2531; x_wconf 64' lang='lat' dir='ltr'>hut</span> <span class='ocrx_word' id='word_1_185' title='bbox 274 2469 373 2528; x_wconf 87' lang='lat' dir='ltr'>fideles</span> <span class='ocrx_word' id='word_1_186' title='bbox 396 2472 545 2530; x_wconf 84' lang='lat' dir='ltr'>occasione</span> <span class='ocrx_word' id='word_1_187' title='bbox 568 2472 700 2549; x_wconf 89' lang='lat' dir='ltr'>baptismi</span> <span class='ocrx_word' id='word_1_188' title='bbox 719 2481 749 2529; x_wconf 87' lang='lat' dir='ltr'>et</span> <span class='ocrx_word' id='word_1_189' title='bbox 768 2473 941 2535; x_wconf 84' lang='lat' dir='ltr'>matrimonii</span> <span class='ocrx_word' id='word_1_190' title='bbox 963 2472 1047 2532; x_wconf 87' lang='lat' dir='ltr'>etiam</span> <span class='ocrx_word' id='word_1_191' title='bbox 1060 2475 1092 2532; x_wconf 92' lang='lat' dir='ltr'>in</span> <span class='ocrx_word' id='word_1_192' title='bbox 1104 2473 1292 2532; x_wconf 89' lang='lat' dir='ltr'>sacerdotum</span> 
     </span>
     <span class='ocr_line' id='line_1_22' title="bbox 194 2568 1291 2646; baseline 0.004 -19"><span class='ocrx_word' id='word_1_193' title='bbox 194 2569 426 2627; x_wconf 88' lang='lat' dir='ltr'>sustentationem</span> <span class='ocrx_word' id='word_1_194' title='bbox 440 2568 553 2637; x_wconf 91' lang='lat' dir='ltr'>cedunt,</span> <span class='ocrx_word' id='word_1_195' title='bbox 567 2579 596 2628; x_wconf 88' lang='lat' dir='ltr'>et</span> <span class='ocrx_word' id='word_1_196' title='bbox 608 2587 672 2642; x_wconf 79' lang='lat' dir='ltr'>quaa</span> <span class='ocrx_word' id='word_1_197' title='bbox 685 2569 741 2627; x_wconf 92' lang='lat' dir='ltr'>alio</span> <span class='ocrx_word' id='word_1_198' title='bbox 760 2571 864 2643; x_wconf 86' lang='lat' dir='ltr'>quovis</span> <span class='ocrx_word' id='word_1_199' title='bbox 884 2580 968 2646; x_wconf 92' lang='lat' dir='ltr'>pacto</span> <span class='ocrx_word' id='word_1_200' title='bbox 987 2571 1102 2630; x_wconf 83' lang='lat' dir='ltr'>donant</span> <span class='ocrx_word' id='word_1_201' title='bbox 1144 2570 1179 2630; x_wconf 94' lang='lat' dir='ltr'>ld</span> <span class='ocrx_word' id='word_1_202' title='bbox 1192 2582 1291 2631; x_wconf 91' lang='lat' dir='ltr'>autem</span> 
     </span>
     <span class='ocr_line' id='line_1_23' title="bbox 172 2667 1290 2746; baseline 0.001 -18"><span class='ocrx_word' id='word_1_203' title='bbox 172 2734 173 2737; x_wconf 8' lang='grc' dir='ltr'><strong>Ἴ</strong></span> <span class='ocrx_word' id='word_1_204' title='bbox 194 2669 328 2728; x_wconf 87' lang='lat' dir='ltr'>omnibus</span> <span class='ocrx_word' id='word_1_205' title='bbox 354 2685 522 2743; x_wconf 85' lang='lat' dir='ltr'>persuasum</span> <span class='ocrx_word' id='word_1_206' title='bbox 548 2687 612 2726; x_wconf 88' lang='lat' dir='ltr'>esse</span> <span class='ocrx_word' id='word_1_207' title='bbox 635 2667 717 2724; x_wconf 83' lang='lat' dir='ltr'>debet</span> <span class='ocrx_word' id='word_1_208' title='bbox 736 2680 865 2744; x_wconf 86' lang='lat' dir='ltr'>oportere</span> <span class='ocrx_word' id='word_1_209' title='bbox 884 2679 916 2728; x_wconf 91' lang='lat' dir='ltr'>ut</span> <span class='ocrx_word' id='word_1_210' title='bbox 934 2669 1039 2746; x_wconf 83' lang='lat' dir='ltr'>singuli</span> <span class='ocrx_word' id='word_1_211' title='bbox 1058 2688 1111 2746; x_wconf 92' lang='lat' dir='ltr'>pro</span> <span class='ocrx_word' id='word_1_212' title='bbox 1130 2688 1183 2728; x_wconf 90' lang='lat' dir='ltr'>sua</span> <span class='ocrx_word' id='word_1_213' title='bbox 1205 2682 1290 2746; x_wconf 86' lang='lat' dir='ltr'>parte</span> 
     </span>
     <span class='ocr_line' id='line_1_24' title="bbox 195 2764 1289 2845; baseline 0.001 -21"><span class='ocrx_word' id='word_1_214' title='bbox 195 2764 301 2839; x_wconf 92' lang='lat' dir='ltr'>aliquid</span> <span class='ocrx_word' id='word_1_215' title='bbox 313 2766 468 2832; x_wconf 86' lang='lat' dir='ltr'>conserant,</span> <span class='ocrx_word' id='word_1_216' title='bbox 482 2784 519 2824; x_wconf 87' lang='lat' dir='ltr'>ne</span> <span class='ocrx_word' id='word_1_217' title='bbox 538 2765 741 2824; x_wconf 85' lang='lat' dir='ltr'>sustentatione</span> <span class='ocrx_word' id='word_1_218' title='bbox 759 2769 922 2826; x_wconf 88' lang='lat' dir='ltr'>necessaria</span> <span class='ocrx_word' id='word_1_219' title='bbox 941 2767 1086 2845; x_wconf 81' lang='lat' dir='ltr'>indigeant</span> <span class='ocrx_word' id='word_1_220' title='bbox 1104 2767 1289 2829; x_wconf 59' lang='lat' dir='ltr'>sacerdotes:</span> 
     </span>
     <span class='ocr_line' id='line_1_25' title="bbox 194 2862 1292 2943; baseline 0.004 -23"><span class='ocrx_word' id='word_1_221' title='bbox 194 2863 247 2921; x_wconf 88' lang='lat' dir='ltr'>ssd</span> <span class='ocrx_word' id='word_1_222' title='bbox 259 2862 395 2935; x_wconf 89' lang='lat' dir='ltr'>quamdiu</span> <span class='ocrx_word' id='word_1_223' title='bbox 408 2863 485 2922; x_wconf 90' lang='lat' dir='ltr'>nulla</span> <span class='ocrx_word' id='word_1_224' title='bbox 497 2874 572 2923; x_wconf 88' lang='lat' dir='ltr'>certa</span> <span class='ocrx_word' id='word_1_225' title='bbox 583 2865 647 2941; x_wconf 86' lang='lat' dir='ltr'>lege</span> <span class='ocrx_word' id='word_1_226' title='bbox 661 2882 734 2922; x_wconf 90' lang='lat' dir='ltr'>onus</span> <span class='ocrx_word' id='word_1_227' title='bbox 748 2867 903 2943; x_wconf 82' lang='lat' dir='ltr'>injungitur</span> <span class='ocrx_word' id='word_1_228' title='bbox 921 2875 950 2924; x_wconf 89' lang='lat' dir='ltr'>et</span> <span class='ocrx_word' id='word_1_229' title='bbox 968 2865 1111 2935; x_wconf 82' lang='lat' dir='ltr'>delinitur,</span> <span class='ocrx_word' id='word_1_230' title='bbox 1131 2885 1190 2927; x_wconf 91' lang='lat' dir='ltr'>non</span> <span class='ocrx_word' id='word_1_231' title='bbox 1204 2867 1292 2925; x_wconf 86' lang='lat' dir='ltr'>aude-</span> 
     </span>
     <span class='ocr_line' id='line_1_26' title="bbox 195 2962 1293 3044; baseline 0.006 -26"><span class='ocrx_word' id='word_1_232' title='bbox 195 2979 259 3018; x_wconf 86' lang='lat' dir='ltr'>mus</span> <span class='ocrx_word' id='word_1_233' title='bbox 279 2963 388 3037; x_wconf 89' lang='lat' dir='ltr'>peccati</span> <span class='ocrx_word' id='word_1_234' title='bbox 412 2962 537 3021; x_wconf 89' lang='lat' dir='ltr'>mortalis</span> <span class='ocrx_word' id='word_1_235' title='bbox 557 2962 691 3022; x_wconf 86' lang='lat' dir='ltr'>damnare</span> <span class='ocrx_word' id='word_1_236' title='bbox 711 2981 778 3022; x_wconf 84' lang='lat' dir='ltr'>aum</span> <span class='ocrx_word' id='word_1_237' title='bbox 799 2965 851 3037; x_wconf 92' lang='lat' dir='ltr'>qui</span> <span class='ocrx_word' id='word_1_238' title='bbox 870 2965 974 3023; x_wconf 91' lang='lat' dir='ltr'>omittit</span> <span class='ocrx_word' id='word_1_239' title='bbox 993 2983 1104 3038; x_wconf 78' lang='lat' dir='ltr'>aquam</span> <span class='ocrx_word' id='word_1_240' title='bbox 1125 2967 1293 3044; x_wconf 88' lang='lat' dir='ltr'>portionem</span> 
     </span>
     <span class='ocr_line' id='line_1_27' title="bbox 195 3058 1292 3138; baseline 0.006 -22"><span class='ocrx_word' id='word_1_241' title='bbox 195 3058 335 3126; x_wconf 80' lang='lat' dir='ltr'>conferre,</span> <span class='ocrx_word' id='word_1_242' title='bbox 350 3060 461 3131; x_wconf 91' lang='lat' dir='ltr'>quoties</span> <span class='ocrx_word' id='word_1_243' title='bbox 474 3078 533 3118; x_wconf 91' lang='lat' dir='ltr'>non</span> <span class='ocrx_word' id='word_1_244' title='bbox 546 3070 590 3117; x_wconf 89' lang='lat' dir='ltr'>est</span> <span class='ocrx_word' id='word_1_245' title='bbox 602 3062 761 3138; x_wconf 87' lang='lat' dir='ltr'>periculum</span> <span class='ocrx_word' id='word_1_246' title='bbox 783 3081 820 3121; x_wconf 91' lang='lat' dir='ltr'>ne</span> <span class='ocrx_word' id='word_1_247' title='bbox 842 3063 1002 3122; x_wconf 82' lang='lat' dir='ltr'>sacerdotes</span> <span class='ocrx_word' id='word_1_248' title='bbox 1016 3082 1051 3122; x_wconf 89' lang='lat' dir='ltr'>ea</span> <span class='ocrx_word' id='word_1_249' title='bbox 1069 3065 1104 3122; x_wconf 88' lang='lat' dir='ltr'>de</span> <span class='ocrx_word' id='word_1_250' title='bbox 1117 3083 1205 3124; x_wconf 88' lang='lat' dir='ltr'>causa</span> <span class='ocrx_word' id='word_1_251' title='bbox 1218 3066 1292 3123; x_wconf 88' lang='lat' dir='ltr'>indi·</span> 
     </span>
     <span class='ocr_line' id='line_1_28' title="bbox 195 3155 1295 3239; baseline 0.006 -25"><span class='ocrx_word' id='word_1_252' title='bbox 195 3167 289 3234; x_wconf 87' lang='lat' dir='ltr'>geant,</span> <span class='ocrx_word' id='word_1_253' title='bbox 304 3157 348 3215; x_wconf 91' lang='lat' dir='ltr'>vel</span> <span class='ocrx_word' id='word_1_254' title='bbox 361 3157 410 3215; x_wconf 90' lang='lat' dir='ltr'>alii</span> <span class='ocrx_word' id='word_1_255' title='bbox 422 3155 521 3215; x_wconf 87' lang='lat' dir='ltr'>fideles</span> <span class='ocrx_word' id='word_1_256' title='bbox 541 3158 626 3217; x_wconf 90' lang='lat' dir='ltr'>nimis</span> <span class='ocrx_word' id='word_1_257' title='bbox 646 3168 804 3236; x_wconf 83' lang='lat' dir='ltr'>graventur.</span> <span class='ocrx_word' id='word_1_258' title='bbox 846 3161 892 3219; x_wconf 94' lang='lat' dir='ltr'>llli</span> <span class='ocrx_word' id='word_1_259' title='bbox 911 3171 1006 3220; x_wconf 90' lang='lat' dir='ltr'>autem</span> <span class='ocrx_word' id='word_1_260' title='bbox 1026 3165 1076 3235; x_wconf 92' lang='lat' dir='ltr'>qui</span> <span class='ocrx_word' id='word_1_261' title='bbox 1096 3182 1154 3239; x_wconf 85' lang='lat' dir='ltr'>prae</span> <span class='ocrx_word' id='word_1_262' title='bbox 1176 3165 1295 3222; x_wconf 88' lang='lat' dir='ltr'>avaritia</span> 
     </span>
     <span class='ocr_line' id='line_1_29' title="bbox 196 3255 1296 3336; baseline 0.006 -23"><span class='ocrx_word' id='word_1_263' title='bbox 196 3266 327 3315; x_wconf 85' lang='lat' dir='ltr'>recusant</span> <span class='ocrx_word' id='word_1_264' title='bbox 338 3255 409 3329; x_wconf 91' lang='lat' dir='ltr'>quid</span> <span class='ocrx_word' id='word_1_265' title='bbox 421 3255 497 3324; x_wconf 90' lang='lat' dir='ltr'>dare,</span> <span class='ocrx_word' id='word_1_266' title='bbox 511 3258 590 3316; x_wconf 89' lang='lat' dir='ltr'>iniis</span> <span class='ocrx_word' id='word_1_267' title='bbox 603 3275 666 3329; x_wconf 81' lang='lat' dir='ltr'>quae</span> <span class='ocrx_word' id='word_1_268' title='bbox 686 3259 874 3319; x_wconf 90' lang='lat' dir='ltr'>indicavimus</span> <span class='ocrx_word' id='word_1_269' title='bbox 888 3259 1038 3336; x_wconf 78' lang='lat' dir='ltr'>adjurans,</span> <span class='ocrx_word' id='word_1_270' title='bbox 1051 3261 1182 3320; x_wconf 85' lang='lat' dir='ltr'>videntur</span> <span class='ocrx_word' id='word_1_271' title='bbox 1202 3264 1296 3336; x_wconf 88' lang='lat' dir='ltr'>gravi·</span> 
     </span>
     <span class='ocr_line' id='line_1_30' title="bbox 197 3354 1293 3437; baseline 0.005 -25"><span class='ocrx_word' id='word_1_272' title='bbox 197 3363 240 3412; x_wconf 88' lang='lat' dir='ltr'>ter</span> <span class='ocrx_word' id='word_1_273' title='bbox 261 3357 312 3422; x_wconf 90' lang='lat' dir='ltr'>rei,</span> <span class='ocrx_word' id='word_1_274' title='bbox 335 3364 364 3412; x_wconf 93' lang='lat' dir='ltr'>et</span> <span class='ocrx_word' id='word_1_275' title='bbox 384 3354 495 3432; x_wconf 88' lang='lat' dir='ltr'>indigni</span> <span class='ocrx_word' id='word_1_276' title='bbox 515 3356 598 3416; x_wconf 90' lang='lat' dir='ltr'>venia</span> <span class='ocrx_word' id='word_1_277' title='bbox 615 3358 830 3417; x_wconf 88' lang='lat' dir='ltr'>sacramentali:</span> <span class='ocrx_word' id='word_1_278' title='bbox 852 3359 959 3418; x_wconf 89' lang='lat' dir='ltr'>violant</span> <span class='ocrx_word' id='word_1_279' title='bbox 971 3361 1048 3419; x_wconf 84' lang='lat' dir='ltr'>enirn</span> <span class='ocrx_word' id='word_1_280' title='bbox 1060 3359 1156 3437; x_wconf 87' lang='lat' dir='ltr'>legem</span> <span class='ocrx_word' id='word_1_281' title='bbox 1178 3359 1293 3418; x_wconf 86' lang='lat' dir='ltr'>Christi</span> 
     </span>
    </p>
   </div>
   <div class='ocr_carea' id='block_1_3' title="bbox 196 3451 1292 3622">
    <p class='ocr_par' dir='ltr' id='par_1_3' title="bbox 196 3451 1292 3622">
     <span class='ocr_line' id='line_1_31' title="bbox 197 3451 1292 3534; baseline 0.005 -24"><span class='ocrx_word' id='word_1_282' title='bbox 197 3451 316 3513; x_wconf 88' lang='lat' dir='ltr'>Domini</span> <span class='ocrx_word' id='word_1_283' title='bbox 341 3451 377 3510; x_wconf 90' lang='lat' dir='ltr'>de</span> <span class='ocrx_word' id='word_1_284' title='bbox 403 3455 599 3514; x_wconf 88' lang='lat' dir='ltr'>ministromm</span> <span class='ocrx_word' id='word_1_285' title='bbox 625 3456 778 3534; x_wconf 86' lang='lat' dir='ltr'>Evangelii</span> <span class='ocrx_word' id='word_1_286' title='bbox 807 3458 1020 3525; x_wconf 84' lang='lat' dir='ltr'>sustentatione,</span> <span class='ocrx_word' id='word_1_287' title='bbox 1046 3470 1075 3518; x_wconf 88' lang='lat' dir='ltr'>et</span> <span class='ocrx_word' id='word_1_288' title='bbox 1099 3478 1130 3519; x_wconf 92' lang='lat' dir='ltr'>se</span> <span class='ocrx_word' id='word_1_289' title='bbox 1158 3459 1292 3531; x_wconf 89' lang='lat' dir='ltr'>aliosque</span> 
     </span>
     <span class='ocr_line' id='line_1_32' title="bbox 196 3548 626 3622; baseline 0.016 -18"><span class='ocrx_word' id='word_1_290' title='bbox 196 3548 334 3622; x_wconf 87' lang='lat' dir='ltr'>objiciunt</span> <span class='ocrx_word' id='word_1_291' title='bbox 346 3549 506 3610; x_wconf 87' lang='lat' dir='ltr'>discrimini</span> <span class='ocrx_word' id='word_1_292' title='bbox 518 3554 626 3610; x_wconf 85' lang='lat' dir='ltr'>salutis.</span> 
     </span>
    </p>
   </div>
   <div class='ocr_carea' id='block_1_4' title="bbox 468 3716 997 3786">
    <p class='ocr_par' dir='ltr' id='par_1_4' title="bbox 468 3716 997 3786">
     <span class='ocr_line' id='line_1_33' title="bbox 468 3716 997 3786; baseline 0.015 -24"><span class='ocrx_word' id='word_1_293' title='bbox 468 3716 510 3780; x_wconf 89' lang='lat' dir='ltr'>(l)</span> <span class='ocrx_word' id='word_1_294' title='bbox 530 3719 554 3764; x_wconf 80' lang='lat'>2.</span> <span class='ocrx_word' id='word_1_295' title='bbox 567 3721 590 3766; x_wconf 80' lang='lat'>2.</span> <span class='ocrx_word' id='word_1_296' title='bbox 600 3733 623 3781; x_wconf 91' lang='lat' dir='ltr'>q.</span> <span class='ocrx_word' id='word_1_297' title='bbox 636 3717 737 3771; x_wconf 79' lang='lat' dir='ltr'>lxxxvii.</span> <span class='ocrx_word' id='word_1_298' title='bbox 750 3729 795 3770; x_wconf 87' lang='lat' dir='ltr'>art.</span> <span class='ocrx_word' id='word_1_299' title='bbox 807 3721 822 3771; x_wconf 89' lang='lat' dir='ltr'>i.</span> <span class='ocrx_word' id='word_1_300' title='bbox 832 3722 863 3771; x_wconf 87' lang='lat' dir='ltr'>ad</span> <span class='ocrx_word' id='word_1_301' title='bbox 877 3722 997 3786; x_wconf 89' lang='lat' dir='ltr'>quintum.</span> 
     </span>
    </p>
   </div>
   <div class='ocr_carea' id='block_1_5' title="bbox 0 0 1382 4980">
    <p class='ocr_par' dir='ltr' id='par_1_5' title="bbox 0 0 1382 4980">
     <span class='ocr_line' id='line_1_34' title="bbox 0 0 1382 4980; baseline 0 0"><span class='ocrx_word' id='word_1_302' title='bbox 0 0 1382 4980; x_wconf 95' lang='lat' dir='ltr'> </span> 
     </span>
    </p>
   </div>
  </div>
 </body>
</html>
