2744 4980
187 423 237 507 [m
279 416 335 477 DE
355 415 539 477 ACTUUM
560 415 843 476 HUMANORUM
864 414 1026 475 MORALI
1047 414 1212 476 SPEOIE.

198 562 331 655 s'dyersa:
359 590 524 658 aggravatur
549 584 623 639 intra
646 581 766 640 eandem
790 582 926 657 speciem,
948 580 1062 653 quando
1084 580 1177 639 eidem
1198 581 1298 637 virtuti

199 658 290 757 magis
304 680 476 747 adversatur,
490 682 574 739 sicuti
587 681 648 737 rixa
661 683 734 738 inter
746 681 879 737 homines
896 680 1029 757 dignitate
1044 688 1222 758 praestantes.

239 785 288 838 48.
320 779 402 850 Quid
424 782 566 857 objectum
589 781 695 855 peccati
715 779 838 846 denotat,
862 780 944 851 quale
968 788 1015 836 aut
1034 788 1170 852 quantum
1190 778 1294 836 fuerit:

201 879 330 937 “dicitur
343 879 461 956 proinde
481 881 701 946 circumstantia,
722 891 806 956 prout
824 879 954 955 designat
973 889 1136 937 extraneam
1150 877 1297 952 quandam

201 977 391 1036 conditionem
406 979 517 1054 objecto
530 979 701 1055 adjunctam.
744 978 830 1044 Quod
850 979 1001 1053 perspicuo
1014 977 1149 1052 exemplo
1162 976 1250 1034 docet
1262 976 1295 1032 S.

140 1072 144 1077 ¹
202 1078 343 1135 Thomas.
386 1077 463 1133 Nam
477 1078 556 1149 quod
569 1078 673 1150 aliquis
695 1076 868 1154 perfundens
888 1077 974 1135 alium
997 1095 1078 1148 aqua,
1100 1094 1169 1135 eum
1189 1074 1295 1140 abluat,

202 1196 260 1234 non
273 1188 317 1232 est
330 1176 481 1233 ablutionis
495 1178 714 1234 circumstantia.
736 1176 864 1235 Pertinet
876 1177 952 1234 enim
964 1174 999 1232 ad
1008 1177 1066 1233 vim
1081 1193 1172 1246 aquae,
1186 1172 1297 1232 eidem·

203 1295 259 1348 que
284 1285 328 1331 est
341 1277 488 1350 proprium
502 1286 531 1333 et
543 1277 676 1333 intimum
690 1287 722 1332 ut
734 1275 843 1333 abluat:
866 1293 963 1333 verum
978 1274 1056 1346 quod
1069 1272 1208 1331 abluendo
1223 1273 1297 1330 cale-

203 1374 295 1439 faciat,
310 1373 354 1429 vel
368 1373 521 1450 infrigidet,
532 1373 609 1447 quod
622 1384 711 1441 sanet,
720 1374 765 1432 vel
775 1383 885 1440 noceat,
896 1374 951 1431 hoc
964 1372 1077 1430 advenit
1089 1391 1125 1430 ex
1138 1370 1296 1438 accidente,

203 1483 304 1544 estque
318 1470 388 1530 adeo
402 1473 611 1530 circumstantia
623 1474 713 1549 ipsius
731 1465 930 1531 ablutionis.‘'¹
971 1473 1021 1529 Sic
1034 1471 1175 1548 sacrilegii
1187 1471 1298 1529 malitia

204 1573 296 1648 major
309 1580 353 1626 est
365 1573 390 1628 si
404 1572 541 1630 ciborium
555 1573 641 1629 sacris
655 1572 757 1630 hostiis
776 1573 916 1648 repletum
930 1572 1093 1648 abripiatur,
1108 1590 1194 1644 quam
1208 1571 1234 1626 si
1248 1590 1298 1628 au·

185 1664 322 1727 'leuetur
336 1670 410 1727 calix
423 1690 538 1729 vacuus.
580 1671 702 1729 Diversa
718 1673 892 1748 estspecies
906 1669 1034 1728 adulterii
1053 1691 1070 1728 a
1091 1669 1297 1735 fornicatione;

205 1771 310 1845 conjux
324 1770 401 1826 enim
414 1769 501 1837 illius,
515 1771 633 1829 foemina
645 1771 738 1828 soluta
749 1771 835 1847 hujus
849 1770 991 1845 objectum
1005 1781 1056 1827 est.

245 1872 294 1924 49.
320 1865 376 1924 Ubi
389 1868 483 1927 locum
497 1868 621 1938 denotat,
635 1880 713 1927 actus
732 1872 810 1928 enirn
823 1869 889 1928 inde
903 1871 992 1927 sumit
1004 1867 1154 1942 aliquando
1167 1869 1298 1943 speciem

205 1964 346 2023 diversam
366 1966 489 2033 malitie,
510 1967 660 2040 aliquando
679 1968 746 2026 verd
769 1969 886 2046 gradum
908 1969 1055 2044 majorem.
1098 1966 1297 2025 Homicidiurn

206 2067 235 2122 in
250 2064 355 2139 templo
368 2065 548 2141 sacrilegium
561 2076 621 2124 est:
643 2068 816 2140 colloquium
836 2078 917 2143 turpe
936 2068 1020 2145 longe
1033 2067 1146 2144 gravius
1159 2077 1213 2132 est,
1229 2066 1298 2123 siin

205 2183 241 2222 eo
255 2164 398 2220 habeatur.

207 2266 217 2302 ·³
246 2268 294 2320 50.
329 2261 446 2332 Quibus
472 2261 600 2323 auxiliis
626 2267 690 2338 quis
709 2285 777 2324 usus
799 2266 892 2331 suerit,
914 2267 1039 2324 maxime
1061 2266 1178 2323 interest
1199 2282 1296 2330 nosse,

207 2380 281 2419 nova
299 2363 376 2419 enim
395 2361 440 2419 vel
459 2364 550 2439 major
568 2365 673 2422 malitia
699 2366 771 2423 actui
793 2384 830 2423 ex
851 2366 886 2422 iis
900 2384 976 2441 saepe
996 2365 1133 2441 provenit.
1178 2364 1211 2419 Si
1233 2364 1298 2435 quis

207 2461 330 2536 puellam
342 2470 374 2517 ut
393 2460 518 2528 seducat,
539 2465 701 2539 quempiam
715 2465 763 2537 qui
783 2484 837 2523 suo
856 2465 970 2522 nomine
990 2483 1053 2520 eam
1072 2464 1175 2521 alliciat
1193 2463 1297 2528 mittat,

206 2559 261 2616 hoc
275 2570 356 2617 utens
370 2559 496 2618 subsidio
509 2563 576 2618 novi
589 2564 697 2638 peccati
717 2564 748 2621 fit
769 2583 844 2622 reus.
887 2564 919 2620 Si
940 2563 1074 2620 aemulum
1093 2562 1216 2638 dejicere
1237 2580 1298 2619 mu·

206 2677 272 2715 nere
287 2658 362 2724 veht‚
377 2657 498 2730 ideoque
517 2661 675 2730 calumniis,
696 2662 849 2731 fraudibus,
870 2663 1044 2729 muneribus,
1060 2671 1161 2726 utatur,
1176 2660 1221 2718 his
1236 2679 1298 2718 om·

206 2759 288 2815 nibus
302 2757 421 2814 diversis
435 2760 587 2817 rationibus
601 2769 708 2835 peccat.

246 2863 294 2913 51.
329 2856 391 2914 Cur
416 2857 503 2915 finem
528 2859 661 2926 alienum,
688 2878 773 2932 quem
799 2879 885 2937 agens
912 2861 965 2916 sibi
990 2860 1147 2935 proposuit,
1171 2857 1297 2916 denotat.

206 2955 223 3013 J
228 2957 325 3011 uvenis
339 2957 388 3026 qui
401 2958 517 3033 surripit
529 2960 677 3034 pecuniam
697 2958 823 3025 domino,
844 2968 875 3017 ut
894 2959 1033 3017 theatrum
1054 2958 1143 3024 adeat,
1157 2959 1204 3015 vel
1216 2959 1298 3034 potui

206 3070 271 3113 oern
286 3054 371 3111 sociis
384 3054 537 3131 indulgeat,
551 3057 596 3114 vel
609 3076 671 3114 eam
681 3059 875 3116 meretricibus
886 3058 1027 3134 largiatur,
1038 3068 1138 3133 praeter
1151 3057 1217 3115 furti
1232 3076 1298 3133 pec·

207 3165 309 3218 camin,
324 3152 403 3219 alias,
417 3172 469 3228 pro
482 3155 547 3211 finis
560 3157 677 3223 ratione,
691 3167 799 3232 peceat.

246 3259 294 3310 52.
321 3251 475 3323 Quomodo
489 3254 538 3311 fiat
550 3257 623 3314 actio
641 3257 727 3314 etiarn
747 3255 945 3314 attendendum
959 3267 1020 3314 est:
1043 3254 1180 3330 pudorem
1194 3256 1298 3330 virgini

205 3355 233 3409 n·
254 3355 362 3429 eripere
383 3365 511 3430 stuprum
532 3366 584 3422 est,
607 3375 695 3429 quum
717 3357 940 3413 consentientem
961 3356 1058 3412 vitiare
1079 3356 1116 3412 sit
1138 3355 1296 3412 sonticatio.

205 3451 257 3507 lue
272 3471 408 3509 excessus
422 3471 459 3510 ex
473 3452 731 3513 vehementioribus
745 3455 924 3512 contumeliis
938 3455 1096 3512 innotescit.

247 3554 294 3605 53.
321 3549 448 3621 Qscundo
463 3560 573 3627 tempus
593 3553 723 3628 respicit;
744 3555 769 3610 si
788 3554 864 3610 enim
878 3554 942 3626 quis
963 3553 1007 3611 die
1022 3552 1194 3610 Parasceves
1208 3552 1297 3608 ebrie·

206 3649 255 3704 tati
269 3661 358 3713 vacet,
372 3648 418 3705 vel
431 3649 476 3706 die
490 3650 563 3707 sesto
576 3652 686 3726 publice
700 3662 781 3710 vacet
799 3655 877 3727 operi
891 3653 997 3719 servili,
1011 3653 1123 3731 gravius
1137 3660 1245 3728 peccat,
1261 3650 1297 3707 ob

206 3750 340 3824 temporis
354 3750 499 3806 sanctioris
513 3759 715 3826 contemptum.

247 3853 294 3904 54.
318 3847 447 3906 Eventus
461 3849 510 3921 qui
524 3867 560 3905 ex
580 3851 673 3925 pravis
693 3850 800 3906 actibus
820 3863 976 3923 sequuntur
989 3869 1086 3910 eorum
1099 3851 1237 3909 malitiam
1251 3867 1297 3905 au·

206 3962 283 4021 gent,
305 3962 443 4021 quatenus
463 3948 696 4024 praevidebantur,
717 3948 763 4006 vel
783 3960 911 4024 poterant
932 3959 962 4009 et
978 3948 1119 4009 debebant
1137 3947 1296 4026 praevideri.

207 4045 256 4101 Sic
270 4048 317 4116 qui
331 4066 368 4104 ex
387 4048 465 4105 libris
484 4047 635 4116 obscoenis,
655 4047 700 4104 vel
720 4048 786 4105 alias
807 4051 911 4123 pravis,
932 4050 1028 4127 lapsus
1048 4050 1233 4127 plurimorum
1253 4065 1297 4104 se·

207 4158 340 4215 quuntur,
355 4148 498 4224 scriptoris
513 4148 647 4206 malitiam
660 4147 820 4206 ostendunt.

554 4349 596 4415 (l)
609 4349 690 4401 'l'rsct
701 4349 732 4400 de
743 4357 789 4400 act.
800 4349 869 4401 hum.
881 4365 901 4400 c.
911 4351 944 4399 itt
