2766 4996
406 413 463 473 Du
483 413 635 474 LEGUM
656 411 959 474 OBLIGATlONE.
1179 422 1235 478 165

140 579 276 645 deductae,
291 598 349 638 non
368 591 435 638 sunt
454 580 614 637 necessario
632 580 794 638 executioni
807 579 1022 647 demandanda,
1037 583 1194 655 prasertim
1210 585 1235 641 si

139 696 224 756 grave
238 677 305 736 inde
318 675 718 739 immincatincommodum.¹
759 678 928 738 Cavendum
949 689 1043 737 tamen
1064 697 1100 737 ne
1114 698 1234 740 consue·

139 776 230 836 tudini
244 778 329 836 robur
341 778 470 856 episcopi
483 777 596 836 decreto
616 778 742 847 addatur,
763 798 799 837 ne
820 777 946 836 videatur
965 780 1158 837 auctoritatem
1179 781 1233 838 sibi

140 894 268 953 arrogare
282 876 396 935 delendi
406 879 498 954 legem
511 875 696 953 superioris.²

182 980 228 1032 15.
251 974 375 1035 Concilii
389 977 559 1035 oecumeuici
578 976 691 1035 decreta
710 978 847 1036 Pontifici
867 977 982 1053 probata
994 979 1057 1053 ejus
1071 994 1159 1052 opera
1172 995 1236 1053 pro·

139 1073 258 1150 mulgeri
272 1087 489 1143 consuevemut,
504 1086 533 1133 et
551 1078 581 1134 in
601 1078 720 1153 singulis
740 1075 903 1152 reipublicae
917 1074 1091 1133 christianae
1115 1077 1235 1152 regioni·

140 1175 192 1230 bus
206 1175 370 1232 solemniter
382 1177 471 1253 recipi
483 1187 512 1232 et
531 1179 658 1251 agnosci.
701 1178 759 1235 Per
779 1175 903 1235 ditiones
927 1174 1101 1250 Hispanicas
1121 1174 1234 1232 concilii

140 1272 301 1330 Tridentini
314 1273 436 1340 decreta,
451 1295 467 1331 a
481 1275 535 1332 Pio
549 1274 602 1333 lV.
623 1276 797 1342 confirmata,
812 1293 899 1352 opera
912 1273 1042 1350 Philippi
1055 1272 1107 1342 11„
1122 1282 1235 1348 recepta

142 1381 227 1435 sunt;
260 1381 288 1429 et
308 1373 337 1430 in
359 1374 489 1449 plurimis
515 1376 643 1434 conciliis
669 1376 824 1452 praesulum
846 1375 994 1433 Gallorum
1019 1373 1130 1432 laudata
1155 1363 1235 1430 sunt³

141 1471 270 1540 quamvis
284 1473 361 1547 regia
375 1474 484 1531 sanctio
497 1492 555 1531 non
568 1476 727 1542 accesserit,
742 1474 910 1547 quibusdam
924 1475 1003 1549 regni
1024 1472 1233 1531 consuetudini·

140 1569 201 1634 bus,
216 1587 267 1627 scu
281 1571 438 1649 privilegiis
449 1573 632 1631 obstantibus.

182 1671 227 1725 16.
250 1667 446 1729 Conciliorum
460 1674 674 1747 provincialium
688 1672 799 1732 decreta
812 1685 840 1730 et
852 1673 1082 1731 moecesanorum
1097 1672 1232 1728 constitu·

138 1767 230 1824 tiones
253 1770 475 1847 promulgantur,
502 1773 616 1844 quaudo
634 1772 799 1831 solemniter
822 1772 965 1848 leguntur.
1008 1769 1153 1840 Antiquus
1180 1769 1233 1826 suit

138 1883 203 1921 mos
217 1866 419 1940 posthabitum
432 1872 588 1929 concilium
602 1871 774 1948 provinciale
787 1871 934 1948 synodum
955 1884 1113 1925 convocare
1131 1866 1233 1923 dioece·

139 1966 304 2028 sanam‚·in
330 1986 384 2039 qua
403 1971 647 2046 promulgarentur
669 1969 801 2028 decreta:
824 1970 874 2027 sed
891 1971 952 2046 jam
972 1968 1001 2024 in
1021 1968 1088 2042 ipso
1110 1965 1233 2022 concilio

140 2063 282 2136 leguntur,
296 2069 425 2137 quamvis
439 2071 481 2126 vis
496 2087 594 2127 eorum
608 2068 806 2145 suspendatur,
820 2070 910 2127 donec
924 2066 1074 2124 accesserit
1086 2064 1232 2142 pontificia

139 2162 328 2223 confirmatio.
372 2167 412 2226 Ut
424 2168 547 2245 populus
561 2170 597 2227 iis
611 2170 800 2244 obstringetur
812 2175 1020 2228 consueverunt
1039 2163 1182 2222 nonnullis
1202 2165 1231 2219 in

138 2261 210 2317 locis
230 2262 319 2320 valvis
341 2266 469 2325 ecclesio
491 2268 585 2344 affigi:
609 2269 659 2326 sed
681 2286 772 2344 penes
794 2268 946 2344 episcopos
967 2272 1010 2320 est
1029 2281 1093 2320 eam
1112 2260 1231 2336 seligere

139 2360 278 2419 rationem
292 2381 326 2420 ea
338 2366 534 2444 promulgandi
548 2386 611 2439 quae
624 2369 811 2443 opportunior
824 2366 959 2425 videatur.

399 2579 414 2651 §
429 2578 467 2635 ll.
511 2578 558 2635 Dr
572 2595 782 2638 consciarum
797 2594 961 2637 mommo.

180 2739 225 2793 17.
248 2738 344 2803 Quum
368 2741 447 2818 leges
468 2743 667 2802 ecclesiasticae
688 2744 813 2802 serantur
833 2760 869 2798 ex
891 2741 1089 2799 auctoritates
1112 2734 1229 2792 Christo

139 2835 285 2911 Apostolis
299 2841 462 2909 commissa,
477 2844 679 2902 conscientiam
699 2843 796 2914 utique
810 2833 924 2915 ligant‚⁴
937 2857 1014 2903 nam,
1030 2836 1094 2910 ipso
1108 2831 1231 2897 dicente,

137 2933 299 3009 ligabuntur
312 2939 341 2996 in
354 2939 432 2998 coelis
447 2961 509 3014 quac
527 2945 583 3020 ipsi
596 2941 748 3017 ligaverint
761 2942 790 2998 in
804 2939 894 2996 terris.
937 2935 1044 2995 Merito
1067 2932 1153 3009 igitur
1166 2949 1230 3007 pro-

136 3031 251 3108 scripsit
264 3038 413 3098 concilium
427 3040 628 3101 Tridentinum
642 3059 767 3101 errorem
781 3039 901 3098 Lutheri
915 3035 1067 3095 asserentis
1082 3032 1231 3089 hominem

134 3131 321 3204 justificatum
344 3155 402 3198 nou
426 3142 513 3198 teneri
536 3142 571 3199 ad
591 3143 817 3200 observationem
840 3137 1034 3196 mandatorum
1064 3131 1176 3189 Christi
1205 3138 1233 3184 et

138 3228 304 3291 Ecclesiae.⁵
345 3235 488 3298 Ceterum
511 3260 569 3299 non
595 3260 694 3299 omnes
714 3241 794 3316 leges
818 3238 877 3313 pari
907 3237 1014 3293 ratione
1034 3231 1231 3302 constringunt

138 3332 355 3402 conscientiam
376 3348 442 3396 sunt
455 3342 533 3398 enim
547 3359 610 3411 quae
623 3339 749 3396 districte
765 3337 933 3414 praecipiunt
945 3342 976 3391 ut
988 3330 1084 3388 munia
1096 3325 1232 3383 divinitus

172 3503 214 3567 (l)
233 3503 294 3568 Cap.
304 3505 345 3554 fin.
355 3505 385 3554 dc
396 3508 579 3557 consuetudine.
615 3505 677 3554 Vide
689 3504 802 3568 Sylvlnm
815 3501 879 3567 apud
889 3501 914 3551 S.
928 3497 1051 3563 Alpheus.
1063 3496 1078 3544 l.
1091 3496 1105 3544 i.
1118 3510 1143 3543 n.
1157 3494 1199 3540 96.

172 3585 213 3651 (2)
234 3586 326 3642 Bcnarl.
339 3591 386 3639 xiv.
398 3591 428 3640 de
440 3590 502 3655 Syn.
514 3593 529 3641 l.
539 3593 581 3641 rii.
593 3608 614 3641 c.
626 3592 675 3642 viii.
688 3595 702 3649 ς
715 3590 764 3641 viii.

173 3676 215 3740 (³)
234 3676 311 3728 Cone.
324 3679 455 3729 Rhcmcnn.
468 3695 507 3728 an.
523 3678 592 3727 1564.
626 3680 771 3741 Rothonrng.
783 3694 823 3727 an.
840 3675 909 3724 1⁵81.
944 3671 1070 3733 Burdigal.
1082 3684 1148 3720 anno
1163 3667 1232 3714 1583.

136 3759 230 3810 Τ1111111.
248 3779 288 3812 1111.
311 3766 383 3813 1583.
421 3764 521 3816 Bituric.
544 3782 584 3816 an.
604 3767 675 3814 1584.
708 3764 792 3814 Telos.
817 3779 856 3811 111.
880 3758 960 3816 159ος
978 3764 1000 3807 ct
1021 3756 1107 3805 comit.
1127 3751 1233 3813 general.

141 3844 241 3896 Lutclie
254 3848 403 3901 Parisiorum
415 3853 535 3903 1111615.

172 3934 212 3997 (4)
231 3935 258 3984 ld
277 3936 493 3987 lateturlcrcmias
510 3937 609 4002 Taylor.
621 3952 672 3986 rum
693 3944 763 3985 sectis
776 3948 900 3999 perperam
912 3925 1109 3979 accommodans.
1150 3926 1164 3947 ‘⁸
1177 3914 1232 4011 Thp

137 4018 229 4069 church
246 4021 306 4071 heth
321 4036 403 4086 power
420 4031 445 4071 to
466 4023 536 4073 make
553 4022 613 4071 lawe
626 4022 673 4071 and
686 4029 711 4070 to
728 4021 782 4082 gira
794 4014 937 4068 commando
954 4009 1067 4070 obliging
1084 4004 1125 4053 the
1142 4016 1235 4051 concor·

142 4119 209 4161 once,
221 4105 273 4156 that
284 4108 313 4166 is,
325 4107 396 4172 tying
407 4108 448 4158 tha
460 4110 565 4173 subjecto
572 4117 597 4157 to
606 4107 736 4156 obedienea
743 4105 821 4154 under
829 4102 870 4151 the
879 4096 976 4163 penalty
988 4094 1015 4142 ol
1024 4087 1236 4149 commotionum,

137 4202 164 4236 or
175 4189 333 4253 olincnrring
344 4191 385 4241 the
397 4191 479 4241 divine
490 4189 661 4255 displcarurc.''
696 4190 793 4250 lcremy
807 4185 908 4247 Tnylor,
922 4178 1016 4229 Ductor
1030 4176 1095 4228 Dnb.
1107 4176 1123 4225 1.
1135 4173 1169 4223 iii.
1178 4189 1199 4223 c.
1212 4171 1236 4218 l·

140 4272 203 4323 Rulc
215 4274 240 4322 ii.
252 4273 299 4323 vol.
310 4276 334 4323 2.
346 4290 371 4339 p.
382 4278 440 4324 220.

177 4356 220 4422 (5)
240 4355 306 4407 Scan.
317 4357 349 4407 ri.
360 4374 415 4408 can.
427 4373 467 4407 xx.

1269 4488 1371 4710 Ι
