2744 4980
499 370 555 430 DE
577 371 842 433 PRlVlLEGllS.
1162 383 1215 438 191

130 538 185 595 sibi
199 538 320 595 abutitur
333 531 517 613 potestate.'’¹
539 535 681 594 Caeterum
691 525 1039 619 ipsosacto'privilegium
1049 559 1107 600 non
1117 553 1219 608 cessat,

131 637 184 695 uisi
198 635 337 710 Superior
349 638 379 694 in
391 635 500 695 indulto
513 638 551 694 ita
567 635 701 694 statuerit.

167 740 215 794 68.
238 733 378 793 Revocari
400 744 522 811 possunt
542 723 692 811 privilegia
713 735 758 793 vel
781 753 925 812 expresse,
950 736 995 794 vel
1017 737 1109 795 tacite.
1152 737 1214 797 Ex·

133 853 230 910 pressa
242 832 360 891 habetur
372 835 523 900 revocatio,
538 834 563 891 si
577 841 734 910 apponatur
753 834 809 910 legi
831 852 912 892 novae
929 834 1070 895 clausula:
1092 853 1151 894 non
1170 837 1219 895 ob-

132 933 267 990 stantibus
281 933 506 1005 quibuscumque
520 932 688 1010 privilegiis,
708 931 754 989 vel
773 950 831 991 non
850 933 978 992 obstante
999 935 1045 993 tali
1059 935 1218 1012 privilegio.

133 1031 234 1089 Tacita
246 1031 279 1088 fit
290 1030 504 1109 privilegiorum
525 1032 674 1098 revocatio,
692 1029 806 1102 quando
824 1032 872 1090 lex
893 1032 978 1092 fertur
996 1034 1164 1092 universalis
1184 1035 1241 1092 iis·

132 1129 259 1185 adversa.
290 1128 376 1194 Quod
389 1132 415 1188 si
426 1128 563 1206 Superior
577 1129 728 1206 privilegia
740 1139 822 1187 antea
834 1148 971 1189 concessa
983 1133 1113 1208 ignorare
1127 1131 1221 1190 videa·

134 1240 184 1293 tur,
199 1236 298 1304 utpote
312 1245 374 1299 quae
389 1226 567 1287 adecessore
580 1247 633 1286 suo
652 1228 763 1304 privato
776 1225 888 1286 cuidam
908 1228 972 1287 data
990 1230 1103 1296 fuerint,
1117 1249 1170 1289 nec
1190 1232 1221 1289 in

75 1396 83 1402 .
135 1344 235 1402 corpus
248 1325 328 1384 Juris
342 1327 457 1395 inserta,
471 1345 506 1384 ea
518 1336 647 1384 revocata
658 1344 716 1384 nou
736 1335 895 1393 censentur,
915 1329 971 1386 nisi
986 1327 1119 1405 specialis
1133 1347 1221 1406 appo·

135 1426 184 1481 sita
196 1426 236 1482 sit
248 1424 375 1484 clausula
388 1444 444 1498 qua
457 1425 660 1484 rescindantur.
688 1423 828 1499 Specialis
842 1426 984 1501 ejusmodi
998 1427 1123 1485 clausula
1135 1428 1220 1485 etiam
1255 1468 1269 1483 .·

136 1524 285 1595 requiritur
298 1521 332 1580 ad
345 1523 531 1582 rescindenda
551 1523 699 1601 privilegia
714 1524 776 1599 jam
797 1525 826 1582 in
840 1542 958 1600 corpore
971 1525 1049 1583 luris
1070 1526 1219 1592 recensita,

136 1621 177 1678 vel
192 1621 379 1698 Regularium
392 1621 538 1681 ordinibus
552 1640 697 1688 concessa,
711 1622 755 1679 vel
769 1641 832 1694 qua
846 1623 959 1681 concilii
973 1623 1112 1700 generalis
1126 1627 1220 1682 nitun-

136 1730 175 1777 tur
189 1721 369 1787 auctoritate3
390 1722 435 1779 vel
449 1741 513 1795 quas
526 1740 563 1780 ex
578 1705 678 1779 indulti
698 1720 791 1778 verbis
805 1721 958 1796 specialem
972 1724 1091 1798 exigunt
1103 1723 1222 1780 mentio·

134 1837 217 1883 noma
238 1818 284 1876 vel
296 1837 358 1891 quae
372 1822 497 1895 speciem
518 1828 676 1878 contractus
696 1818 881 1895 praeseierunt
893 1819 930 1878 ob
949 1823 1048 1878 merita
1067 1838 1130 1892 quae
1144 1838 1221 1879 com·

133 1927 266 1991 pensant,
279 1917 324 1975 vel
336 1936 410 1976 onus
424 1920 503 1992 quod
515 1917 662 1977 inducunt.
704 1917 763 1975 Sed
776 1919 801 1975 si
817 1918 866 1975 lex
880 1919 1051 1976 revocatoria
1062 1919 1117 1976 lata
1130 1919 1222 1977 decla·

131 2025 209 2073 retur
223 2035 260 2074 ea
272 2023 351 2074 certo
364 2017 501 2086 scientia,
515 2026 599 2076 motu
607 2017 743 2095 proprio,
758 2027 786 2073 et
799 2034 835 2074 eo:
849 2013 1040 2093 plenitudine
1047 2018 1219 2095 potestatis,

130 2128 295 2174 revocatum
309 2127 440 2175 censetur
452 2136 536 2178 omne
550 2117 741 2194 privilegium,
749 2115 877 2191 exceptis
887 2117 1027 2184 onerosis,
1038 2128 1085 2174 aut
1098 2136 1161 2190 quae
1171 2118 1220 2194 jus

125 2216 203 2271 tertii
217 2224 353 2290 spectant.

122 2350 137 2358 -
170 2316 220 2370 69.
243 2311 498 2374 Communieantur
518 2313 665 2391 privilegia
685 2314 758 2372 inter
777 2311 900 2370 Ordines
922 2311 1129 2380 Mendioantes,
1150 2312 1221 2371 adeo

126 2425 161 2468 ut
185 2431 248 2485 quar
269 2414 321 2471 uni
341 2413 445 2472 fuerint
464 2432 610 2479 concessa,
632 2413 740 2470 cacteris
763 2411 826 2470 data
844 2411 1044 2488 intelligantur,
1066 2422 1124 2470 tum
1146 2413 1222 2470 cirea

127 2510 204 2577 loca,
219 2523 278 2569 tum
299 2513 374 2570 circa
392 2531 539 2589 personas,
561 2512 736 2576 festivitates,
757 2520 785 2566 et
803 2508 1001 2586 indulgentias.
1044 2509 1220 2589 Hujusmodi

130 2611 291 2687 privilegiis
305 2610 434 2671 fruuntur
447 2612 586 2678 conversi,
608 2621 635 2667 et
654 2610 769 2676 novitii3
791 2609 864 2667 sicut
876 2618 905 2666 et
922 2609 1046 2686 religiosi
1061 2609 1096 2667 ad
1110 2612 1221 2685 episco-

131 2720 230 2784 patum
245 2711 394 2785 assumpti,
416 2709 592 2768 “dummodo
605 2728 663 2768 non
676 2719 773 2785 agatur
785 2705 820 2765 de
833 2708 926 2774 rebus,
937 2708 1039 2780 quibus
1053 2708 1182 2784 episcopi
1196 2709 1222 2764 si

131 2818 254 2874 utantur,
269 2807 384 2882 aliquod
397 2810 527 2887 religioni
549 2808 745 2886 praejudicium
766 2807 937 2880 proveniret,
957 2818 989 2862 ut
1001 2816 1075 2862 esset
1088 2805 1222 2862 habitatio

132 2907 161 2962 in
176 2910 359 2975 monasterio,
380 2909 456 2967 datio
475 2907 612 2984 suffragii,
635 2898 730 2964 &c.”²
770 2903 913 2961 Moniales
935 2913 963 2961 et
982 2904 1115 2961 monachi
1138 2905 1222 2961 etiarn

133 3008 335 3066 commuuione
356 3007 566 3085 privilegiorum
580 3007 653 3064 inter
670 3022 701 3061 se
723 3003 846 3060 invicem
866 3002 1005 3070 fruuntur,
1019 3000 1140 3076 ideoque
1158 3021 1222 3075 quae

133 3105 226 3163 ordini
250 3106 333 3165 alicui
346 3106 539 3164 conceduntur
558 3104 705 3180 privilegia
724 3101 897 3169 favorabilia,
920 3111 986 3159 sunt
998 3103 1127 3161 omnium
1148 3101 1222 3159 ordi·

134 3223 202 3263 num
226 3206 294 3264 viris
308 3206 490 3277 seminisque
504 3205 684 3264 communia:
707 3219 770 3273 quar
784 3213 877 3258 autern
892 3211 958 3258 sunt
971 3199 1081 3266 odiosa,
1095 3201 1140 3256 vel
1155 3217 1221 3258 con·

135 3306 217 3363 traria
230 3307 354 3381 propriis
368 3305 488 3370 statutis,
503 3322 561 3362 non
575 3300 826 3361 communicantur.

170 3491 211 3554 (l)
225 3492 287 3552 Cap.
309 3487 362 3546 Ubi,
372 3488 476 3539 distinet.
489 3488 565 3537 lxxiv.
731 3487 768 3542 (2)
782 3480 807 3530 S.
819 3479 926 3544 Alphon.
938 3480 953 3529 Ι.
963 3480 979 3530 i.
990 3495 1044 3545 app.
1058 3477 1090 3528 11.
1103 3496 1128 3530 n.
