2744 4980
464 408 519 465 DE
543 407 898 466 MAGISTRATIBUS.
1164 413 1223 467 399

132 596 165 633 55
180 575 327 642 adeuntes,
349 574 417 632 dum
437 578 520 652 copia
538 587 583 633 est
602 575 766 642 sacerdotis,
786 575 868 633 facile
890 575 1043 650 excipiunt,
1064 595 1152 649 quum
1166 580 1225 636 ani-

132 695 195 733 mos
210 674 313 732 addant
326 676 528 750 peccantibus:
550 675 640 732 sedai
657 675 757 732 moniti
777 675 867 732 nolint
887 672 1025 732 desistere
1046 677 1095 747 qui
1109 678 1221 752 nuptias

133 775 205 832 inire
219 784 358 847 quaerunt,
372 784 400 832 et
419 775 502 850 copia
521 775 558 832 slt
580 774 726 832 acatholici
747 775 925 850 magistratus
945 773 993 845 qui
1013 792 1064 832 eos
1086 775 1219 852 excipiat.

131 874 177 930 rel
190 876 214 931 si
229 874 406 948 magistratus
429 873 588 931 recusando
611 891 702 950 poenae
725 890 776 929 seu
796 873 909 930 mulctae
933 872 1002 930 fiant
1020 873 1147 941 obnoxii,
1162 893 1221 933 non

131 971 262 1029 videntur
274 971 365 1047 culpae
378 972 419 1030 rei
433 972 510 1045 quod
523 991 637 1048 operam
653 981 786 1048 praestent
798 990 875 1029 mere
888 972 1014 1030 civilem.

174 1075 239 1128 154.
267 1071 325 1135 Qui
348 1071 439 1129 altiori
465 1072 628 1146 magistratu
654 1070 789 1146 fungitur,
818 1070 997 1129 Gubernator
1028 1069 1147 1139 scilicet,
1173 1071 1219 1128 vel

130 1168 250 1235 Praeses,
259 1168 341 1226 debet
355 1171 457 1246 majori
465 1169 559 1229 studio
569 1170 599 1226 in
607 1169 734 1227 omniurn
748 1170 911 1227 incumbere
919 1169 1066 1227 utilitatem
1079 1190 1086 1227 ε
1102 1187 1220 1228 munera

129 1267 296 1325 distribuere
311 1268 424 1344 publica
437 1287 489 1345 pro
511 1268 622 1327 dotibus
643 1268 809 1340 meritisque
828 1269 933 1327 civium
946 1269 978 1326 in
990 1268 1218 1345 Rempublicam‚

131 1368 227 1442 potius
248 1384 333 1438 quam
355 1367 478 1443 partium
497 1367 608 1425 studio:
630 1367 709 1443 leges
728 1367 847 1442 probare
867 1367 913 1424 vel
932 1377 1037 1433 vetare,
1051 1386 1104 1444 pro
1117 1369 1221 1425 mentis

129 1465 250 1540 judicio,
264 1466 408 1540 publicam
422 1466 541 1523 salutem
554 1482 694 1538 quaerens.
716 1465 921 1522 Peccatautem
935 1467 1079 1537 quisnam
1093 1467 1220 1525 iteratam

130 1563 298 1621 electionem
311 1565 395 1622 unice
418 1573 566 1641 expetens,
588 1564 618 1621 in
638 1581 789 1622 munerum
809 1562 1006 1621 distributione
1029 1567 1105 1622 etin
1124 1564 1221 1640 legum

131 1665 286 1727 sanctione,
301 1661 329 1720 id
340 1663 494 1738 praesertim
509 1660 671 1721 considerat
682 1671 774 1720 utrum
788 1660 922 1737 suffragia
936 1661 1016 1737 plura
1025 1663 1080 1720 sibi
1093 1662 1130 1718 sit
1142 1682 1219 1721 com·

128 1769 285 1834 paraturus,
306 1770 418 1818 etcum
438 1762 468 1819 in
482 1761 567 1818 finem
581 1761 699 1838 negligit
718 1760 822 1817 civium
842 1761 1042 1835 plerorumque
1055 1762 1215 1824 commoda.

131 1859 236 1916 Peccat
247 1860 332 1916 etiam
347 1860 395 1931 qui
409 1859 489 1936 leges
501 1859 664 1918 executioni
677 1857 840 1917 demandari
853 1877 911 1917 non
930 1868 1026 1926 curata
1047 1869 1075 1917 et
1087 1861 1220 1930 tranquil-

128 1958 237 2016 litatem
260 1957 448 2030 ordinemque
471 1959 617 2034 publicum
636 1975 696 2016 non
715 1966 822 2025 tuetur3
842 1967 872 2015 et
893 1957 995 2016 fiscum
1008 1958 1127 2033 expilari
1142 1959 1218 2027 sinit,

129 2055 293 2113 hominibus
306 2057 411 2115 nullius
423 2055 491 2114 fidei
505 2056 627 2133 pecunia
639 2056 753 2132 publica
765 2056 934 2114 concredita.
976 2056 1044 2113 Non
1058 2066 1157 2132 peceat
1169 2059 1219 2128 qui

127 2173 244 2211 suarum
267 2156 388 2229 partium
410 2155 553 2222 homines,
576 2154 696 2214 idoneos
716 2164 820 2223 tamen,
843 2173 902 2230 prae
923 2155 987 2211 aliis
1000 2154 1218 2230 designatzsed

127 2251 284 2329 optandum
298 2255 416 2312 omnino
439 2271 556 2314 munera
575 2253 704 2312 distribui
727 2271 780 2330 pro
796 2253 915 2320 meritis,
929 2254 1050 2329 partium
1063 2252 1157 2310 studio
1170 2273 1219 2312 ne·

127 2351 231 2426 glecto,
245 2370 352 2424 eosque
366 2353 395 2410 in
409 2353 512 2411 officiis
526 2353 639 2411 retineri
652 2353 702 2425 qui
716 2351 814 2410 fideles
828 2363 857 2409 et
868 2352 950 2429 periti
963 2352 1139 2428 experientia
1152 2371 1218 2412 nos-

124 2461 237 2508 cuntur.

443 2669 511 2741 §rt
555 2668 602 2726 Du
623 2686 903 2727 cnountaronmns.

171 2871 238 2923 155.
253 2866 466 2942 Legumlatores
475 2867 579 2926 debent
590 2886 683 2926 rerum
698 2885 762 2924 esse
776 2867 869 2942 periti,
879 2877 907 2924 et
920 2867 1061 2944 publicam
1072 2867 1218 2926 utilitatem

128 2966 271 3042 precipue
294 2984 430 3037 quarere,
451 2966 587 3043 deinceps
610 2985 708 3023 eorum
730 2984 851 3038 quorum
877 2965 1019 3040 suffragiis
1040 2966 1122 3022 electi
1142 2975 1216 3023 sunt.

129 3062 273 3134 Equidem
288 3064 451 3140 reipublicae
465 3067 586 3137 quisque
601 3065 741 3139 imprimis
758 3063 841 3120 debet
861 3063 1018 3131 consulere,
1033 3081 1120 3134 quum
1141 3065 1217 3121 cives

127 3181 229 3219 omncs
243 3163 359 3237 speciali
375 3172 520 3221 teneantur
534 3162 636 3220 affectu
651 3164 768 3238 patriam
790 3163 941 3238 prosequi:
964 3171 1135 3237 quapropter
1152 3183 1218 3239 pec-

127 3270 193 3316 cant
215 3262 265 3332 qui
284 3260 411 3318 locorum
435 3261 622 3334 quonrmdam
643 3262 775 3319 utilitates
796 3269 824 3316 et
845 3259 994 3317 commoda
1019 3261 1054 3316 ad
1080 3261 1218 3339 captanda

127 3359 265 3436 suffragia
286 3370 455 3434 promovent
474 3380 538 3417 curn
553 3359 677 3436 publico
688 3360 873 3418 detrimento:
894 3369 923 3415 et
935 3370 1056 3416 renuunt
1069 3359 1218 3437 suffragari

127 3459 211 3514 rebus
226 3477 289 3530 qua·
303 3460 431 3516 omniurn
446 3460 593 3526 intersunt,
608 3460 662 3516 nisi
677 3459 722 3515 alii
737 3477 767 3514 se
781 3458 906 3534 obligent
925 3456 960 3514 ad
982 3459 1140 3533 praestanda
1160 3459 1218 3517 sus·

128 3555 314 3631 lragiarcbus
329 3557 468 3629 aliisque
491 3559 596 3616 nullam
620 3558 723 3615 habent
736 3557 879 3634 publicam
892 3556 1051 3614 utilitatem.
1093 3559 1219 3616 Peccant

127 3655 177 3724 qui
191 3655 342 3730 pecuniam
356 3655 419 3713 lisci
432 3658 585 3734 prodigunt
598 3658 627 3713 in
641 3656 724 3714 rcbus
745 3656 851 3712 nullius
874 3656 1022 3722 momenti,
1037 3667 1065 3713 et
1084 3676 1117 3713 ea
1130 3658 1218 3733 negli-

125 3763 197 3827 gunt
209 3755 346 3828 perficere
361 3775 422 3826 quae
438 3756 560 3831 plurima
579 3754 741 3831 reipublicae
764 3754 915 3812 commoda
937 3756 1053 3811 allatura
1065 3764 1147 3813 sunt:
1168 3757 1218 3827 qui

127 3854 249 3926 partium
263 3853 356 3911 studio
370 3874 415 3911 res
429 3855 590 3929 profuturas
603 3855 752 3929 rejiciunt:
769 3854 817 3925 qui
829 3863 940 3928 tempus
955 3853 1099 3911 inutilibus
1108 3852 1218 3930 discep-

127 3951 278 4009 tationibus
299 3953 476 4029 impendunt,
502 3971 566 4011 eum
588 3954 650 4011 fisci
673 3951 840 4026 dispendio:
862 3954 912 4023 qui
935 3951 1071 4027 suffragia
1091 3951 1157 4009 daut
1173 3956 1218 4012 vel

126 4067 179 4123 spe
194 4050 346 4118 mercedis,
361 4052 405 4108 vel
419 4053 548 4126 pactione
562 4049 683 4124 quadam
697 4050 785 4107 inita:
807 4058 835 4106 et
858 4052 907 4122 qui
920 4050 998 4127 leges
1014 4049 1142 4128 figendas
1155 4054 1219 4111 reti·

126 4148 291 4223 gendasque
305 4160 412 4216 curant,
426 4161 458 4209 ut
471 4152 554 4209 rebus
568 4151 628 4207 suis
641 4149 791 4207 consulant
813 4168 879 4207 curn
903 4150 1022 4209 aliorum
1040 4150 1217 4211 detrimento.

126 4246 184 4311 Qui
199 4259 343 4306 senatores
358 4259 433 4315 sunt,
448 4258 476 4307 et
488 4249 622 4326 suffragia
631 4247 724 4305 serunt
736 4247 771 4307 de
782 4249 937 4326 designatis
951 4251 1170 4310 aGubernatore
1184 4257 1219 4315 ad
1303 4308 1327 4335 0

896 4608 1046 4680 fl
