2744 4980
437 389 495 450 DE
516 390 800 453 REGULARIUM
822 392 1089 454 PRIVILEGIIS.
1250 399 1306 454 231

210 557 337 626 lieentia,
351 558 424 616 iutra
435 555 558 615 clsustra
568 557 680 616 censeri
693 553 841 633 possunt.1
880 557 926 617 De
940 557 1109 638 hujusmodi
1122 558 1310 620 decreverunt

211 656 377 715 Tridentini
398 665 509 733 patros:
541 656 720 732 “Regulauis
743 675 802 716 uon
827 656 957 716 subditus
980 660 1129 735 episcopo,
1158 659 1209 730 qui
1234 659 1309 717 iutra

210 756 334 814 claustra
345 755 511 814 monasterii
524 754 611 833 degit,
624 766 655 813 et
666 764 745 813 extra
757 774 792 814 ea
803 758 843 815 ita
854 755 966 816 notorie
979 756 1140 830 deliquerit,
1154 767 1186 815 ut
1198 758 1309 833 populo

209 853 348 913 scandalo
368 855 416 923 sit,
436 855 576 930 episcopo
596 856 729 922 instante,
750 875 766 911 a
790 874 846 915 suo
868 857 1025 930 Superiora
1047 858 1121 915 intra
1139 865 1256 932 tempus
1275 857 1310 914 sb

211 955 353 1030 episcopo
364 950 571 1029 praefigendum
584 970 683 1010 severe
703 955 845 1031 puniatur,
857 973 892 1012 ec
914 953 950 1011 de
971 956 1121 1032 punitione
1140 957 1310 1032 episcopum

210 1053 364 1110 certiorem
378 1051 479 1118 facian
499 1053 545 1110 sin
559 1053 665 1121 minus,
680 1071 763 1111 asuo
777 1054 931 1131 Superiora
951 1053 1048 1112 officio
1067 1055 1203 1132 privetur,
1218 1063 1247 1111 at
1262 1053 1310 1112 de·

211 1149 347 1223 linquens
360 1151 547 1227 abepiscopo
561 1153 656 1227 puniri
667 1145 809 1228 possit.”'
835 1153 882 1210 Ne
895 1151 984 1229 hujus
997 1153 1105 1212 decreti
1114 1155 1157 1211 vis
1169 1151 1308 1220 eludatur,

211 1248 435 1321 delinquentes
459 1249 615 1325 superiore
634 1260 715 1308 extra
740 1250 897 1310 Dioecesim
923 1253 1024 1319 misso,
1044 1253 1142 1311 statuit
1168 1250 1308 1309 Clemens

214 1341 402 1417 VIll.,³eum
408 1348 628 1408 revocanduma
641 1350 805 1425 Superiora,
819 1360 852 1407 ut
863 1350 1007 1425 puniatur,
1022 1351 1146 1408 instante
1160 1350 1308 1426 episcopo,

211 1447 260 1504 vel
273 1447 299 1504 si
312 1447 473 1525 neglexerit
485 1448 634 1524 Superior,
648 1449 683 1506 ab
705 1449 843 1527 episcopo
855 1448 912 1506 loci
924 1450 955 1507 in
974 1467 1033 1521 quo
1047 1458 1175 1507 moratur
1188 1447 1309 1524 punien-

210 1544 293 1604 dum.
327 1546 473 1605 Adnotant
484 1547 723 1606 salmanticenses
736 1547 863 1623 theologi
877 1566 944 1607 curn
955 1549 1030 1616 aliis,
1040 1546 1116 1624 apud
1131 1548 1163 1604 S.
1180 1546 1310 1623 Alphen-

211 1637 456 1711 sum,⁴decremm
464 1646 681 1723 intelligendum
694 1647 729 1704 dc
743 1647 846 1705 delicto
856 1646 968 1721 publice
979 1647 1101 1712 notorio,
1110 1655 1139 1703 et
1148 1665 1165 1703 a
1173 1645 1303 1711 subditis,

211 1754 375 1805 nouantem
388 1744 580 1822 aSuperiore‚
593 1755 713 1822 patrato,
721 1765 787 1804 nam
798 1746 967 1821 Superiores
977 1745 1124 1804 inodiosis
1134 1745 1253 1803 nornine
1262 1761 1307 1801 re·

212 1843 421 1919 golariumnon
432 1845 559 1903 veniunt
594 1853 613 1881 ‘⁶
623 1843 809 1923 Episcopus”
825 1842 954 1922 adjungit
967 1845 999 1902 S.
1014 1844 1193 1922 Alphonsus,
1211 1841 1307 1899 “licet

212 1959 319 2017 capere
338 1943 429 2019 possit
449 1944 632 2004 summarium
652 1943 891 2011 informationem,
911 1952 944 2002 ut
967 1961 1031 2002 eam
1058 1944 1094 2001 ad
1121 1941 1307 2018 Superiorem

211 2039 370 2110 transferat,
382 2059 442 2100 nou
454 2051 548 2118 potest
560 2051 653 2101 nmen
663 2042 818 2120 juridicum
831 2040 979 2102 efformare
993 2059 1162 2119 processum
1172 2040 1310 2097 adversus

215 2137 330 2197 mma„

254 2240 285 2294 8.
306 2236 464 2313 Regulam
485 2237 591 2296 litterae
610 2238 813 2298 dimissoriales
833 2239 870 2297 ad
889 2239 1005 2299 ordines
1025 2235 1206 2315 recipiendos
1221 2236 1311 2294 asnis

213 2336 410 2411 superioribus
423 2336 551 2413 recipere
564 2335 677 2405 debent,
691 2346 723 2395 ut
734 2336 850 2395 ordines
863 2338 900 2395 iis
916 2339 1097 2397 conferantur
1116 2338 1151 2394 ab
1172 2335 1312 2412 episcopo

214 2434 245 2491 in
259 2435 340 2512 cujus
353 2433 471 2492 diocesi
482 2445 639 2505 versantur,
654 2436 761 2512 prurio
786 2434 880 2496 debito
900 2437 1043 2497 examine.
1085 2433 1172 2502 Quod
1191 2434 1218 2490 si
1238 2432 1312 2490 absit

217 2531 292 2607 ipse,
307 2533 353 2590 vel
365 2531 574 2592 ordinationem
587 2534 732 2592 habiturus
741 2552 800 2593 non
808 2535 854 2603 sit,
868 2544 997 2612 tempore
1010 2553 1063 2611 per
1074 2534 1152 2610 leges
1163 2531 1313 2590 ecclesiae·

213 2629 286 2687 ticas
299 2638 414 2698 sumto,
426 2631 494 2689 licet
506 2649 556 2690 eos
565 2630 600 2688 ad
612 2631 699 2691 alium
713 2633 882 2709 episcopum
892 2634 1004 2691 mittere
1018 2630 1201 2698 ordinandos,
1212 2629 1309 2687 habita

214 2735 311 2785 tamen
331 2730 507 2787 attestatione
526 2729 686 2788 authentica
707 2730 753 2788 vel
776 2731 884 2788 Vicarii
908 2730 1069 2797 Generalis,
1093 2728 1140 2786 vel
1159 2725 1311 2784 Secretarii

215 2825 357 2902 episcopi,
371 2844 428 2899 qua
440 2837 551 2886 constet
563 2847 630 2887 eum
651 2829 761 2896 abesse,
783 2828 828 2886 vel
847 2827 961 2887 ordines
982 2837 1109 2902 tempore
1130 2834 1234 2883 statuto
1253 2839 1311 2882 non

214 2921 408 2983 collaturum.⁶

256 3024 286 3080 9.
307 3022 354 3080 De
367 3021 568 3100 predicatione
588 3022 650 3082 haec
663 3026 759 3083 statuit
778 3024 979 3083 Tridentinum
999 3024 1164 3092 concilium,
1186 3032 1205 3059 ‘⁶
1217 3022 1312 3098 Regu·

215 3120 290 3179 lares
303 3139 372 3181 vero
391 3124 598 3200 cujuscumque
620 3121 739 3192 ordinis,
763 3123 819 3182 nisi
846 3143 862 3181 a
883 3126 943 3182 suis
964 3124 1166 3200 Superioribus
1186 3120 1222 3179 de
1242 3120 1309 3186 vita,

215 3220 354 3288 moribus,
377 3230 406 3278 et
424 3222 545 3281 scicntia
563 3223 726 3290 examinati,
747 3232 776 3280 et
801 3223 949 3298 approbati
969 3223 1083 3289 luerint,
1103 3241 1136 3277 ac
1156 3219 1191 3277 de
1212 3235 1310 3276 eorum

215 3317 340 3387 lieentia,
355 3321 439 3380 etiam
454 3324 484 3380 iu
506 3321 636 3380 ecclesiis
657 3339 774 3379 suorum
795 3319 937 3386 ordinum,
951 3319 1103 3395 praedicare
1117 3335 1175 3376 uon
1190 3317 1311 3394 possint,

216 3435 283 3475 cnm
297 3435 354 3488 qua
365 3417 480 3478 licentia
492 3420 679 3497 personaliter
695 3438 727 3478 se
747 3437 842 3477 coram
861 3420 1006 3495 episcopis
1026 3425 1205 3494 praesentare,
1226 3425 1257 3474 et
1277 3413 1313 3472 ab

216 3516 261 3573 eis
279 3515 507 3577 benedictionem
530 3529 625 3596 petere
646 3527 802 3585 teneantur,
823 3528 973 3591 antequam
995 3518 1148 3594 predicare
1161 3516 1311 3593 incipiant.

216 3615 251 3672 ln
271 3615 401 3674 ecclesiis
423 3617 501 3685 verd,
524 3636 587 3690 que
607 3636 725 3677 snorum
747 3615 879 3675 ordinum
899 3635 959 3675 nou
978 3626 1055 3684 eunt,
1076 3616 1150 3674 ultra
1168 3614 1312 3674 licentiam

217 3731 335 3772 suorum
349 3718 528 3792 superiorum
548 3718 633 3775 etiam
655 3718 785 3794 episcopi
804 3717 948 3775 licentiam
962 3717 1065 3775 habere
1079 3724 1235 3781 teneantur,
1250 3714 1313 3770 siue

217 3813 316 3884 quain
336 3814 408 3891 ipsis
427 3816 557 3874 ecclesiis
579 3833 637 3874 nou
660 3835 776 3875 suorum
797 3816 929 3875 ordinum
950 3816 1029 3875 nullo
1049 3812 1137 3872 modo
1156 3809 1311 3886 praedicare

250 4025 290 4088 (l)
312 4022 375 4088 Cap
388 4024 432 4076 Ec
441 4024 567 4092 mmipto,
578 4026 609 4075 da
616 4025 782 4091 jursJurando.
850 4025 888 4088 (2)
903 4020 1165 4087 emerecensis.
1178 4018 1209 4069 de
1221 4017 1277 4067 nef.

250 4111 290 4174 (³)
310 4108 339 4158 ln
352 4107 441 4159 Bulla:
452 4110 562 4178 accepti
572 4109 663 4169 cumn,
674 4125 741 4161 anno
755 4109 827 4171 1596,
839 4109 912 4159 edita.

253 4193 296 4258 (4)
316 4199 383 4258 App.
395 4195 421 4244 ii.
430 4210 455 4244 u.
467 4194 565 4246 lxxxiii.

253 4277 295 4341 (5)
315 4277 380 4328 Vide
393 4279 484 4329 Bened.
494 4277 565 4328 xlv.
577 4276 677 4329 Bullsm
688 4275 813 4346 Impositi,
823 4293 863 4328 an.
877 4279 950 4327 1747.
