2744 4980
579 974 720 1035 CAPUT
741 976 780 1035 V.

594 1192 632 1231 nn
655 1193 760 1233 BBLLO·

171 1362 222 1416 22.
243 1356 371 1417 Brauon
384 1357 417 1416 fit
436 1359 508 1417 inter
529 1359 657 1417 nationes
674 1360 711 1418 ob
732 1377 832 1437 graves
845 1360 936 1418 illatas
949 1362 1077 1439 injurias,
1093 1382 1163 1437 qaas
1175 1366 1226 1426 ie·

128 1456 205 1515 dens
218 1475 347 1534 reparare
357 1474 416 1516 non
424 1457 500 1516 vult:
522 1476 612 1530 quum
624 1460 703 1517 enim
716 1458 825 1517 nullum
835 1470 992 1536 agnoscant
999 1461 1128 1530 tribunal,
1142 1465 1225 1541 cujus

126 1564 207 1613 stent
213 1555 333 1633 judicio,
348 1557 435 1615 armis
448 1574 515 1615 suas
537 1557 638 1616 ulcisci
651 1558 768 1635 injurias
782 1568 921 1631 querunt,
941 1558 1007 1618 Deo
1019 1560 1151 1620 invocato
1163 1564 1224 1623 vin·

127 1652 208 1712 dice.
248 1654 393 1729 Equidem
405 1673 457 1732 per
469 1655 573 1714 saecula
585 1654 680 1714 media
691 1657 801 1715 sensim
809 1658 871 1715 sine
879 1675 966 1717 sensu
974 1658 1110 1718 Pontifex
1124 1662 1225 1721 arbiter

123 1752 279 1830 judexque
292 1772 308 1811 a
320 1755 450 1831 gentibus
463 1754 607 1832 plerisque
618 1755 770 1832 Europaeis
778 1756 958 1833 agnitusest3
972 1775 1106 1832 suprema
1118 1760 1181 1836 ejus
1194 1762 1225 1820 in

130 1853 270 1912 Ecclesia
281 1851 404 1930 regenda
416 1854 578 1912 auctoritate
599 1855 710 1912 animos
723 1854 874 1914 hominum
888 1854 1057 1931 disponente
1070 1866 1102 1914 ut
1116 1859 1226 1934 jurium

132 1953 317 2028 interpretem
336 1962 365 2010 et
382 1951 526 2013 vindicem
544 1970 611 2011 eum
631 1952 784 2012 haberent:
806 1962 978 2031 quapropter
994 1955 1139 2032 principes
1159 1976 1225 2016 snas

129 2061 231 2110 contra
243 2070 275 2109 se
297 2051 420 2110 invicem
436 2049 599 2109 deserebant
611 2052 741 2125 querelas
761 2050 797 2110 ad
809 2062 918 2130 patrem
933 2070 1128 2122 communem,
1141 2059 1225 2134 cujas

132 2151 241 2209 monita
248 2152 274 2209 si
287 2151 388 2208 frustra
400 2151 558 2209 evasissent
567 2159 633 2208 mne
647 2151 761 2210 tandem
774 2153 861 2211 armis
871 2161 1007 2211 tentamus
1015 2163 1067 2222 est,
1077 2153 1225 2214 Pontificio

131 2249 310 2308 anathemate
320 2249 471 2323 aliquando
480 2249 511 2308 in
521 2259 718 2308 contumacem
726 2251 845 2327 prolato,
853 2270 911 2323 quo
920 2269 1012 2309 cause
1022 2252 1133 2329 justitia
1143 2254 1224 2314 inno·

132 2343 277 2406 tesceret¹
318 2348 375 2407 Per
387 2367 482 2407 rerum
502 2349 580 2407 vices
599 2347 769 2417 factumest,
783 2359 815 2408 ut
834 2349 956 2408 tribunal
975 2349 1040 2419 hoc,
1055 2352 1225 2428 populorum

133 2447 354 2523 principumque
366 2464 508 2506 consensu
520 2447 589 2505 olim
603 2447 785 2517 celebratum,
799 2448 1006 2526 negligeretur3
1022 2450 1141 2526 jamque
1154 2470 1225 2528 gens

132 2562 254 2619 quasque
267 2547 335 2605 lesa
347 2566 401 2606 suo
410 2547 521 2606 arbitrio
530 2547 637 2606 bellum
650 2547 765 2607 indicit:
787 2545 839 2606 sed
852 2548 1059 2624 precipuomm
1073 2567 1224 2627 regnorum

131 2663 221 2722 opera
240 2647 332 2704 amica
343 2664 419 2723 sepe
433 2645 626 2722 impediuntur
638 2647 720 2714 bella,
734 2646 942 2706 conditionibus
955 2648 1046 2719 aequis
1060 2652 1238 2725 propositi·

173 2749 223 2802 23.
245 2745 358 2804 Bellum
371 2746 469 2805 inferri
482 2765 568 2822 posse
581 2755 679 2804 censet
692 2746 810 2805 Grotius
833 2745 931 2804 ineos
952 2748 1002 2818 qui
1025 2747 1098 2822 “jus
1121 2758 1224 2806 nature

133 2853 182 2901 aut
194 2847 322 2920 gentium
342 2845 503 2903 immaniter
524 2844 639 2910 violant,
654 2863 720 2904 nam
740 2846 854 2904 libertas
876 2843 1007 2901 humanae
1027 2846 1153 2904 societati
1175 2866 1226 2924 per

133 2961 233 3018 poenas
246 2943 424 3011 consulendi,
445 2961 507 3014 quoe
528 2945 610 3003 initio
630 2962 720 3019 penes
742 2942 871 3020 singulos
893 2942 992 3010 fuerat,
1015 2943 1173 3005 civitatibus
1192 2967 1225 3006 ac

129 3040 246 3117 judiciis
261 3044 399 3103 institutis
408 3060 498 3119 penes
512 3061 638 3102 summas
659 3052 811 3120 potestates
830 3033 984 3101 resedit.’'²
1024 3043 1059 3101 In
1072 3062 1135 3103 eam
1149 3047 1223 3108 imus

134 3142 314 3209 sententiam,
325 3142 548 3216 quatenuslicct,
559 3143 680 3201 vietiam
691 3144 775 3211 illata,
785 3141 917 3200 homines
926 3141 1098 3201 immanibus
1112 3145 1225 3223 flagitiis

133 3250 262 3298 assuetos
276 3241 312 3300 ad
325 3243 465 3302 humanos
478 3259 572 3301 mores
585 3260 717 3300 revocare
729 3261 737 3309 ;
759 3240 788 3300 id
801 3241 878 3299 enirn
891 3240 1033 3316 posttdare
1044 3241 1154 3300 videtur
1166 3216 1226 3322 dr}-

133 3341 206 3397 nitas
226 3351 332 3400 naturas
352 3343 484 3401 omnibus
507 3342 678 3400 communis.
721 3339 864 3398 Caeterum
886 3346 918 3395 ut
939 3356 1010 3415 gens
1031 3339 1124 3398 aliena
1143 3343 1225 3402 eade

133 3457 221 3496 causa
242 3440 348 3500 bellum
361 3441 471 3509 inierat,
486 3459 543 3499 non
556 3441 624 3498 satis
647 3451 692 3498 est
711 3439 848 3497 immania
860 3437 955 3509 aliqua
967 3437 1092 3496 facinora
1105 3439 1222 3511 admitti,

134 3540 159 3595 si
173 3556 267 3596 mores
281 3539 483 3618 plerorumque
497 3558 554 3598 non
567 3541 625 3598 sint
636 3539 790 3598 enormiter
799 3536 932 3614 corrupti.
975 3534 1021 3595 Ob
1032 3556 1141 3598 errores
1151 3544 1225 3601 circa

170 3714 212 3778 (t)
233 3720 247 3743 ⁹¹
256 3708 395 3760 Wiiielmns
406 3708 466 3759 Dux
478 3707 505 3758 N
506 3709 663 3759 ermannicns
675 3742 698 3758 ..
710 3742 717 3756 .
728 3723 760 3759 ne
773 3708 866 3773 justum
877 3704 983 3756 temnet
994 3721 1093 3757 ausam
1105 3711 1226 3760 temeritas

133 3798 285 3853 deformaret,
296 3793 328 3843 ed
339 3792 432 3857 Papam
444 3791 613 3843 Alexandrum
630 3792 731 3842 nuntia
742 3789 882 3848 destinuit,
898 3796 926 3839 ut
942 3797 1084 3853 suoeeptnm
1096 3792 1227 3853 negocium

133 3881 275 3932 auctoritate
286 3877 429 3943 Apostoiice
439 3877 581 3928 firmaretur.
616 3876 689 3927 Unde
698 3877 773 3942 Papa,
784 3876 940 3931 consideretis
952 3882 1067 3946 utrinqne
1079 3877 1226 3942 litigantium

133 3967 220 4023 causis,
230 3966 348 4017 vexillum
362 3965 486 4015 Wiiielmo
498 3963 523 4013 in
542 3978 615 4012 omen
632 3963 702 4024 regni
720 3963 877 4014 praemisit-'⁹
911 3966 952 4016 Ex
970 3967 1017 4017 hac
1034 3965 1146 4018 Matthaei
1158 3970 1227 4023 Paris

134 4051 250 4102 relations
261 4051 338 4115 liquet
348 4049 471 4115 quomodo
488 4049 619 4111 eontigerit
627 4048 771 4113 plerumque
781 4048 925 4100 Pontificem
935 4065 1009 4102 sunm
1021 4050 1173 4118 interponere
1186 4059 1227 4124 ju.

133 4137 234 4187 dicium.
266 4132 331 4186 vite
342 4134 409 4186 mut.
419 4131 497 4202 Angi.
504 4130 602 4184 Horoid
612 4132 675 4184 Res.
686 4148 710 4197 p.
719 4132 743 4182 2.

170 4222 212 4286 (a)
232 4219 272 4270 De
286 4221 342 4286 jure
352 4220 409 4271 beili
420 4225 445 4270 et
455 4220 530 4285 pacis,
541 4220 558 4269 l.
570 4219 595 4269 ii.
605 4234 627 4270 c.
636 4232 680 4270 xx.
689 4222 716 4271 n.
727 4216 768 4269 to.
803 4217 841 4269 De
853 4217 936 4270 votet
947 4226 1032 4271 cenna
1042 4221 1123 4282 sentit,
1133 4221 1194 4276 Lew
1203 4229 1231 4280 os

138 4307 255 4366 Netions,
266 4307 283 4357 Ι.
293 4306 320 4358 it
332 4322 354 4358 c.
363 4307 380 4358 i.
393 4309 408 4368 ς
421 4311 445 4358 7.
1284 4279 1290 4311 ¹
