2744 4980
139 417 196 471 182
464 412 521 471 DE
542 408 896 471 DISPENSATIONE.

136 573 339 654 prammitur.¹
359 577 564 634 Potesttamen
578 575 742 650 dispensare
756 576 785 630 in
799 575 858 630 suis
872 575 991 640 statutis,
1001 573 1045 630 vel
1056 576 1085 631 in
1099 573 1228 649 synodo,

137 678 204 735 cleri
218 675 344 735 adhibito
357 675 487 741 consilio,
502 675 548 731 vel
561 684 650 741 extra,
666 693 682 729 a
702 689 734 729 se
756 673 802 730 vel
822 692 837 729 a
856 672 916 728 suis
929 671 1128 731 decessoribus
1142 672 1227 728 latis:

138 785 196 834 “et
218 776 294 834 idem
314 786 409 851 potest
430 772 606 849 Capitulum,
625 771 692 829 sede
706 782 830 828 vacante.
873 769 939 828 Hoc
952 781 1047 828 tamen
1060 790 1118 829 non
1132 780 1231 847 potest

137 875 269 932 Vicarius
284 873 446 937 Generalis,
461 873 516 928 nisi
530 888 665 947 expresse
682 870 716 925 ab
729 871 865 945 episcopo
877 871 904 927 ei
918 870 1097 927 concedatur.
1141 870 1230 944 Epis·

137 974 203 1048 copi
216 983 340 1048 possunt
352 974 436 1029 etiam
456 969 621 1045 dispensare
635 970 664 1026 in
677 968 787 1044 legibus
800 969 913 1025 concilii
926 969 1108 1044 provincialis
1122 971 1153 1027 in
1167 968 1229 1024 suis

137 1071 334 1137 Dioecesibusa
349 1069 435 1128 modo
446 1088 503 1127 non
517 1071 574 1125 sint
585 1067 707 1127 concilio
720 1066 878 1142 specialiter
886 1076 1043 1124 reservatae.
1066 1067 1135 1125 Hoc
1148 1069 1227 1125 enim

139 1167 256 1244 expedit
281 1170 315 1227 ad
340 1171 446 1228 bonum
467 1159 642 1242 regimen.'’²
683 1164 860 1223 contradicit
879 1178 973 1224 tamen
993 1165 1156 1233 Suarcsius,
1177 1168 1227 1239 qui

138 1277 222 1344 negat
244 1268 490 1346 archiepiscopum
512 1267 606 1341 ipsum
635 1282 719 1342 posse
739 1284 755 1321 a
775 1265 884 1340 legibus
904 1265 1017 1322 concilii
1042 1266 1227 1341 provincialis

136 1366 310 1442 dispensare,
325 1369 380 1425 nisi
404 1375 573 1438 “quatenus
594 1364 649 1422 illis
669 1380 837 1420 concessum
857 1375 900 1420 est
912 1381 1059 1439 expresse,
1073 1365 1118 1420 vel
1133 1367 1226 1430 tacite,

136 1478 183 1522 aut
203 1458 458 1524 consuetudine.’'³
499 1462 630 1519 “Potest
654 1472 747 1519 autem
774 1461 890 1519 inferior
915 1461 1079 1538 dispensare
1106 1464 1136 1519 in
1161 1464 1226 1539 lege

136 1564 301 1638 superioris,
315 1567 341 1621 si
354 1563 459 1639 inlege
481 1561 648 1639 generaliter
667 1561 843 1637 permittatur
865 1560 1047 1636 dispensatio,
1071 1580 1105 1617 v:
1129 1581 1178 1636 gr:
1201 1563 1226 1618 si

136 1662 263 1720 dicatur:
285 1663 376 1720 donec
389 1658 599 1737 dispensetur.'’
643 1660 800 1718 “Possunt
819 1660 905 1716 etiam
918 1660 1047 1736 episcopi
1059 1656 1226 1735 dispensare

136 1763 166 1819 in
177 1760 261 1816 rebus
276 1780 338 1832 quae
350 1762 538 1818 communiter
551 1759 693 1826 eveniunt,
704 1759 734 1815 in
743 1759 871 1834 jejuniis,
885 1775 936 1814 esu
949 1758 1087 1825 ciborum,
1095 1759 1225 1816 observa·

137 1862 215 1918 tione
235 1857 382 1925 festorum,
410 1859 572 1916 recitatione
592 1856 688 1924 officii,
709 1858 781 1915 votis
801 1875 858 1914 non
878 1856 1060 1913 reservatis.”
1103 1857 1176 1915 Item
1196 1860 1225 1915 in

134 1958 244 2034 legibus
258 1957 351 2015 latisa
371 1958 452 2033 Papa
465 1977 517 2034 pro
538 1957 585 2014 illa
605 1955 763 2032 particulari
785 1955 921 2021 Dionaei,
943 1957 972 2012 in
992 1956 1096 2027 quibus
1116 1956 1226 2014 videtur

134 2056 230 2113 relicta
250 2055 366 2112 facultas
387 2055 572 2131 dispensandi
598 2055 673 2112 illius
700 2054 823 2131 praelato.
866 2054 937 2112 ltem
957 2065 1051 2130 potest
1069 2057 1226 2132 episcopus

133 2154 297 2229 dispensare
312 2155 341 2212 in
354 2156 465 2232 legibus
478 2154 675 2212 communibus
689 2154 847 2220 Pontificio,
861 2172 896 2210 v:
912 2172 954 2231 gr.
968 2154 998 2211 in
1011 2153 1226 2229 impedimentis

136 2254 318 2320 matrimonii,
343 2255 372 2312 in
395 2252 651 2332 irregularitatibus,
682 2254 712 2310 in
736 2253 808 2309 votis
834 2253 992 2319 reservatis,
1017 2263 1046 2310 et
1070 2253 1225 2320 similibus,

138 2351 251 2423 quando
265 2363 379 2410 nonest
401 2352 491 2411 facilis
516 2350 606 2408 aditus
628 2351 663 2408 ad
684 2351 803 2427 Papam,
818 2361 845 2408 et
863 2352 1019 2427 periculum
1033 2353 1121 2409 estin
1134 2370 1223 2419 mora,

137 2452 204 2522 quia
218 2448 272 2507 hoc
285 2451 404 2526 expedit
415 2450 450 2508 ad
464 2469 616 2508 commune
629 2451 744 2508 bonum.
768 2493 774 2506 .
797 2493 804 2507 .
828 2492 835 2506 .
857 2449 979 2508 Parochi
999 2461 1122 2526 possunt
1141 2453 1224 2508 etiam

136 2549 302 2623 dispensare
316 2569 382 2608 cum
396 2552 455 2607 suis
470 2550 571 2607 ovibus
584 2551 615 2607 in
633 2550 754 2624 jejunio,
768 2561 796 2605 et
808 2548 1001 2606 observatione
1015 2548 1163 2616 festorum,
1177 2552 1225 2608 ubi

135 2666 193 2705 non
207 2659 251 2703 cst
263 2647 354 2706 facilis
367 2667 497 2707 recursus
508 2647 542 2705 ad
556 2647 755 2724 episcopum.”
778 2657 796 2682 ‘⁶
808 2647 848 2704 Et
858 2647 887 2703 in
896 2647 941 2705 his
952 2648 1085 2706 omuibus
1096 2646 1226 2707 dicuntur

136 2748 267 2822 episcopi
281 2747 445 2824 dispensare
455 2750 519 2824 jure
533 2747 683 2813 ordinario,
698 2765 764 2804 cum
778 2746 839 2803 talis
853 2745 968 2803 facultas
982 2748 1024 2803 eis
1038 2758 1184 2824 competat
1196 2751 1223 2806 vi

137 2848 245 2921 proprii
259 2847 357 2913 officii,
372 2848 417 2905 cui
431 2857 475 2904 est
496 2857 630 2923 perpetuo
644 2845 762 2903 adnexa.
785 2887 792 2901 .
815 2887 822 2901 .
845 2887 851 2900 .
874 2843 913 2901 Et
931 2844 996 2902 ideo
1015 2845 1088 2902 bene
1104 2859 1225 2921 possunt

136 2962 199 2999 eam
216 2945 299 3001 alicui
313 2945 453 3021 delegare,
465 2958 496 3003 ut
509 2955 615 3003 certum
628 2943 719 3000 est.”⁴
737 2944 771 3002 ln
781 2944 832 3001 bac
845 2944 960 3020 regione
973 2943 1118 3001 facultates
1130 2947 1223 3021 plures

135 3040 301 3115 hujusmodi
321 3045 518 3108 missionariis‚
541 3045 569 3100 vi
592 3043 691 3100 indulti
712 3043 868 3119 apostolici,
890 3043 981 3099 solent
1000 3046 1221 3102 communicari:

134 3137 186 3196 sed
200 3158 252 3196 nec
266 3139 306 3206 hi,
321 3157 373 3197 nec
387 3142 516 3216 episcopi
530 3142 586 3216 ipsi
600 3152 719 3216 possunt
731 3142 854 3218 generali
868 3140 988 3213 quadam
1005 3143 1111 3200 radone
1125 3144 1222 3201 tollere

135 3238 336 3315 obligationem
350 3239 480 3297 servandi
492 3239 681 3297 universalem
692 3240 830 3298 Ecclesia
843 3240 946 3315 legem.
1184 3299 1186 3303 .

176 3342 223 3394 50.
246 3337 320 3395 Sunt
333 3338 405 3395 inter
417 3338 565 3415 theologos
579 3339 628 3410 qui
641 3341 784 3415 episcopis
807 3339 961 3416 generatim
974 3338 1119 3398 vindicent
1131 3355 1222 3417 potes·

135 3445 219 3492 tatem
244 3436 427 3512 dispensandi
452 3439 480 3494 in
504 3440 582 3496 omni
603 3438 667 3513 lege
687 3438 887 3505 ecclesiastica,
909 3456 994 3510 quam
1015 3439 1150 3498 Pontifex
1170 3443 1222 3499 sibi

135 3534 318 3592 relaxandam
341 3553 477 3610 expresse
501 3555 558 3594 non
571 3538 738 3602 reservarit;
759 3555 794 3594 eo
814 3538 956 3614 praecipue
975 3538 1096 3596 nitentes
1123 3552 1220 3597 textu:

137 3632 242 3698 “Quia
256 3646 350 3691 tamen
365 3633 493 3692 conditor
507 3637 623 3692 canonis
634 3636 696 3709 ejus
711 3637 915 3694 absolutionem
926 3637 980 3694 sibi
992 3639 1154 3712 specialiter
1166 3657 1222 3698 non

136 3733 261 3798 retinuit,
282 3751 317 3789 eo
344 3734 407 3807 ipso
434 3736 609 3791 concessisse
635 3733 745 3791 videtur
764 3735 923 3793 facultatem
946 3735 1008 3794 aliis
1029 3733 1224 3796 relaxandi.'’⁵

135 3830 372 3889 Animadvertunt
384 3833 468 3889 etiam
481 3834 682 3909 episcoporum
692 3832 928 3908 jurisdictionem,
943 3854 959 3891 a
972 3833 1036 3892 Deo
1057 3837 1222 3912 profectam,

135 3927 252 3986 liberam
267 3949 391 3996 manere,
407 3931 541 4003 quamdiu
555 3932 698 3991 vinculum
720 3932 863 4005 quoddam
876 3935 903 3991 ei
916 3952 933 3991 a
945 3936 1092 4010 superiore
1107 3939 1223 3995 auctori·

168 4165 212 4228 (l)
233 4165 297 4214 Vide
306 4166 440 4219 Succesde
452 4169 497 4232 leg.
510 4171 525 4219 l.
537 4172 567 4220 vi
577 4188 598 4221 c.
611 4170 658 4220 xiv.
760 4167 803 4233 (2)
823 4168 849 4217 S.
862 4169 936 4233 Alph.
950 4171 965 4218 l.
978 4171 993 4219 1.
1007 4186 1032 4218 n.
1045 4170 1101 4218 leo.

167 4246 209 4311 (3)
231 4247 259 4298 L.
273 4250 303 4300 ri.
316 4251 347 4301 de
359 4253 404 4314 leg.
417 4271 438 4304 c.
451 4271 492 4303 xv.
503 4271 527 4304 n.
541 4258 565 4305 4.
762 4255 803 4318 (l)
824 4253 847 4300 S.
861 4252 1012 4317 Alpbonsus‚
1025 4255 1040 4303 l.
1051 4255 1068 4303 i.
1080 4270 1104 4303 n.
1119 4255 1173 4303 190.

467 4342 503 4396 (5)
515 4341 576 4404 Cap.
585 4355 669 4404 nuper.
681 4339 711 4389 de
719 4347 779 4390 sent
790 4352 909 4388 excomm.
