2744 4980
190 435 209 487 2
236 428 238 435 ’
292 468 295 475 -
607 425 864 490 PROOEMIUM.

191 593 260 650 ratio
274 592 390 649 inservit
403 601 434 647 ut
447 592 628 666 investigetur
642 594 753 660 veritas,
769 611 832 664 quae
847 603 941 649 umen
955 592 1003 649 vix
1023 592 1151 652 habenda
1163 594 1216 650 erit
1230 610 1280 649 ex·

191 692 307 768 plorata,
323 689 456 762 quamdiu
471 690 552 746 altius
572 692 741 748 auctoritati!
755 690 918 766 praesidium
933 690 1061 749 desuerit.
1105 693 1183 751 Hinc
1196 692 1229 748 fit
1248 703 1282 748 ut

114 781 117 787 ⁶
191 790 315 865 theologi
336 789 366 844 in
388 788 511 845 diversas
533 789 632 845 abeant
645 789 811 865 plerumque
835 789 985 846 sententias
1008 790 1042 847 de
1063 792 1192 867 plurimis
1214 808 1280 861 quae

191 885 382 947 ratiocinando
404 886 578 944 deducuntur
601 906 638 944 ex
659 889 758 964 primis
778 907 889 946 morum
911 888 1069 964 principiis,
1091 890 1135 947 vel
1159 907 1221 960 quae
1242 888 1280 944 iis

191 988 346 1044 vestiuntur
359 985 507 1062 adJunctis,
520 1005 582 1056 quae
592 985 781 1043 difficultatem
797 1006 956 1058 novamque
971 1006 1062 1044 rerum
1078 989 1204 1063 speciem
1218 986 1280 1043 cffi-

191 1087 277 1143 ciunt.
321 1085 389 1141 Non
404 1084 534 1160 igiturea
548 1085 657 1141 anobis
672 1085 846 1160 expectanda
867 1097 910 1142 est
929 1087 958 1142 in
980 1085 1032 1142 hac
1046 1085 1195 1161 disciplina
1209 1097 1280 1141 trac·

191 1183 274 1242 tanda
287 1184 486 1240 sententiarum
497 1182 642 1250 certitudo,
652 1202 714 1254 quae
730 1184 759 1239 in
769 1183 944 1259 dogmatibus
954 1184 1128 1241 vindicandis
1143 1184 1278 1249 hahetur3

192 1282 242 1339 sed
256 1302 308 1358 pro
330 1300 423 1338 rerum
444 1280 537 1339 indole
558 1281 779 1339 verosimilitudo
799 1283 829 1339 in
849 1283 977 1358 plurimis
1000 1293 1105 1340 tautum
1126 1281 1280 1356 quaerenda

191 1376 265 1438 erit.¹

231 1485 261 1537 2.
283 1479 332 1536 Ex
346 1477 446 1535 iisdem
461 1479 562 1550 quibus
576 1478 707 1554 dogmata
720 1478 841 1535 sontibus
850 1499 960 1536 morurn
975 1481 1113 1555 principia
1126 1491 1276 1536 emanant:

191 1597 257 1636 narn
272 1578 416 1652 Scriptura
430 1577 568 1652 imprimis
583 1578 768 1644 continentur,
778 1577 977 1635 etTraditione
993 1579 1178 1646 innotescunt,
1194 1579 1277 1654 cujus

154 1746 160 1761 ι
191 1685 373 1734 monumenta
385 1676 518 1752 praeclara
531 1677 560 1732 in
574 1685 732 1732 sanctorum
747 1686 855 1750 patrum
870 1678 980 1751 scriptis
1000 1677 1143 1733 habentur.
1186 1677 1278 1748 Equi·

191 1775 256 1833 dem
271 1785 396 1831 veterum
411 1776 514 1849 scripta
527 1793 584 1831 non
598 1774 733 1829 exhibent
745 1775 982 1831 accuratissimam
1000 1775 1072 1831 hanc
1094 1785 1122 1831 et
1141 1775 1278 1832 fusiorem

191 1873 347 1948 disciplina)
362 1874 508 1938 rationem,
523 1891 579 1944 qua
591 1890 702 1928 morum
725 1873 862 1947 principia
882 1873 1053 1929 enucleatius
1077 1875 1205 1949 expositu
1219 1875 1277 1931 sin·

191 1973 264 2048 gulis
280 1972 328 2042 qui
343 1972 371 2027 in
386 1970 446 2027 dies
460 1980 609 2027 occurrunt
632 1987 713 2025 casus
738 1969 1001 2038 accommodantur3
1024 1990 1088 2028 nam
1110 1973 1278 2047 plenunque

118 2098 121 2103 ·
192 2071 278 2126 sacris
302 2069 483 2125 concionibus
507 2069 621 2123 virtutes
645 2066 886 2135 commendabant,
912 2078 939 2124 et
965 2070 993 2126 in
1018 2070 1084 2126 vitia
1107 2070 1278 2127 inveheban-

193 2177 244 2234 tur,
267 2177 295 2224 et
315 2168 443 2242 privatim
458 2167 542 2223 veluti
565 2184 615 2241 por
635 2184 735 2221 manus
755 2165 896 2222 tradebant
915 2167 1029 2243 regendi
1057 2169 1163 2224 animas
1178 2180 1278 2225 artem.

192 2268 324 2325 Attamen
350 2266 380 2321 in
407 2265 584 2331 Tertulliani,
610 2264 759 2339 Cypriani,
785 2263 996 2340 chrysostomi,
1023 2267 1175 2342 Augustini
1207 2266 1278 2323 alio-

192 2383 312 2436 rumque
336 2365 447 2441 scriptis
471 2366 646 2439 reperiuntur
672 2361 786 2434 quidam
813 2382 895 2420 casus
923 2366 1089 2440 singulares,
1121 2365 1151 2420 in
1174 2366 1279 2436 quibus

192 2463 259 2537 quid
285 2464 368 2520 liceat
394 2463 579 2538 disceptatur:
609 2472 637 2519 et
666 2479 776 2518 morum
797 2463 936 2538 principia
955 2465 1059 2538 optime
1087 2473 1278 2538 exponuntur,

192 2581 254 2635 quae
285 2581 336 2618 sna
362 2562 487 2619 fecerunt
519 2563 567 2633 qui
595 2561 728 2636 deinceps
759 2580 869 2619 morum
901 2561 1078 2637 disciplinam
1108 2562 1279 2620 Scholarum

136 2646 143 2659 ⁹
191 2661 324 2719 methodo
349 2670 504 2717 tractarunt.
557 2660 653 2718 Claret
676 2679 733 2736 prae
757 2661 886 2717 omnibus
919 2662 963 2718 sui
987 2663 1040 2718 aevi
1063 2661 1169 2717 ethices
1190 2661 1280 2717 chris·

115 2746 124 2767 ⁹
191 2761 272 2819 tianae
297 2760 448 2817 cultoribus
478 2760 510 2816 S.
536 2761 665 2817 Thomas
693 2760 831 2831 Aquinas
864 2778 949 2831 quem
979 2779 1037 2817 non
1067 2758 1215 2825 imrneritd,
1240 2761 1280 2816 ob

192 2860 297 2935 ingenii
325 2859 486 2926 claritatem,
512 2859 679 2916 Scholnrum
706 2859 847 2934 Angelum
884 2858 1014 2915 dixerunt
1040 2860 1161 2935 posteri:
1194 2859 1277 2935 cujus

192 2958 295 3033 scripta
308 2958 487 3033 purissimam
502 2959 763 3029 sanctissimamque
778 2957 956 3032 disciplinam
978 2967 1104 3014 accurate
1118 2968 1145 3013 et
1159 2957 1278 3013 feliciter

191 3056 348 3131 explicant:
380 3076 442 3128 quac
465 3056 569 3113 idcirco
591 3056 690 3112 diurna
709 3066 900 3126 nocturnaque
927 3057 1100 3113 versavimus
1127 3074 1222 3122 manu,
1246 3065 1280 3111 ut

191 3163 267 3211 tanto
280 3154 405 3223 ductore,
420 3154 560 3212 inoffenso
574 3155 754 3211 decurramus
771 3153 843 3229 pede
856 3154 886 3210 in
900 3155 1000 3211 semita
1018 3155 1071 3211 hac
1085 3156 1152 3211 satis
1166 3172 1276 3229 aspera.

191 3251 335 3324 Equidem
349 3274 386 3311 ex
400 3272 457 3325 quo
478 3253 601 3330 theologi
623 3263 775 3328 coeperunt
795 3252 973 3327 disciplinam
993 3271 1104 3310 morum
1125 3253 1194 3310 adeo
1215 3252 1278 3309 dili·

190 3362 287 3428 genter
300 3353 441 3428 persequi,
457 3354 582 3429 contigit,
605 3352 681 3425 quod
701 3352 857 3409 timendum
878 3361 945 3418 erat,
961 3352 1084 3409 hurnauo
1106 3352 1219 3426 ingenio
1240 3369 1278 3407 ex

190 3451 272 3506 certis
300 3452 445 3526 principiis
467 3452 611 3508 ratiocinia
631 3449 666 3507 ad
686 3470 730 3506 res
751 3451 953 3507 remotissimas
968 3451 1045 3506 tenui
1056 3449 1203 3506 deducenti
1218 3449 1277 3514 filo,

103 3552 112 3573 ⁸
189 3566 312 3605 errorem
327 3549 476 3620 aliquando
491 3569 542 3625 pro
556 3551 669 3606 veritate
683 3547 788 3605 haberi.
832 3549 877 3606 Ea
899 3559 963 3605 tunc
984 3559 1123 3605 rectorum
1136 3548 1276 3605 Ecclesia

189 3646 348 3714 solicitudo,
368 3667 430 3719 quoe
446 3648 474 3705 in
489 3648 554 3705 fidei
568 3649 723 3724 integritate
738 3647 840 3705 tuenda
860 3648 938 3705 omni
959 3648 1057 3705 claruit
1076 3666 1147 3715 aevo,
1163 3647 1278 3703 emicuit

221 3855 263 3919 (l)
284 3862 298 3884 ⁸⁴
307 3855 337 3904 ln
349 3855 425 3904 moral
437 3853 519 3915 things
530 3853 598 3903 there
609 3861 699 3903 cannot
710 3853 841 3919 ordinarily
853 3855 882 3902 be
900 3870 914 3903 a
931 3853 1118 3904 demonstrativo
1139 3869 1166 3902 or
1184 3850 1277 3901 matbe·

190 3941 285 3990 muticul
298 3941 416 4003 certainty
426 3957 433 3999 ς
451 3939 499 3988 rud
511 3939 536 3988 in
550 3940 661 4003 morality
674 3955 711 3988 we
722 3940 769 3989 call
780 3938 834 3988 that
844 3939 943 3999 certain,
952 3939 1040 3997 thetis,
1052 3957 1067 3988 a
1078 3939 1150 4000 thing
1160 3946 1185 3987 to
1197 3939 1226 3986 be
1236 3937 1280 3985 fol·

192 4025 270 4074 lowed
282 4026 330 4074 and
341 4026 441 4084 choseu,
459 4022 540 4073 which
563 4025 700 4074 ostentimes
717 4024 738 4074 ia
755 4025 800 4073 but
815 4039 873 4087 very
894 4023 980 4087 highly
992 4025 1121 4090 probable;
1139 4022 1188 4072 and
1205 4037 1280 4084 many

189 4107 273 4172 things
284 4110 316 4158 do
327 4118 372 4160 not
382 4110 457 4159 attuin
470 4109 523 4157 that
543 4109 643 4170 degre03
667 4107 723 4167 aud,
735 4109 860 4169 metatore,
872 4110 975 4159 because
995 4109 1015 4158 it
1033 4109 1055 4159 is
1075 4124 1133 4173 very
1145 4108 1213 4157 otton
1233 4105 1278 4156 im·

186 4193 299 4259 possible,
317 4194 336 4242 it
356 4194 377 4242 ia
397 4194 513 4256 certainly
526 4201 570 4241 not
589 4208 717 4257 necessary
730 4193 783 4243 that
793 4193 834 4243 the
846 4193 921 4242 direct
928 4192 1059 4257 judgmout
1070 4190 1159 4241 should
1180 4192 1210 4240 be
1221 4205 1278 4239 sura

187 4279 236 4330 aud
247 4279 346 4327 evident
363 4278 389 4328 iu
409 4279 440 4326 all
458 4275 548 4325 omes”
583 4277 701 4327 Jeronrias
718 4277 817 4342 Tuylm,
828 4276 968 4342 Episcopus
986 4276 1149 4338 Anglicrnus,
1160 4276 1186 4325 iu
1205 4289 1277 4339 opere

186 4363 273 4413 Morali
284 4363 349 4413 dieto
361 4363 454 4412 Ductor
466 4361 644 4421 Dubitandum,
655 4361 694 4412 eh.
703 4362 727 4412 ii.
739 4379 763 4428 p.
775 4365 816 4411 ³9.
850 4361 964 4419 Londou,
979 4360 1050 4410 1660.
