2744 4980
573 1137 714 1198 CAPUT
735 1139 788 1198 lV.

480 1356 525 1394 DE
566 1354 894 1397 consumamus.

185 1543 233 1597 39.
248 1539 385 1598 Pressa
401 1539 494 1615 legem
507 1539 641 1614 scriptam
655 1535 846 1602 consuetudo,
867 1552 920 1592 seu
930 1535 979 1593 lex
997 1552 1056 1593 non
1071 1536 1175 1611 scripta
1188 1555 1233 1614 ag-

145 1641 279 1696 noscitur.
322 1638 531 1714 Obligationem
544 1636 652 1695 inducit
664 1637 773 1709 quoties
787 1656 804 1692 a
816 1635 917 1711 majori
931 1645 1009 1711 parte
1023 1636 1234 1693 communitatis

146 1739 286 1795 animose
306 1734 447 1813 obligandi
461 1736 545 1794 fuerit
558 1735 677 1811 publicis
691 1736 798 1793 actibus
818 1733 965 1792 celebrata.
1007 1734 1057 1792 Sic
1078 1733 1177 1791 fideles
1200 1733 1235 1792 ad

146 1834 314 1895 audiendam
329 1835 450 1894 Missam
464 1834 562 1894 diebus
575 1834 655 1892 iestis
669 1853 705 1891 ex
728 1832 931 1892 consuetudine
950 1834 1065 1906 antiqua
1078 1846 1235 1892 noscuntur

145 1935 268 2010 obligati.
312 1943 331 1969 ‘⁶
340 1934 374 1992 ln
386 1934 432 1995 his
445 1936 528 1993 rebus
542 1933 577 1992 de
592 1934 693 2006 quibus
704 1932 776 1993 nihil
788 1934 856 1990 certi
869 1933 964 1990 statuit
973 1931 1068 1990 divina
1078 1933 1234 2009 Scriptura,

145 2051 208 2089 mos
221 2033 321 2110 populi
335 2033 400 2098 Dei,
415 2044 444 2090 et
456 2035 580 2091 instituta
593 2034 731 2109 majorum
743 2051 794 2108 pro
807 2032 870 2108 lege
884 2031 1005 2090 tenenda
1018 2024 1132 2089 sunt.’'¹
1159 2031 1233 2098 Quae

145 2140 237 2189 autern
251 2132 322 2189 fiunt
334 2152 350 2188 a
363 2131 505 2207 plerisque
519 2150 556 2190 ex
569 2132 629 2190 sola
642 2133 729 2191 animi
743 2131 902 2197 devotione,
916 2131 1022 2190 nullam
1035 2129 1171 2189 inducunt
1184 2133 1235 2190 ob-

144 2230 318 2306 ligationem.
341 2228 526 2290 Consuetudo
539 2232 623 2307 igitur
636 2250 666 2289 se
681 2250 754 2304 aqua
765 2231 872 2288 lustrali
887 2229 1066 2307 aspergendi
1080 2229 1126 2288 vel
1140 2232 1235 2288 crucis

144 2330 227 2405 signo
250 2340 313 2388 ante
336 2330 485 2406 prandium
505 2330 661 2397 muniendi,
682 2329 729 2389 vel
746 2347 845 2407 preces
865 2331 1002 2389 matutino
1022 2339 1051 2387 et
1071 2331 1236 2406 vespertino

144 2435 270 2505 tempore
284 2429 429 2496 fundendi,
445 2432 504 2489 vim
516 2431 589 2507 legis
603 2448 660 2488 non
677 2429 778 2496 habet3
800 2430 930 2500 quamvis
943 2438 1074 2505 peccaret
1085 2429 1136 2501 qui
1149 2429 1233 2488 ritum

143 2529 314 2585 lustrationis
325 2538 488 2604 spemeret3
510 2529 554 2586 rel
568 2529 679 2604 asigno
692 2527 783 2585 crucis
798 2526 937 2595 iaciendo,
951 2527 1038 2586 fidem
1052 2527 1232 2586 catholicam

143 2628 323 2693 erubescens,
344 2628 513 2694 abstinerem
534 2627 733 2686 velorationis
755 2644 859 2685 munus
885 2626 934 2685 diu
956 2627 1121 2705 negligeret.
1164 2627 1234 2685 Non

144 2737 242 2801 peccat
255 2736 348 2784 autem
362 2728 411 2800 qui
425 2726 576 2800 aliquando
590 2726 624 2783 ab
637 2727 761 2784 externis
773 2725 817 2782 his
831 2726 942 2801 pietatis
956 2725 1099 2785 exercitiis
1108 2726 1185 2802 justa
1198 2725 1233 2785 de

143 2845 229 2883 causa
242 2828 371 2894 abstinet,
379 2844 415 2883 ne
429 2827 539 2886 scilicet
551 2826 657 2901 absque
667 2825 725 2885 ulla
737 2825 855 2883 utilitate
866 2825 1063 2884 hereticorum
1075 2825 1231 2885 cachinnos

144 2937 265 2983 moveat.

182 3030 231 3082 40.
245 3023 442 3083 'Consuetudo
459 3035 502 3081 est
515 3026 599 3083 etiam
614 3026 750 3101 “optima
762 3025 858 3103 legum
872 3021 1059 3102 interpres‚’'¹
1077 3042 1141 3097 quae
1154 3025 1231 3081 enirn

133 3120 228 3185 Ι11111111
242 3125 286 3181 vel
300 3125 418 3182 obscura
431 3125 460 3181 in
473 3124 536 3200 lege
550 3122 640 3183 videri
661 3132 789 3200 possunt,
812 3123 960 3182 manifesto
980 3123 1172 3200 intelliguntur
1192 3141 1229 3179 ex

143 3224 264 3299 publicis
286 3234 315 3279 et
332 3222 536 3282 universalibus
559 3224 658 3299 populi
678 3224 812 3282 moribus.
855 3222 940 3289 Quod
963 3224 987 3279 si
1013 3222 1122 3300 legibus
1149 3222 1233 3298 plane

144 3322 314 3391 adversetur,
330 3342 381 3381 nec
395 3341 446 3399 per
458 3343 489 3380 se
503 3322 577 3381 mala
588 3322 635 3392 sit,
646 3341 742 3382 earum
756 3323 815 3381 vim
830 3322 917 3391 tollet,
932 3322 1088 3381 dummodo
1102 3340 1154 3397 per
1173 3320 1232 3379 diu·

144 3431 256 3480 turnum
274 3435 386 3503 tempus
407 3423 570 3481 invaluerit:
593 3420 719 3482 “Nemo
746 3441 820 3481 sanae
841 3422 944 3480 mentis
964 3421 1096 3498 intelligit
1117 3421 1232 3478 naturali

143 3520 199 3594 juri
211 3520 304 3598 (cujus
315 3523 502 3598 transgressio
509 3520 670 3599 periculum
679 3521 778 3581 salutis
789 3519 909 3600 inducit)
925 3539 1102 3594 quacumque
1116 3539 1235 3578 consue·

144 3616 238 3675 tudine
263 3617 338 3697 (quac
362 3618 481 3675 dicenda
502 3630 546 3678 est
566 3621 660 3679 verius
681 3622 711 3679 in
731 3621 784 3679 hac
806 3631 883 3697 parte
897 3616 1068 3698 corruptela)
1083 3638 1170 3696 posse
1185 3620 1232 3677 111·

143 3730 280 3789 quatenus
295 3716 431 3793 derogari.
475 3717 556 3775 Licet
568 3719 651 3776 etium
672 3719 807 3795 longaevae
821 3719 1033 3779 consuetudinis
1046 3736 1105 3778 non
1119 3719 1156 3776 sit
1169 3719 1232 3775 uilis

143 3818 302 3884 auctoritas,
317 3834 375 3874 uon
390 3826 482 3874 tamen
501 3826 545 3874 est
563 3835 654 3890 usque
674 3817 745 3875 adeo
765 3817 892 3885 valitura,
913 3831 944 3877 ut
966 3820 1012 3877 vel
1024 3819 1085 3898 juri
1108 3819 1233 3895 positivo

141 3916 241 3974 debeat
254 3915 449 3992 prejudicium
463 3934 607 3992 generare,
622 3917 678 3974 nisi
694 3916 777 3974 fuerit
798 3917 981 3986 rationabilis,
1003 3929 1030 3976 et
1050 3918 1179 3995 legitime
1199 3916 1235 3972 sit

142 4015 338 4091 praescripta.”
380 4009 683 4094 111611ςο11111111.3
725 4015 1022 4077 Rationabilisautcm
1035 4017 1234 4076 habeturcon·

141 4114 261 4173 suetudo
275 4135 338 4188 quae
352 4115 471 4174 naturali
485 4115 529 4174 vel
543 4116 639 4176 divino
649 4114 707 4193 juri
718 4134 775 4174 non
789 4127 936 4193 repugnat,
951 4135 1002 4174 nec
1016 4117 1134 4194 publico
1147 4117 1232 4181 bono,

243 4303 286 4368 (1)
306 4303 368 4352 Can.
381 4307 404 4352 7.
416 4301 474 4354 diet.
489 4304 525 4353 11.
712 4305 755 4370 (2)
775 4302 838 4354 Cen.
850 4304 899 4354 1111
911 4301 940 4355 de
949 4273 1136 4356 eonsoetodine.

476 4389 516 4455 (3)
535 4386 655 4449 (11.1111.
672 4386 701 4439 de
712 4384 898 4440 wmuetudine.
