2766 4996
194 449 253 504 8oe
441 439 498 499 DE
519 437 729 499 Paconius
749 434 1044 497 crematurus,

193 608 259 666 sacti
272 615 338 663 sunt
350 614 379 662 et
391 605 517 663 moribus
530 601 719 660 suavissimis.
761 601 794 658 S.
809 602 979 659 Franciscus
995 599 1130 658 sum
1145 602 1218 659 inter
1230 603 1282 679 plu·

193 707 283 766 timos
296 704 413 761 eminet.
455 704 562 761 Animo
574 703 698 779 cogitare
711 709 823 775 oportet
842 719 927 772 quam
939 699 1042 759 inutile
1054 699 1096 756 sit
1108 713 1139 758 et
1152 702 1282 778 pernicio

194 822 258 862 sum
271 805 320 862 ire
335 800 491 878 indulgere,
513 811 532 837 ‘⁶
542 803 584 859 ira
596 803 675 860 enim
688 800 741 856 viri
756 799 895 875 justitiam
915 798 972 858 Dei
985 816 1046 857 nou
1059 797 1244 875 operamr‚”¹
1259 813 1282 857 et

193 904 300 979 sepius
313 901 509 960 renovandum
522 911 566 958 est
578 901 755 977 propositum
775 916 838 955 eam
858 898 993 965 evitandi,
1014 897 1115 970 nilque
1130 898 1283 976 proferendi

194 1003 290 1061 animo
302 1000 539 1059 excandescente.
567 999 600 1057 Si
615 1000 679 1072 quis
692 999 734 1055 ira
745 995 905 1070 deliquerit,
919 997 1138 1072 quamprimum
1152 996 1284 1056 sedandas

195 1103 333 1160 estanimi
343 1111 448 1167 motus,
455 1097 844 1176 juxtailpostolimoniurm:
860 1104 881 1131 ‘⁶
891 1095 1012 1155 solnm
1019 1095 1285 1173 oecidatsuperirs

194 1200 327 1259 cundiam
341 1193 513 1258 vestram.”²
540 1197 639 1256 Oratio
649 1193 793 1255 fundenda
805 1205 893 1252 estut
905 1194 1040 1253 Christis
1054 1213 1112 1253 nos
1125 1207 1284 1254 mansuetos

195 1309 224 1356 et
236 1299 369 1365 humiles,
381 1299 425 1355 sui
439 1300 536 1363 instar,
549 1296 662 1362 efficiat,
686 1304 713 1351 et
732 1293 927 1361 laborandum,
940 1305 981 1361 ut,
994 1293 1110 1352 actibus
1128 1296 1237 1371 saepius
1249 1312 1285 1352 re·

192 1398 297 1472 petitis,
311 1395 488 1454 consuetudo
507 1395 670 1469 patientiam
689 1392 843 1450 exercendi
863 1392 1005 1450 habeatnr.
1050 1393 1220 1451 Mitissimae
1228 1393 1284 1450 Vir

193 1495 268 1571 ginis
281 1494 446 1570 exemplum
459 1503 487 1551 et
499 1511 601 1570 preces
614 1492 769 1569 plurimum
782 1502 902 1568 prosunt
919 1490 955 1549 ad
969 1491 1222 1551 mansuetudinem
1234 1491 1284 1549 adi·

193 1593 369 1669 piscendam.

595 1744 695 1806 “Virgo
707 1743 845 1806 singularis.

617 1829 683 1878 lnter
695 1844 779 1877 omnes
792 1828 865 1885 mitis,

612 1913 667 1963 Nos
678 1913 757 1977 culpis
769 1914 861 1960 solutos

610 1997 684 2047 Mites
695 1998 733 2047 sac
740 2007 764 2046 et
775 1994 879 2046 matus?

232 2187 280 2243 64.
302 2183 432 2241 Savities
445 2181 481 2241 ad
500 2183 571 2241 iram
591 2181 740 2240 reserenda
758 2181 878 2248 videtur,
900 2191 943 2239 est
963 2181 1074 2240 scilicet
1096 2201 1132 2240 ea
1145 2184 1233 2241 animi
1246 2186 1283 2241 in·

191 2283 271 2342 doles
284 2300 340 2356 qna
354 2285 419 2355 quis
432 2283 528 2340 bestie
542 2282 644 2340 ferocis
664 2284 762 2349 instar,
777 2280 931 2358 impellitur
950 2281 986 2338 ad
1003 2279 1141 2339 homines
1160 2283 1283 2340 cruciati·

190 2381 243 2438 bus
257 2381 431 2438 adiciendos.
473 2381 529 2438 Est
544 2381 669 2439 immane
689 2400 806 2456 prorsus
827 2380 937 2438 vitium.
979 2378 1157 2449 Crudelitas,
1172 2399 1235 2454 quae
1256 2382 1281 2438 ιιι

190 2481 284 2554 poenis
298 2477 454 2552 irrogandis
469 2476 585 2535 modum
599 2479 721 2544 excedit,
737 2498 773 2537 ex
788 2482 829 2537 ira
841 2497 918 2555 serpe
932 2481 1082 2555 provenit:
1103 2479 1157 2536 sed
1171 2498 1229 2538 non
1242 2494 1281 2536 est

128 2568 133 2578 ’
191 2576 283 2650 gravis
297 2576 407 2650 peccati
420 2573 588 2642 damnande,
602 2577 657 2632 nisi
672 2576 757 2633 suerit
770 2577 850 2635 valde
865 2587 956 2635 atron

596 2773 664 2847 §V.
686 2773 733 2831 Dr
754 2776 885 2832 Aeanti.

230 2950 279 3004 65.
309 2946 682 3023 Αοειιιιι-ἀκηδὶω-ριοιιι
706 2948 830 3024 speciale
853 2957 898 3003 est
920 2947 1031 3014 vitium,
1055 2956 1101 3004 est
1123 2948 1235 3005 uisutia
1255 2959 1281 3003 et

192 3042 305 3100 taedinm
319 3044 353 3100 de
367 3045 448 3101 bonis
461 3045 564 3103 diuinis
579 3057 717 3119 quatenus
732 3045 767 3103 ad
786 3065 839 3103 nos
859 3047 1022 3121 pertinent:
1043 3044 1160 3118 quando
1176 3047 1281 3104 scilicet

191 3143 255 3214 quis
269 3142 399 3200 difficiles
419 3144 504 3201 nimis
526 3145 666 3202 aestimans
688 3164 751 3203 esse
765 3144 862 3202 salutis
884 3143 1071 3211 conditiones,
1092 3163 1142 3202 eas
1165 3145 1279 3220 implere

191 3241 302 3320 refugit.
345 3243 400 3300 Est
413 3245 529 3303 mortale
548 3256 695 3320 peccatum
710 3263 746 3302 erc
759 3261 867 3321 genere
877 3260 932 3301 suo
940 3265 954 3312 ,0
974 3241 1117 3320 sedsaepe
1132 3246 1198 3316 quis
1210 3261 1279 3319 aegre

191 3339 244 3397 sert
257 3342 384 3415 quaedam
399 3343 453 3400 sibi
467 3343 596 3402 facienda
614 3364 679 3417 quae
692 3355 787 3401 tamen
808 3341 921 3399 tandem
941 3343 1101 3414 exequitur,
1117 3354 1148 3401 ut
1166 3360 1278 3419 gravem

190 3441 276 3496 evitet
295 3442 428 3517 culpam:
451 3462 514 3514 quae
539 3445 626 3501 animi
649 3443 803 3520 dispositio
824 3460 883 3500 non
907 3451 951 3498 est
972 3441 1110 3509 mortalis,
1153 3450 1172 3477 ‘⁶
1186 3443 1280 3500 Motus

190 3535 327 3602 acediae,'’
348 3539 440 3608 inquit
463 3542 495 3597 S.
517 3542 658 3609 Thomas,
681 3542 822 3600 “insola
844 3540 1024 3598 sensualitate
1046 3540 1219 3613 quandoque
1240 3550 1278 3596 est

189 3638 305 3705 propter
317 3638 531 3708 repugnantiam
553 3641 644 3695 carnis
665 3639 699 3695 ad
713 3642 862 3715 spiritum:
883 3648 913 3694 et
925 3651 991 3697 tuuc
1009 3648 1053 3696 cst
1072 3650 1222 3715 peecatum
1235 3657 1278 3695 vc·

188 3728 273 3787 niale.
316 3730 496 3803 Quandoque
510 3753 578 3790 vero
592 3737 725 3810 pertingit
738 3755 828 3808 usque
849 3737 884 3794 ad
898 3739 1046 3806 rationem,
1060 3757 1125 3811 qum
1139 3739 1277 3796 consentit

190 3832 220 3888 in
230 3829 328 3908 fugam
342 3840 370 3889 et
381 3831 527 3890 horrorem
541 3843 570 3889 et
582 3832 796 3891 detestationem
807 3836 875 3892 boni
888 3835 986 3905 divini,
1001 3855 1085 3894 carne
1095 3848 1195 3895 contra
1207 3838 1277 3914 spir·

189 3931 260 3988 itum
274 3933 460 4008 prevalente:
483 3942 511 3992 et
520 3942 586 3992 tunc
600 3933 779 3992 manifestum
799 3943 853 4001 est,
875 3936 950 4005 quod
964 3934 1061 3994 acedia
1074 3946 1118 3993 est
1130 3949 1277 4012 peccatum

189 4023 357 4089 mortale.''³

389 4219 432 4284 (l)
446 4219 497 4269 Jac.
509 4218 525 4269 i.
536 4223 578 4269 20.
880 4221 922 4286 (2)
936 4221 1001 4286 spu.
1013 4221 1045 4271 iv.
1058 4223 1099 4270 26.

390 4302 432 4368 (³)
446 4303 474 4354 S.
484 4302 603 4365 Thomu.
613 4307 637 4356 9.
648 4307 694 4356 Que-
706 4323 746 4371 qu.
758 4322 833 4377 ιω.
847 4317 889 4357 art.
901 4309 936 4357 iii.
