2744 4980
586 242 642 303 nu
664 242 905 307 oeoluooo.
1249 260 1305 339 ,p

192 410 319 468 visitans
334 408 510 481 iniquitatem
523 417 636 486 patrum
648 410 680 468 in
698 408 783 478 filios,
804 413 833 471 in
853 411 963 471 tertiam
982 421 1011 470 et
1030 424 1157 486 quartam
1177 432 1293 493 genn.

193 511 308 567 tionem
322 525 431 575 eorum,
446 509 495 580 qui
512 507 635 566 oderunt
653 526 717 566 me:
739 519 767 565 et
786 510 892 569 faciens
912 512 1135 572 misericordiam
1155 516 1184 572 in
1204 516 1294 581 millia

195 608 255 674 his,
270 608 320 679 qui
333 606 455 682 diligunt
467 625 524 673 me,
538 619 567 663 et
579 606 741 664 custodiunt
753 619 893 686 praecepta
902 628 974 667 mea.

236 716 256 741 ‘⁶
268 707 339 764 Non
353 723 483 763 assumes
496 724 604 764 nomen
617 705 737 764 Domini
750 705 807 765 Dei
827 711 867 769 tui
886 710 916 766 in
935 728 1056 767 vanum:
1078 729 1132 769 nee
1152 713 1230 770 enim
1243 713 1291 772 ha-

192 806 273 863 bebit
286 808 431 864 insontem
444 803 589 863 Dominus
602 825 679 873 eum,
694 806 743 876 qui
763 809 948 886 assumpserit
968 828 1074 867 nomen
1095 810 1214 871 Domini
1235 811 1292 895 Dpi

194 906 242 962 sui
257 904 366 961 frustra.
1348 898 1355 907 ’

238 1004 401 1068 Memento,
415 1010 446 1060 ut
458 1001 536 1060 diem
550 1004 664 1061 Sabbati
676 1004 846 1062 sanctifices.
889 1007 950 1063 Sex
963 1005 1063 1064 diebus
1076 1009 1250 1083 operaberis,
1264 1017 1292 1067 et

197 1103 286 1159 iacies
300 1102 396 1160 omnia
408 1119 497 1178 opera
510 1110 564 1159 tua.
607 1103 737 1179 Septimo
759 1112 851 1161 autem
872 1104 917 1162 die
938 1088 1090 1163 Sabbatum
1104 1106 1224 1166 Domini
1236 1106 1293 1166 Dei

199 1203 239 1260 tui
262 1212 323 1257 est:
345 1218 404 1258 uon
426 1200 513 1257 iacies
536 1219 621 1259 omne
641 1220 714 1280 opus
734 1201 764 1260 iu
784 1220 829 1269 eo,
844 1212 882 1271 tu,
897 1215 925 1260 et
943 1203 1019 1261 filius
1033 1212 1107 1271 tuus,
1121 1216 1150 1261 et
1162 1205 1220 1264 filia
1233 1215 1289 1274 tua,

198 1319 297 1357 senus
311 1309 386 1365 tuus,
400 1308 428 1354 et
447 1299 549 1356 ancilla
569 1309 624 1367 trra,
640 1303 803 1377 jumentum
823 1310 913 1370 tuum,
935 1312 964 1359 et
982 1301 1090 1360 advena
1101 1305 1152 1377 qui
1164 1314 1208 1361 est
1220 1305 1292 1363 intra

200 1411 294 1475 portas
308 1409 380 1455 tuas.
423 1397 484 1454 Sex
498 1399 576 1455 cuim
596 1398 696 1456 diebus
715 1399 783 1457 fecit
801 1398 944 1459 Dominus
961 1401 1065 1459 coelum
1085 1410 1113 1458 et
1132 1412 1243 1470 terram,
1264 1410 1293 1460 et

200 1516 290 1564 mare,
305 1506 334 1553 et
346 1496 443 1555 omnia
456 1513 519 1568 quae
533 1497 561 1554 in
576 1498 617 1553 eis
636 1504 711 1564 sunt,
725 1506 754 1554 et
765 1499 903 1570 requievit
918 1500 947 1558 iu
967 1499 1013 1557 die
1027 1502 1166 1578 septimo:
1188 1501 1294 1559 idcirco

198 1596 345 1655 benedixit
359 1595 502 1653 Dominus
515 1595 572 1653 diei
586 1596 711 1663 Sabbati,
725 1607 754 1653 et
765 1598 950 1655 sanctificavit
965 1618 1041 1657 eum.

240 1695 365 1754 Honora
384 1705 492 1772 patrem
515 1702 604 1762 tuum,
625 1706 654 1752 et
673 1704 792 1752 matrem
813 1705 899 1762 tuam,
918 1706 951 1754 ut
969 1699 1009 1754 sis
1035 1696 1181 1773 longaevus
1207 1715 1294 1774 super

198 1807 317 1862 terram,
332 1814 418 1866 quam
432 1793 573 1853 Dominus
587 1793 668 1851 Deus
683 1803 746 1851 tuus
759 1792 835 1851 dabit
847 1794 905 1851 tibi.

241 1895 312 1952 Non
327 1893 452 1951 occides.

241 1995 269 2051 N
272 2013 312 2052 on
326 1975 522 2051 moechaberis.

240 2094 309 2151 Non
324 2092 431 2150 furtum
444 2091 541 2150 iacies.

241 2193 269 2249 N
272 2212 309 2250 on
321 2192 450 2263 loqueris
464 2200 562 2249 contra
574 2191 739 2267 proximum
752 2198 831 2247 tuum
845 2189 948 2248 salsum
961 2190 1167 2248 testimonium.

241 2293 309 2349 Non
329 2291 519 2366 concupisces
542 2289 658 2348 domurn
679 2290 804 2366 proximi
825 2290 885 2347 tui:
907 2308 960 2347 nec
981 2288 1153 2347 desiderabis
1173 2303 1294 2347 uxorem

204 2392 274 2466 ejus,
288 2409 347 2448 nou
359 2408 489 2457 servum,
503 2408 562 2449 non
575 2389 716 2456 ancillatu,
727 2407 787 2447 non
796 2391 908 2461 bovem,
922 2408 981 2451 uon
995 2390 1116 2457 asinum,
1130 2407 1184 2447 uec
1196 2389 1293 2448 omnia

205 2508 265 2562 quae
279 2490 354 2547 illius
365 2484 478 2546 sunt.·”1

240 2593 288 2646 29.
312 2586 434 2646 Eisdem
448 2587 506 2645 fere
520 2578 613 2645 verbis
626 2595 768 2663 praecepta
780 2588 810 2644 in
822 2585 894 2645 libro
914 2585 1132 2644 Deuteronomii
1143 2602 1293 2642 recensen-

204 2701 253 2754 tur,
267 2687 369 2746 ordine
383 2696 479 2744 tamen
493 2686 642 2743 verborum
654 2683 786 2744 nonnihil
793 2687 899 2742 variato
911 2686 943 2742 in
952 2685 1050 2741 ultima
1059 2685 1216 2760 presertim
1229 2701 1293 2739 sen·

205 2789 296 2845 tentia.
342 2785 440 2844 “Nou
454 2786 642 2861 concupisces
655 2801 774 2843 uxorem
788 2784 912 2859 proximi
932 2784 989 2840 tui:
1010 2801 1069 2839 nou
1088 2780 1215 2850 domum,
1235 2799 1295 2840 non

204 2905 309 2961 agrum,
324 2904 383 2944 uon
396 2903 521 2951 servum,
535 2902 594 2942 non
614 2883 756 2950 ancillam,
777 2901 835 2941 nou
848 2884 961 2949 bovem,
981 2900 1039 2940 non
1060 2881 1172 2940 asinum
1192 2890 1220 2940 et
1231 2881 1293 2940 uui·

205 3003 281 3042 versa
294 3005 360 3057 quae
374 2984 449 3042 illius
463 2976 577 3042 sunt”²

240 3089 288 3141 30.
312 3085 411 3150 Quum
425 3101 506 3141 sacer
517 3083 638 3160 scriptor
650 3079 727 3138 nulla
739 3081 846 3138 ratione
866 3079 1007 3138 definierit
1024 3078 1201 3154 singulorum
1223 3094 1294 3153 prae·

209 3194 374 3272 ceptorum
374 3184 491 3248 limites,
505 3185 642 3256 variatum
662 3187 706 3235 est
728 3187 854 3235 veterum
876 3170 1097 3235 sententiis‘³
1101 3173 1293 3242 ‘Queritur‚”

210 3282 297 3354 inquit
323 3284 513 3360 Augustinus,
540 3280 669 3339 “decem
696 3286 838 3353 praecepta
862 3276 933 3353 legis
963 3272 1203 3347 quemadmodum
1224 3253 1296 3332 divi·

210 3378 297 3439 denda
322 3383 396 3439 sint:
417 3391 511 3439 utrum
532 3391 654 3453 quatuor
672 3378 729 3434 sint
748 3393 837 3448 usque
858 3374 894 3432 ad
918 3372 1144 3451 praeceptumde
1170 3372 1293 3440 sabbato,

209 3497 267 3550 que
300 3480 336 3538 ad
367 3482 464 3558 ipsum
499 3479 596 3539 Deum
628 3477 784 3555 pertinent;
817 3493 870 3533 sex
903 3484 995 3532 autem
1021 3473 1139 3547 reliqua,
1172 3490 1294 3545 quorum

251 3691 260 3738 l
371 3728 378 3742 .
425 3726 433 3742 .

234 3692 276 3841 {2}
294 3691 371 3828 iiiii
382 3708 430 3826 vul
438 3782 459 3829 l.
493 3776 523 3827 ln
534 3782 604 3827 textu
616 3773 738 3824 Hebraico
746 3771 858 3822 versiculi
869 3770 1062 3832 distinguuntur,
1073 3772 1098 3816 st
1112 3766 1213 3814 verbum
1224 3774 1294 3812 usur·

204 3867 270 3924 petur
281 3871 340 3912 aute
352 3863 461 3912 domum.

234 3946 277 4012 (3)
290 3953 305 3977 “
317 3945 403 3996 When
416 3946 500 3997 Moses
509 3943 630 3996 delivered
641 3942 683 3993 the
690 3950 733 3993 ten
744 3938 956 3992 commanducato
967 3943 993 3986 to
1004 3934 1046 3985 the
1053 3932 1147 3999 people,
1155 3930 1187 3981 he
1196 3929 1240 3981 did
1251 3937 1296 3980 not

204 4030 241 4080 tell
261 4030 330 4082 them
344 4032 370 4082 iu
382 4031 452 4082 order
463 4031 547 4082 which
557 4046 609 4080 was
620 4028 717 4087 mund,
729 4026 811 4077 which
822 4039 874 4074 was
892 4021 956 4081 noh,
975 4019 1025 4070 aud
1044 4034 1111 4084 upon
1130 4016 1179 4068 this
1190 4021 1296 4066 account

204 4115 256 4181 they
268 4117 332 4167 have
342 4119 405 4167 been
415 4119 533 4182 sersmlly
542 4115 638 4167 diridod
650 4131 677 4164 es
685 4129 742 4163 men
754 4112 794 4161 did
806 4111 889 4175 plesse
900 4116 926 4159 to
938 4103 1036 4170 feucy.”
1064 4101 1080 4153 J
1082 4103 1183 4155 eremius
1193 4101 1294 4165 Tertor,

134 4219 137 4226 ¹
204 4199 294 4253 Ductor
305 4201 491 4262 Dubitandum,
502 4202 518 4252 l.
530 4201 555 4252 ii.
566 4201 606 4251 ch.
617 4203 640 4248 2.
659 4197 723 4248 Rure
732 4199 757 4257 6,
768 4211 791 4262 p.
805 4196 863 4244 ³24.
