<?xml version="1.0" encoding="UTF-8"?>
<!DOCTYPE html PUBLIC "-//W3C//DTD XHTML 1.0 Transitional//EN"
    "http://www.w3.org/TR/xhtml1/DTD/xhtml1-transitional.dtd">
<html xmlns="http://www.w3.org/1999/xhtml" xml:lang="en" lang="en">
 <head>
  <title>
</title>
<meta http-equiv="Content-Type" content="text/html;charset=utf-8" />
  <meta name='ocr-system' content='tesseract 3.04.00' />
  <meta name='ocr-capabilities' content='ocr_page ocr_carea ocr_par ocr_line ocrx_word'/>
</head>
<body>
  <div class='ocr_page' id='page_1' title='image "./theologiaemoral00kenrgoog_0278.png"; bbox 0 0 2744 4980; ppageno 0'>
   <div class='ocr_carea' id='block_1_1' title="bbox 491 435 1243 513">
    <p class='ocr_par' dir='ltr' id='par_1_1' title="bbox 491 435 1243 513">
     <span class='ocr_line' id='line_1_1' title="bbox 491 435 1243 513; baseline 0.021 -19"><span class='ocrx_word' id='word_1_1' title='bbox 491 435 549 495; x_wconf 81' lang='lat' dir='ltr'><strong>DE</strong></span> <span class='ocrx_word' id='word_1_2' title='bbox 570 435 827 498; x_wconf 79' lang='lat' dir='ltr'><strong>SERVITUTE.</strong></span> <span class='ocrx_word' id='word_1_3' title='bbox 1144 451 1204 507; x_wconf 77' lang='lat'><strong>2⁶7</strong></span> <span class='ocrx_word' id='word_1_4' title='bbox 1236 500 1243 513; x_wconf 94' lang='lat'>.</span> 
     </span>
    </p>
   </div>
   <div class='ocr_carea' id='block_1_2' title="bbox 108 591 1252 2461">
    <p class='ocr_par' dir='ltr' id='par_1_2' title="bbox 108 591 1252 2266">
     <span class='ocr_line' id='line_1_2' title="bbox 108 591 1208 677; baseline 0.012 -22"><span class='ocrx_word' id='word_1_5' title='bbox 108 597 191 658; x_wconf 82' lang='lat' dir='ltr'><strong>valde</strong></span> <span class='ocrx_word' id='word_1_6' title='bbox 205 591 391 676; x_wconf 85' lang='lat' dir='ltr'><strong>impediunt¹</strong></span> <span class='ocrx_word' id='word_1_7' title='bbox 411 599 558 660; x_wconf 76' lang='lat' dir='ltr'><strong>Ceterum</strong></span> <span class='ocrx_word' id='word_1_8' title='bbox 572 621 662 677; x_wconf 89' lang='lat' dir='ltr'><strong>quum</strong></span> <span class='ocrx_word' id='word_1_9' title='bbox 676 620 711 660; x_wconf 77' lang='lat' dir='ltr'><strong>eu</strong></span> <span class='ocrx_word' id='word_1_10' title='bbox 722 603 760 662; x_wconf 81' lang='lat' dir='ltr'><strong>rit</strong></span> <span class='ocrx_word' id='word_1_11' title='bbox 772 621 865 662; x_wconf 87' lang='lat' dir='ltr'><strong>rerum</strong></span> <span class='ocrx_word' id='word_1_12' title='bbox 879 603 1015 673; x_wconf 90' lang='lat' dir='ltr'><strong>conditio,</strong></span> <span class='ocrx_word' id='word_1_13' title='bbox 1026 605 1098 664; x_wconf 85' lang='lat' dir='ltr'>nihil</span> <span class='ocrx_word' id='word_1_14' title='bbox 1110 618 1208 667; x_wconf 83' lang='lat' dir='ltr'><strong>coutru</strong></span> 
     </span>
     <span class='ocr_line' id='line_1_3' title="bbox 108 694 1248 776; baseline 0.008 -20"><span class='ocrx_word' id='word_1_15' title='bbox 108 698 188 776; x_wconf 76' lang='lat' dir='ltr'><strong>leges</strong></span> <span class='ocrx_word' id='word_1_16' title='bbox 203 696 367 756; x_wconf 81' lang='lat' dir='ltr'><strong>tentandum</strong></span> <span class='ocrx_word' id='word_1_17' title='bbox 381 710 434 768; x_wconf 80' lang='lat' dir='ltr'><strong>est,</strong></span> <span class='ocrx_word' id='word_1_18' title='bbox 448 717 502 759; x_wconf 92' lang='lat' dir='ltr'><strong>nec</strong></span> <span class='ocrx_word' id='word_1_19' title='bbox 512 694 583 775; x_wconf 91' lang='lat' dir='ltr'><strong>quid</strong></span> <span class='ocrx_word' id='word_1_20' title='bbox 591 719 649 775; x_wconf 90' lang='lat' dir='ltr'><strong>quo</strong></span> <span class='ocrx_word' id='word_1_21' title='bbox 661 701 736 760; x_wconf 81' lang='lat' dir='ltr'><strong>servi</strong></span> <span class='ocrx_word' id='word_1_22' title='bbox 748 702 778 761; x_wconf 92' lang='lat' dir='ltr'><strong>in</strong></span> <span class='ocrx_word' id='word_1_23' title='bbox 790 702 947 762; x_wconf 73' lang='lat' dir='ltr'><strong>libertatem</strong></span> <span class='ocrx_word' id='word_1_24' title='bbox 964 703 1152 776; x_wconf 85' lang='lat' dir='ltr'><strong>vindicentur,</strong></span> <span class='ocrx_word' id='word_1_25' title='bbox 1161 710 1207 766; x_wconf 86' lang='lat' dir='ltr'><strong>vel</strong></span> <span class='ocrx_word' id='word_1_26' title='bbox 1244 734 1248 741; x_wconf 89' lang='lat'>·</span> 
     </span>
     <span class='ocr_line' id='line_1_4' title="bbox 109 797 1208 882; baseline 0.008 -28"><span class='ocrx_word' id='word_1_27' title='bbox 109 815 168 871; x_wconf 91' lang='lat' dir='ltr'><strong>quo</strong></span> <span class='ocrx_word' id='word_1_28' title='bbox 177 799 282 875; x_wconf 79' lang='lat' dir='ltr'><strong>jugum</strong></span> <span class='ocrx_word' id='word_1_29' title='bbox 295 815 369 874; x_wconf 77' lang='lat' dir='ltr'><strong>tegre</strong></span> <span class='ocrx_word' id='word_1_30' title='bbox 382 797 482 866; x_wconf 83' lang='lat' dir='ltr'><strong>lerant,</strong></span> <span class='ocrx_word' id='word_1_31' title='bbox 503 800 665 859; x_wconf 83' lang='lat' dir='ltr'><strong>faciendum</strong></span> <span class='ocrx_word' id='word_1_32' title='bbox 684 800 730 858; x_wconf 85' lang='lat' dir='ltr'><strong>vel</strong></span> <span class='ocrx_word' id='word_1_33' title='bbox 749 799 918 861; x_wconf 89' lang='lat' dir='ltr'><strong>dicendum:</strong></span> <span class='ocrx_word' id='word_1_34' title='bbox 938 802 991 862; x_wconf 83' lang='lat' dir='ltr'><strong>oed</strong></span> <span class='ocrx_word' id='word_1_35' title='bbox 1011 803 1160 882; x_wconf 77' lang='lat' dir='ltr'><strong>prudentia</strong></span> <span class='ocrx_word' id='word_1_36' title='bbox 1180 819 1208 865; x_wconf 89' lang='lat' dir='ltr'><strong>et</strong></span> 
     </span>
     <span class='ocr_line' id='line_1_5' title="bbox 108 896 1252 971; baseline 0.009 -17"><span class='ocrx_word' id='word_1_37' title='bbox 108 896 233 955; x_wconf 79' lang='lat' dir='ltr'><strong>charitas</strong></span> <span class='ocrx_word' id='word_1_38' title='bbox 247 915 392 955; x_wconf 76' lang='lat' dir='ltr'><strong>sacrorum</strong></span> <span class='ocrx_word' id='word_1_39' title='bbox 405 898 601 958; x_wconf 84' lang='lat' dir='ltr'><strong>ministrorum</strong></span> <span class='ocrx_word' id='word_1_40' title='bbox 623 900 655 959; x_wconf 94' lang='lat' dir='ltr'><strong>in</strong></span> <span class='ocrx_word' id='word_1_41' title='bbox 678 918 713 958; x_wconf 86' lang='lat' dir='ltr'><strong>eo</strong></span> <span class='ocrx_word' id='word_1_42' title='bbox 737 899 915 971; x_wconf 79' lang='lat' dir='ltr'><strong>exhibendae,</strong></span> <span class='ocrx_word' id='word_1_43' title='bbox 936 903 1065 971; x_wconf 65' lang='lat' dir='ltr'><strong>uteervi</strong></span> <span class='ocrx_word' id='word_1_44' title='bbox 1079 905 1207 964; x_wconf 80' lang='lat' dir='ltr'><strong>moribus</strong></span> <span class='ocrx_word' id='word_1_45' title='bbox 1242 934 1252 951; x_wconf 85' lang='lat'><strong>·</strong></span> 
     </span>
     <span class='ocr_line' id='line_1_6' title="bbox 108 994 1209 1080; baseline 0.008 -26"><span class='ocrx_word' id='word_1_46' title='bbox 108 994 271 1054; x_wconf 75' lang='lat' dir='ltr'><strong>christianis</strong></span> <span class='ocrx_word' id='word_1_47' title='bbox 296 995 448 1065; x_wconf 81' lang='lat' dir='ltr'><strong>informati,</strong></span> <span class='ocrx_word' id='word_1_48' title='bbox 472 996 595 1057; x_wconf 80' lang='lat' dir='ltr'><strong>dominis</strong></span> <span class='ocrx_word' id='word_1_49' title='bbox 619 1007 754 1076; x_wconf 76' lang='lat' dir='ltr'><strong>prestent</strong></span> <span class='ocrx_word' id='word_1_50' title='bbox 772 1000 918 1074; x_wconf 76' lang='lat' dir='ltr'><strong>obsequio,</strong></span> <span class='ocrx_word' id='word_1_51' title='bbox 933 1000 1029 1061; x_wconf 88' lang='lat' dir='ltr'><strong>Deum</strong></span> <span class='ocrx_word' id='word_1_52' title='bbox 1040 1021 1209 1080; x_wconf 68' lang='lat' dir='ltr'><strong>supremum</strong></span> 
     </span>
     <span class='ocr_line' id='line_1_7' title="bbox 108 1093 1207 1173; baseline 0.009 -21"><span class='ocrx_word' id='word_1_53' title='bbox 108 1095 241 1154; x_wconf 90' lang='lat' dir='ltr'><strong>omnium</strong></span> <span class='ocrx_word' id='word_1_54' title='bbox 254 1093 404 1154; x_wconf 86' lang='lat' dir='ltr'><strong>dominum</strong></span> <span class='ocrx_word' id='word_1_55' title='bbox 418 1107 601 1167; x_wconf 80' lang='lat' dir='ltr'><strong>venerantes;</strong></span> <span class='ocrx_word' id='word_1_56' title='bbox 622 1107 652 1155; x_wconf 91' lang='lat' dir='ltr'><strong>et</strong></span> <span class='ocrx_word' id='word_1_57' title='bbox 664 1107 695 1156; x_wconf 92' lang='lat' dir='ltr'><strong>ut</strong></span> <span class='ocrx_word' id='word_1_58' title='bbox 707 1097 816 1157; x_wconf 89' lang='lat' dir='ltr'><strong>domiui</strong></span> <span class='ocrx_word' id='word_1_59' title='bbox 836 1118 934 1173; x_wconf 78' lang='lat' dir='ltr'><strong>equos</strong></span> <span class='ocrx_word' id='word_1_60' title='bbox 951 1109 980 1158; x_wconf 91' lang='lat' dir='ltr'><strong>et</strong></span> <span class='ocrx_word' id='word_1_61' title='bbox 998 1112 1162 1161; x_wconf 75' lang='lat' dir='ltr'><strong>mansuetos</strong></span> <span class='ocrx_word' id='word_1_62' title='bbox 1175 1121 1207 1162; x_wconf 74' lang='lat' dir='ltr'><strong>ne</strong></span> 
     </span>
     <span class='ocr_line' id='line_1_8' title="bbox 109 1195 1208 1271; baseline 0.008 -20"><span class='ocrx_word' id='word_1_63' title='bbox 109 1203 257 1271; x_wconf 73' lang='lat' dir='ltr'><strong>prestent,</strong></span> <span class='ocrx_word' id='word_1_64' title='bbox 272 1206 301 1252; x_wconf 90' lang='lat' dir='ltr'><strong>et</strong></span> <span class='ocrx_word' id='word_1_65' title='bbox 312 1212 460 1254; x_wconf 77' lang='lat' dir='ltr'><strong>servorum</strong></span> <span class='ocrx_word' id='word_1_66' title='bbox 471 1195 663 1256; x_wconf 87' lang='lat' dir='ltr'><strong>conditionem</strong></span> <span class='ocrx_word' id='word_1_67' title='bbox 671 1198 845 1256; x_wconf 76' lang='lat' dir='ltr'><strong>humanitate</strong></span> <span class='ocrx_word' id='word_1_68' title='bbox 859 1208 889 1257; x_wconf 94' lang='lat' dir='ltr'><strong>et</strong></span> <span class='ocrx_word' id='word_1_69' title='bbox 900 1199 999 1258; x_wconf 78' lang='lat' dir='ltr'><strong>solutis</strong></span> <span class='ocrx_word' id='word_1_70' title='bbox 1007 1200 1208 1260; x_wconf 82' lang='lat' dir='ltr'><strong>eorumotudio</strong></span> 
     </span>
     <span class='ocr_line' id='line_1_9' title="bbox 109 1293 1209 1372; baseline 0.005 -21"><span class='ocrx_word' id='word_1_71' title='bbox 109 1293 249 1371; x_wconf 78' lang='lat' dir='ltr'><strong>mitigent.</strong></span> <span class='ocrx_word' id='word_1_72' title='bbox 290 1294 446 1370; x_wconf 74' lang='lat' dir='ltr'><strong>Apostolos</strong></span> <span class='ocrx_word' id='word_1_73' title='bbox 466 1294 604 1354; x_wconf 81' lang='lat' dir='ltr'><strong>hebemus</strong></span> <span class='ocrx_word' id='word_1_74' title='bbox 630 1305 759 1355; x_wconf 76' lang='lat' dir='ltr'><strong>auctores</strong></span> <span class='ocrx_word' id='word_1_75' title='bbox 779 1298 829 1368; x_wconf 90' lang='lat' dir='ltr'><strong>qui</strong></span> <span class='ocrx_word' id='word_1_76' title='bbox 850 1297 911 1356; x_wconf 78' lang='lat' dir='ltr'><strong>hec</strong></span> <span class='ocrx_word' id='word_1_77' title='bbox 931 1299 1015 1356; x_wconf 79' lang='lat' dir='ltr'><strong>nobie</strong></span> <span class='ocrx_word' id='word_1_78' title='bbox 1034 1298 1209 1372; x_wconf 89' lang='lat' dir='ltr'><strong>reliquerunt</strong></span> 
     </span>
     <span class='ocr_line' id='line_1_10' title="bbox 109 1391 1208 1472; baseline 0.007 -23"><span class='ocrx_word' id='word_1_79' title='bbox 109 1391 298 1452; x_wconf 79' lang='lat' dir='ltr'><strong>documenta:</strong></span> <span class='ocrx_word' id='word_1_80' title='bbox 320 1411 383 1466; x_wconf 80' lang='lat' dir='ltr'><strong>quae</strong></span> <span class='ocrx_word' id='word_1_81' title='bbox 404 1394 453 1468; x_wconf 92' lang='lat' dir='ltr'><strong>qui</strong></span> <span class='ocrx_word' id='word_1_82' title='bbox 474 1393 662 1472; x_wconf 76' lang='lat' dir='ltr'><strong>neglexerint,</strong></span> <span class='ocrx_word' id='word_1_83' title='bbox 684 1394 866 1454; x_wconf 75' lang='lat' dir='ltr'><strong>humanitatis</strong></span> <span class='ocrx_word' id='word_1_84' title='bbox 887 1395 982 1454; x_wconf 76' lang='lat' dir='ltr'><strong>studio</strong></span> <span class='ocrx_word' id='word_1_85' title='bbox 1003 1406 1092 1456; x_wconf 88' lang='lat' dir='ltr'><strong>totum</strong></span> <span class='ocrx_word' id='word_1_86' title='bbox 1112 1416 1208 1457; x_wconf 88' lang='lat' dir='ltr'><strong>rerum</strong></span> 
     </span>
     <span class='ocr_line' id='line_1_11' title="bbox 108 1490 1207 1570; baseline 0.004 -20"><span class='ocrx_word' id='word_1_87' title='bbox 108 1490 240 1551; x_wconf 84' lang='lat' dir='ltr'><strong>ordinem</strong></span> <span class='ocrx_word' id='word_1_88' title='bbox 262 1491 422 1551; x_wconf 85' lang='lat' dir='ltr'><strong>convellere</strong></span> <span class='ocrx_word' id='word_1_89' title='bbox 443 1492 601 1562; x_wconf 79' lang='lat' dir='ltr'><strong>studentes,</strong></span> <span class='ocrx_word' id='word_1_90' title='bbox 621 1494 712 1552; x_wconf 77' lang='lat' dir='ltr'><strong>serris</strong></span> <span class='ocrx_word' id='word_1_91' title='bbox 732 1492 901 1570; x_wconf 89' lang='lat' dir='ltr'><strong>plerumque</strong></span> <span class='ocrx_word' id='word_1_92' title='bbox 922 1493 1067 1554; x_wconf 89' lang='lat' dir='ltr'><strong>duriorem</strong></span> <span class='ocrx_word' id='word_1_93' title='bbox 1079 1496 1207 1556; x_wconf 79' lang='lat' dir='ltr'><strong>inferunt</strong></span> 
     </span>
     <span class='ocr_line' id='line_1_12' title="bbox 108 1589 1208 1672; baseline 0.005 -24"><span class='ocrx_word' id='word_1_94' title='bbox 108 1590 312 1651; x_wconf 84' lang='lat' dir='ltr'><strong>conditionem.</strong></span> <span class='ocrx_word' id='word_1_95' title='bbox 355 1589 428 1650; x_wconf 81' lang='lat' dir='ltr'><strong>Haec</strong></span> <span class='ocrx_word' id='word_1_96' title='bbox 450 1610 508 1669; x_wconf 82' lang='lat' dir='ltr'><strong>prae</strong></span> <span class='ocrx_word' id='word_1_97' title='bbox 529 1593 620 1651; x_wconf 78' lang='lat' dir='ltr'><strong>oculis</strong></span> <span class='ocrx_word' id='word_1_98' title='bbox 633 1592 763 1651; x_wconf 90' lang='lat' dir='ltr'><strong>omnium</strong></span> <span class='ocrx_word' id='word_1_99' title='bbox 775 1611 881 1669; x_wconf 90' lang='lat' dir='ltr'><strong>ponere</strong></span> <span class='ocrx_word' id='word_1_100' title='bbox 895 1611 954 1651; x_wconf 90' lang='lat' dir='ltr'><strong>non</strong></span> <span class='ocrx_word' id='word_1_101' title='bbox 967 1595 1066 1652; x_wconf 82' lang='lat' dir='ltr'><strong>omisit</strong></span> <span class='ocrx_word' id='word_1_102' title='bbox 1078 1595 1208 1672; x_wconf 79' lang='lat' dir='ltr'><strong>pontifex</strong></span> 
     </span>
     <span class='ocr_line' id='line_1_13' title="bbox 109 1689 1208 1773; baseline 0.005 -25"><span class='ocrx_word' id='word_1_103' title='bbox 109 1689 140 1748; x_wconf 92' lang='lat' dir='ltr'><strong>in</strong></span> <span class='ocrx_word' id='word_1_104' title='bbox 153 1689 324 1766; x_wconf 79' lang='lat' dir='ltr'><strong>praelaudnta</strong></span> <span class='ocrx_word' id='word_1_105' title='bbox 335 1692 552 1750; x_wconf 80' lang='lat' dir='ltr'><strong>constitutione:</strong></span> <span class='ocrx_word' id='word_1_106' title='bbox 575 1701 596 1727; x_wconf 88' lang='grc'>“</span> <span class='ocrx_word' id='word_1_107' title='bbox 607 1691 742 1769; x_wconf 82' lang='lat' dir='ltr'><strong>inspirati</strong></span> <span class='ocrx_word' id='word_1_108' title='bbox 755 1693 832 1750; x_wconf 88' lang='lat' dir='ltr'><strong>enim</strong></span> <span class='ocrx_word' id='word_1_109' title='bbox 846 1712 863 1750; x_wconf 82' lang='lat' dir='ltr'><strong>e</strong></span> <span class='ocrx_word' id='word_1_110' title='bbox 875 1691 974 1751; x_wconf 86' lang='lat' dir='ltr'><strong>divino</strong></span> <span class='ocrx_word' id='word_1_111' title='bbox 992 1692 1101 1770; x_wconf 84' lang='lat' dir='ltr'>Spiritu</span> <span class='ocrx_word' id='word_1_112' title='bbox 1115 1696 1208 1773; x_wconf 76' lang='lat' dir='ltr'><strong>Apoe-</strong></span> 
     </span>
     <span class='ocr_line' id='line_1_14' title="bbox 109 1786 1205 1869; baseline 0.003 -22"><span class='ocrx_word' id='word_1_113' title='bbox 109 1788 160 1847; x_wconf 92' lang='lat' dir='ltr'><strong>toli</strong></span> <span class='ocrx_word' id='word_1_114' title='bbox 172 1808 273 1849; x_wconf 75' lang='lat' dir='ltr'><strong>servor</strong></span> <span class='ocrx_word' id='word_1_115' title='bbox 287 1786 403 1864; x_wconf 89' lang='lat' dir='ltr'><strong>quidem</strong></span> <span class='ocrx_word' id='word_1_116' title='bbox 416 1791 497 1869; x_wconf 77' lang='lat' dir='ltr'><strong>ipsos</strong></span> <span class='ocrx_word' id='word_1_117' title='bbox 511 1789 650 1850; x_wconf 81' lang='lat' dir='ltr'><strong>docebant</strong></span> <span class='ocrx_word' id='word_1_118' title='bbox 669 1789 785 1849; x_wconf 91' lang='lat' dir='ltr'><strong>obedire</strong></span> <span class='ocrx_word' id='word_1_119' title='bbox 805 1789 930 1850; x_wconf 74' lang='lat' dir='ltr'><strong>dominio</strong></span> <span class='ocrx_word' id='word_1_120' title='bbox 951 1792 1111 1850; x_wconf 68' lang='lat' dir='ltr'><strong>conalibus</strong></span> <span class='ocrx_word' id='word_1_121' title='bbox 1131 1794 1205 1851; x_wconf 75' lang='lat' dir='ltr'><strong>sicut</strong></span> 
     </span>
     <span class='ocr_line' id='line_1_15' title="bbox 111 1885 1209 1970; baseline 0.005 -26"><span class='ocrx_word' id='word_1_122' title='bbox 111 1885 241 1956; x_wconf 78' lang='lat' dir='ltr'><strong>Christo,</strong></span> <span class='ocrx_word' id='word_1_123' title='bbox 254 1898 283 1947; x_wconf 87' lang='lat' dir='ltr'><strong>et</strong></span> <span class='ocrx_word' id='word_1_124' title='bbox 294 1889 386 1948; x_wconf 84' lang='lat' dir='ltr'><strong>facere</strong></span> <span class='ocrx_word' id='word_1_125' title='bbox 400 1890 573 1949; x_wconf 79' lang='lat' dir='ltr'><strong>voluntatem</strong></span> <span class='ocrx_word' id='word_1_126' title='bbox 587 1889 645 1949; x_wconf 88' lang='lat' dir='ltr'><strong>Dei</strong></span> <span class='ocrx_word' id='word_1_127' title='bbox 657 1908 695 1948; x_wconf 84' lang='lat' dir='ltr'><strong>ex</strong></span> <span class='ocrx_word' id='word_1_128' title='bbox 706 1890 822 1958; x_wconf 85' lang='lat' dir='ltr'><strong>animo;</strong></span> <span class='ocrx_word' id='word_1_129' title='bbox 843 1889 967 1949; x_wconf 73' lang='lat' dir='ltr'><strong>dominio</strong></span> <span class='ocrx_word' id='word_1_130' title='bbox 981 1889 1048 1949; x_wconf 84' lang='lat' dir='ltr'><strong>verd</strong></span> <span class='ocrx_word' id='word_1_131' title='bbox 1062 1892 1209 1970; x_wconf 70' lang='lat' dir='ltr'><strong>precipie-</strong></span> 
     </span>
     <span class='ocr_line' id='line_1_16' title="bbox 108 1986 1207 2068; baseline 0.003 -23"><span class='ocrx_word' id='word_1_132' title='bbox 108 1986 178 2045; x_wconf 84' lang='lat' dir='ltr'><strong>baut</strong></span> <span class='ocrx_word' id='word_1_133' title='bbox 190 1999 221 2045; x_wconf 87' lang='lat' dir='ltr'><strong>ut</strong></span> <span class='ocrx_word' id='word_1_134' title='bbox 231 1988 303 2046; x_wconf 89' lang='lat' dir='ltr'><strong>bene</strong></span> <span class='ocrx_word' id='word_1_135' title='bbox 316 2006 384 2066; x_wconf 78' lang='lat' dir='ltr'><strong>erga</strong></span> <span class='ocrx_word' id='word_1_136' title='bbox 396 2007 495 2048; x_wconf 79' lang='lat' dir='ltr'><strong>nervos</strong></span> <span class='ocrx_word' id='word_1_137' title='bbox 509 1998 634 2068; x_wconf 80' lang='lat' dir='ltr'><strong>egerent,</strong></span> <span class='ocrx_word' id='word_1_138' title='bbox 649 1998 677 2046; x_wconf 89' lang='lat' dir='ltr'><strong>et</strong></span> <span class='ocrx_word' id='word_1_139' title='bbox 694 1988 771 2062; x_wconf 92' lang='lat' dir='ltr'><strong>quod</strong></span> <span class='ocrx_word' id='word_1_140' title='bbox 789 1990 901 2067; x_wconf 78' lang='lat' dir='ltr'><strong>justum</strong></span> <span class='ocrx_word' id='word_1_141' title='bbox 920 2002 965 2048; x_wconf 85' lang='lat' dir='ltr'><strong>est</strong></span> <span class='ocrx_word' id='word_1_142' title='bbox 983 2000 1012 2048; x_wconf 92' lang='lat' dir='ltr'><strong>et</strong></span> <span class='ocrx_word' id='word_1_143' title='bbox 1030 2009 1145 2064; x_wconf 71' lang='lat' dir='ltr'><strong>equum</strong></span> <span class='ocrx_word' id='word_1_144' title='bbox 1164 1991 1207 2049; x_wconf 82' lang='lat' dir='ltr'><strong>eie</strong></span> 
     </span>
     <span class='ocr_line' id='line_1_17' title="bbox 110 2089 1208 2168; baseline 0.005 -25"><span class='ocrx_word' id='word_1_145' title='bbox 110 2097 285 2162; x_wconf 70' lang='lat' dir='ltr'><strong>prestarent,</strong></span> <span class='ocrx_word' id='word_1_146' title='bbox 306 2107 338 2146; x_wconf 87' lang='lat' dir='ltr'><strong>ac</strong></span> <span class='ocrx_word' id='word_1_147' title='bbox 360 2089 536 2147; x_wconf 73' lang='lat' dir='ltr'><strong>remitterent</strong></span> <span class='ocrx_word' id='word_1_148' title='bbox 555 2089 659 2156; x_wconf 80' lang='lat' dir='ltr'><strong>minae,</strong></span> <span class='ocrx_word' id='word_1_149' title='bbox 680 2089 803 2146; x_wconf 77' lang='lat' dir='ltr'><strong>scientes</strong></span> <span class='ocrx_word' id='word_1_150' title='bbox 827 2089 894 2162; x_wconf 84' lang='lat' dir='ltr'><strong>quia</strong></span> <span class='ocrx_word' id='word_1_151' title='bbox 907 2089 1022 2148; x_wconf 92' lang='lat' dir='ltr'><strong>illorum</strong></span> <span class='ocrx_word' id='word_1_152' title='bbox 1035 2098 1064 2147; x_wconf 90' lang='lat' dir='ltr'><strong>et</strong></span> <span class='ocrx_word' id='word_1_153' title='bbox 1079 2091 1208 2168; x_wconf 71' lang='lat' dir='ltr'><strong>ipsorum</strong></span> 
     </span>
     <span class='ocr_line' id='line_1_18' title="bbox 112 2183 1190 2266; baseline 0.006 -24"><span class='ocrx_word' id='word_1_154' title='bbox 112 2183 257 2245; x_wconf 80' lang='lat' dir='ltr'><strong>Dominus</strong></span> <span class='ocrx_word' id='word_1_155' title='bbox 270 2198 314 2244; x_wconf 80' lang='lat' dir='ltr'><strong>est</strong></span> <span class='ocrx_word' id='word_1_156' title='bbox 326 2188 357 2246; x_wconf 90' lang='lat' dir='ltr'><strong>in</strong></span> <span class='ocrx_word' id='word_1_157' title='bbox 370 2187 460 2256; x_wconf 79' lang='lat' dir='ltr'><strong>omlis,</strong></span> <span class='ocrx_word' id='word_1_158' title='bbox 474 2198 503 2244; x_wconf 90' lang='lat' dir='ltr'><strong>et</strong></span> <span class='ocrx_word' id='word_1_159' title='bbox 515 2205 702 2264; x_wconf 77' lang='lat' dir='ltr'><strong>personarum</strong></span> <span class='ocrx_word' id='word_1_160' title='bbox 717 2188 844 2264; x_wconf 86' lang='lat' dir='ltr'><strong>acceptio</strong></span> <span class='ocrx_word' id='word_1_161' title='bbox 857 2205 917 2246; x_wconf 91' lang='lat' dir='ltr'><strong>non</strong></span> <span class='ocrx_word' id='word_1_162' title='bbox 929 2198 974 2246; x_wconf 84' lang='lat' dir='ltr'><strong>est</strong></span> <span class='ocrx_word' id='word_1_163' title='bbox 989 2186 1065 2266; x_wconf 82' lang='lat' dir='ltr'><strong>apud</strong></span> <span class='ocrx_word' id='word_1_164' title='bbox 1078 2188 1190 2248; x_wconf 84' lang='lat' dir='ltr'><strong>Eum.&#39;&#39;</strong></span> 
     </span>
    </p>

    <p class='ocr_par' dir='ltr' id='par_1_3' title="bbox 110 2285 1209 2461">
     <span class='ocr_line' id='line_1_19' title="bbox 149 2285 1209 2362; baseline 0 -18"><span class='ocrx_word' id='word_1_165' title='bbox 149 2288 199 2344; x_wconf 78' lang='lat'><strong>³8.</strong></span> <span class='ocrx_word' id='word_1_166' title='bbox 222 2285 338 2362; x_wconf 86' lang='lat' dir='ltr'><strong>Optime</strong></span> <span class='ocrx_word' id='word_1_167' title='bbox 352 2285 549 2345; x_wconf 82' lang='lat' dir='ltr'><strong>animadvertit</strong></span> <span class='ocrx_word' id='word_1_168' title='bbox 565 2287 595 2345; x_wconf 89' lang='lat' dir='ltr'><strong>in</strong></span> <span class='ocrx_word' id='word_1_169' title='bbox 616 2305 676 2345; x_wconf 90' lang='lat' dir='ltr'><strong>rem</strong></span> <span class='ocrx_word' id='word_1_170' title='bbox 692 2295 818 2345; x_wconf 79' lang='lat' dir='ltr'><strong>nostram</strong></span> <span class='ocrx_word' id='word_1_171' title='bbox 834 2286 953 2345; x_wconf 84' lang='lat' dir='ltr'><strong>Gerdil:</strong></span> <span class='ocrx_word' id='word_1_172' title='bbox 977 2296 997 2323; x_wconf 78' lang='lat'><strong>‘⁶</strong></span> <span class='ocrx_word' id='word_1_173' title='bbox 1007 2288 1136 2347; x_wconf 75' lang='lat' dir='ltr'><strong>servitus</strong></span> <span class='ocrx_word' id='word_1_174' title='bbox 1150 2305 1209 2346; x_wconf 90' lang='lat' dir='ltr'><strong>nou</strong></span> 
     </span>
     <span class='ocr_line' id='line_1_20' title="bbox 110 2382 1207 2461; baseline 0.003 -21"><span class='ocrx_word' id='word_1_175' title='bbox 110 2382 147 2440; x_wconf 80' lang='lat' dir='ltr'><strong>ita</strong></span> <span class='ocrx_word' id='word_1_176' title='bbox 164 2384 347 2461; x_wconf 85' lang='lat' dir='ltr'><strong>intelligenda</strong></span> <span class='ocrx_word' id='word_1_177' title='bbox 360 2394 413 2453; x_wconf 84' lang='lat' dir='ltr'><strong>est,</strong></span> <span class='ocrx_word' id='word_1_178' title='bbox 428 2385 510 2457; x_wconf 81' lang='lat' dir='ltr'><strong>quasi</strong></span> <span class='ocrx_word' id='word_1_179' title='bbox 524 2385 612 2444; x_wconf 89' lang='lat' dir='ltr'><strong>homo</strong></span> <span class='ocrx_word' id='word_1_180' title='bbox 632 2387 661 2444; x_wconf 90' lang='lat' dir='ltr'><strong>in</strong></span> <span class='ocrx_word' id='word_1_181' title='bbox 680 2385 830 2443; x_wconf 87' lang='lat' dir='ltr'><strong>hominem</strong></span> <span class='ocrx_word' id='word_1_182' title='bbox 850 2404 913 2444; x_wconf 87' lang='lat' dir='ltr'><strong>earn</strong></span> <span class='ocrx_word' id='word_1_183' title='bbox 934 2386 1056 2445; x_wconf 88' lang='lat' dir='ltr'><strong>dominii</strong></span> <span class='ocrx_word' id='word_1_184' title='bbox 1067 2387 1207 2445; x_wconf 77' lang='lat' dir='ltr'><strong>rationem</strong></span> 
     </span>
    </p>
   </div>
   <div class='ocr_carea' id='block_1_3' title="bbox 109 2480 1209 2659">
    <p class='ocr_par' dir='ltr' id='par_1_4' title="bbox 109 2480 1209 2659">
     <span class='ocr_line' id='line_1_21' title="bbox 111 2480 1209 2564; baseline 0.002 -24"><span class='ocrx_word' id='word_1_185' title='bbox 111 2480 214 2541; x_wconf 80' lang='lat' dir='ltr'><strong>habere</strong></span> <span class='ocrx_word' id='word_1_186' title='bbox 228 2495 323 2557; x_wconf 86' lang='lat' dir='ltr'><strong>queat,</strong></span> <span class='ocrx_word' id='word_1_187' title='bbox 344 2503 430 2557; x_wconf 88' lang='lat' dir='ltr'><strong>quam</strong></span> <span class='ocrx_word' id='word_1_188' title='bbox 450 2483 534 2542; x_wconf 84' lang='lat' dir='ltr'><strong>habet</strong></span> <span class='ocrx_word' id='word_1_189' title='bbox 552 2484 582 2543; x_wconf 91' lang='lat' dir='ltr'><strong>in</strong></span> <span class='ocrx_word' id='word_1_190' title='bbox 597 2484 746 2562; x_wconf 81' lang='lat' dir='ltr'><strong>pecudem.</strong></span> <span class='ocrx_word' id='word_1_191' title='bbox 790 2486 854 2551; x_wconf 83' lang='lat' dir='ltr'><strong>Qua</strong></span> <span class='ocrx_word' id='word_1_192' title='bbox 867 2485 895 2543; x_wconf 90' lang='lat' dir='ltr'><strong>in</strong></span> <span class='ocrx_word' id='word_1_193' title='bbox 909 2503 940 2542; x_wconf 90' lang='lat' dir='ltr'><strong>re</strong></span> <span class='ocrx_word' id='word_1_194' title='bbox 954 2486 1071 2564; x_wconf 79' lang='lat' dir='ltr'><strong>orrpiter</strong></span> <span class='ocrx_word' id='word_1_195' title='bbox 1082 2485 1153 2544; x_wconf 87' lang='lat' dir='ltr'><strong>olim</strong></span> <span class='ocrx_word' id='word_1_196' title='bbox 1164 2503 1209 2542; x_wconf 88' lang='lat' dir='ltr'><strong>er·</strong></span> 
     </span>
     <span class='ocr_line' id='line_1_22' title="bbox 109 2583 1208 2659; baseline 0.001 -19"><span class='ocrx_word' id='word_1_197' title='bbox 109 2593 215 2659; x_wconf 73' lang='lat' dir='ltr'><strong>rerunt,</strong></span> <span class='ocrx_word' id='word_1_198' title='bbox 230 2585 279 2656; x_wconf 90' lang='lat' dir='ltr'><strong>qui</strong></span> <span class='ocrx_word' id='word_1_199' title='bbox 293 2601 392 2642; x_wconf 81' lang='lat' dir='ltr'><strong>servos</strong></span> <span class='ocrx_word' id='word_1_200' title='bbox 406 2584 435 2642; x_wconf 89' lang='lat' dir='ltr'><strong>in</strong></span> <span class='ocrx_word' id='word_1_201' title='bbox 449 2602 636 2659; x_wconf 83' lang='lat' dir='ltr'><strong>personarum</strong></span> <span class='ocrx_word' id='word_1_202' title='bbox 657 2602 776 2642; x_wconf 87' lang='lat' dir='ltr'><strong>numero</strong></span> <span class='ocrx_word' id='word_1_203' title='bbox 798 2584 909 2642; x_wconf 74' lang='lat' dir='ltr'><strong>censeri</strong></span> <span class='ocrx_word' id='word_1_204' title='bbox 922 2583 1065 2653; x_wconf 81' lang='lat' dir='ltr'><strong>uolebant,</strong></span> <span class='ocrx_word' id='word_1_205' title='bbox 1079 2594 1108 2642; x_wconf 92' lang='lat' dir='ltr'><strong>et</strong></span> <span class='ocrx_word' id='word_1_206' title='bbox 1121 2602 1208 2658; x_wconf 84' lang='lat' dir='ltr'><strong>quan·</strong></span> 
     </span>
    </p>
   </div>
   <div class='ocr_carea' id='block_1_4' title="bbox 108 2767 1210 4289">
    <p class='ocr_par' dir='ltr' id='par_1_5' title="bbox 108 2767 1210 4289">
     <span class='ocr_line' id='line_1_23' title="bbox 144 2767 1209 2834; baseline -0.002 -16"><span class='ocrx_word' id='word_1_207' title='bbox 144 2768 185 2832; x_wconf 87' lang='lat'><strong>(1)</strong></span> <span class='ocrx_word' id='word_1_208' title='bbox 204 2776 219 2799; x_wconf 77' lang='lat'><strong>‘⁶</strong></span> <span class='ocrx_word' id='word_1_209' title='bbox 227 2767 256 2818; x_wconf 89' lang='lat' dir='ltr'><strong>ln</strong></span> <span class='ocrx_word' id='word_1_210' title='bbox 267 2769 380 2832; x_wconf 77' lang='lat' dir='ltr'><strong>Georgin,</strong></span> <span class='ocrx_word' id='word_1_211' title='bbox 392 2770 423 2833; x_wconf 84' lang='lat' dir='ltr'><strong>by</strong></span> <span class='ocrx_word' id='word_1_212' title='bbox 435 2785 467 2819; x_wconf 83' lang='lat' dir='ltr'><strong>un</strong></span> <span class='ocrx_word' id='word_1_213' title='bbox 483 2777 530 2829; x_wconf 76' lang='lat' dir='ltr'><strong>eet,</strong></span> <span class='ocrx_word' id='word_1_214' title='bbox 541 2769 568 2819; x_wconf 88' lang='lat' dir='ltr'><strong>in</strong></span> <span class='ocrx_word' id='word_1_215' title='bbox 583 2771 654 2828; x_wconf 75' lang='lat'>1829,</span> <span class='ocrx_word' id='word_1_216' title='bbox 666 2785 699 2819; x_wconf 91' lang='lat' dir='ltr'><strong>no</strong></span> <span class='ocrx_word' id='word_1_217' title='bbox 712 2784 799 2834; x_wconf 73' lang='lat' dir='ltr'><strong>person</strong></span> <span class='ocrx_word' id='word_1_218' title='bbox 810 2770 832 2817; x_wconf 77' lang='lat' dir='ltr'><strong>ir</strong></span> <span class='ocrx_word' id='word_1_219' title='bbox 842 2768 970 2833; x_wconf 85' lang='lat' dir='ltr'><strong>permitted</strong></span> <span class='ocrx_word' id='word_1_220' title='bbox 982 2776 1007 2819; x_wconf 92' lang='lat' dir='ltr'><strong>to</strong></span> <span class='ocrx_word' id='word_1_221' title='bbox 1027 2767 1097 2818; x_wconf 78' lang='lat' dir='ltr'><strong>teech</strong></span> <span class='ocrx_word' id='word_1_222' title='bbox 1109 2784 1124 2816; x_wconf 83' lang='lat' dir='ltr'><strong>u</strong></span> <span class='ocrx_word' id='word_1_223' title='bbox 1135 2768 1209 2827; x_wconf 76' lang='lat' dir='ltr'><strong>siuve,</strong></span> 
     </span>
     <span class='ocr_line' id='line_1_24' title="bbox 108 2851 1209 2918; baseline 0 -18"><span class='ocrx_word' id='word_1_224' title='bbox 108 2865 191 2914; x_wconf 62' lang='lat' dir='ltr'><strong>norro,</strong></span> <span class='ocrx_word' id='word_1_225' title='bbox 206 2869 233 2901; x_wconf 87' lang='lat' dir='ltr'><strong>or</strong></span> <span class='ocrx_word' id='word_1_226' title='bbox 244 2854 293 2903; x_wconf 82' lang='lat' dir='ltr'><strong>free</strong></span> <span class='ocrx_word' id='word_1_227' title='bbox 305 2870 391 2918; x_wconf 78' lang='lat' dir='ltr'><strong>perron</strong></span> <span class='ocrx_word' id='word_1_228' title='bbox 405 2855 433 2904; x_wconf 79' lang='lat' dir='ltr'><strong>of</strong></span> <span class='ocrx_word' id='word_1_229' title='bbox 448 2855 538 2914; x_wconf 82' lang='lat' dir='ltr'><strong>colour,</strong></span> <span class='ocrx_word' id='word_1_230' title='bbox 550 2862 576 2903; x_wconf 92' lang='lat' dir='ltr'><strong>to</strong></span> <span class='ocrx_word' id='word_1_231' title='bbox 595 2854 651 2903; x_wconf 84' lang='lat' dir='ltr'><strong>reud</strong></span> <span class='ocrx_word' id='word_1_232' title='bbox 664 2870 691 2904; x_wconf 90' lang='lat' dir='ltr'><strong>or</strong></span> <span class='ocrx_word' id='word_1_233' title='bbox 702 2854 777 2903; x_wconf 83' lang='lat' dir='ltr'><strong>write.</strong></span> <span class='ocrx_word' id='word_1_234' title='bbox 812 2851 855 2909; x_wconf 82' lang='lat' dir='ltr'><strong>So,</strong></span> <span class='ocrx_word' id='word_1_235' title='bbox 863 2853 890 2902; x_wconf 90' lang='lat' dir='ltr'><strong>in</strong></span> <span class='ocrx_word' id='word_1_236' title='bbox 903 2851 1024 2914; x_wconf 75' lang='lat' dir='ltr'><strong>Virginin,</strong></span> <span class='ocrx_word' id='word_1_237' title='bbox 1034 2853 1066 2917; x_wconf 79' lang='lat' dir='ltr'><strong>by</strong></span> <span class='ocrx_word' id='word_1_238' title='bbox 1078 2851 1209 2912; x_wconf 79' lang='lat' dir='ltr'><strong>etetute,in</strong></span> 
     </span>
     <span class='ocr_line' id='line_1_25' title="bbox 111 2935 1210 3002; baseline 0.001 -16"><span class='ocrx_word' id='word_1_239' title='bbox 111 2939 185 2996; x_wconf 73' lang='lat'>1830,</span> <span class='ocrx_word' id='word_1_240' title='bbox 200 2940 308 3001; x_wconf 75' lang='lat' dir='ltr'><strong>meeting</strong></span> <span class='ocrx_word' id='word_1_241' title='bbox 319 2940 348 2988; x_wconf 81' lang='lat' dir='ltr'><strong>ol</strong></span> <span class='ocrx_word' id='word_1_242' title='bbox 364 2941 414 2989; x_wconf 80' lang='lat' dir='ltr'><strong>free</strong></span> <span class='ocrx_word' id='word_1_243' title='bbox 426 2955 535 3002; x_wconf 72' lang='lat' dir='ltr'><strong>negroee,</strong></span> <span class='ocrx_word' id='word_1_244' title='bbox 548 2948 573 2989; x_wconf 90' lang='grc' dir='ltr'><strong>ιο</strong></span> <span class='ocrx_word' id='word_1_245' title='bbox 584 2940 650 2989; x_wconf 76' lang='lat' dir='ltr'><strong>lemn</strong></span> <span class='ocrx_word' id='word_1_246' title='bbox 661 2939 761 3001; x_wconf 79' lang='lat' dir='ltr'><strong>reading</strong></span> <span class='ocrx_word' id='word_1_247' title='bbox 776 2955 803 2988; x_wconf 89' lang='lat' dir='ltr'><strong>or</strong></span> <span class='ocrx_word' id='word_1_248' title='bbox 814 2937 919 2999; x_wconf 67' lang='lat' dir='ltr'><strong>writinp,</strong></span> <span class='ocrx_word' id='word_1_249' title='bbox 928 2937 950 2987; x_wconf 76' lang='lat' dir='ltr'><strong>io</strong></span> <span class='ocrx_word' id='word_1_250' title='bbox 961 2937 1088 2996; x_wconf 72' lang='lat' dir='ltr'><strong>unlewlul</strong></span> <span class='ocrx_word' id='word_1_251' title='bbox 1100 2935 1210 2987; x_wconf 74' lang='lat' dir='ltr'><strong>undoub-</strong></span> 
     </span>
     <span class='ocr_line' id='line_1_26' title="bbox 108 3021 1210 3090; baseline 0.001 -18"><span class='ocrx_word' id='word_1_252' title='bbox 108 3023 169 3087; x_wconf 76' lang='lat' dir='ltr'><strong>jeetr</strong></span> <span class='ocrx_word' id='word_1_253' title='bbox 181 3023 250 3073; x_wconf 87' lang='lat' dir='ltr'><strong>them</strong></span> <span class='ocrx_word' id='word_1_254' title='bbox 262 3033 287 3073; x_wconf 92' lang='lat' dir='ltr'><strong>to</strong></span> <span class='ocrx_word' id='word_1_255' title='bbox 299 3025 409 3089; x_wconf 81' lang='lat' dir='ltr'><strong>corpoml</strong></span> <span class='ocrx_word' id='word_1_256' title='bbox 422 3025 597 3090; x_wconf 71' lang='lat' dir='ltr'><strong>punishment3</strong></span> <span class='ocrx_word' id='word_1_257' title='bbox 616 3025 664 3075; x_wconf 72' lang='lat' dir='ltr'><strong>und</strong></span> <span class='ocrx_word' id='word_1_258' title='bbox 676 3025 695 3075; x_wconf 91' lang='lat' dir='ltr'><strong>it</strong></span> <span class='ocrx_word' id='word_1_259' title='bbox 706 3026 727 3076; x_wconf 78' lang='lat' dir='ltr'><strong>ie</strong></span> <span class='ocrx_word' id='word_1_260' title='bbox 739 3023 858 3074; x_wconf 78' lang='lat' dir='ltr'><strong>uulrrriul</strong></span> <span class='ocrx_word' id='word_1_261' title='bbox 878 3023 915 3072; x_wconf 77' lang='lat' dir='ltr'><strong>lor</strong></span> <span class='ocrx_word' id='word_1_262' title='bbox 930 3021 1006 3073; x_wconf 77' lang='lat' dir='ltr'><strong>white</strong></span> <span class='ocrx_word' id='word_1_263' title='bbox 1023 3038 1125 3089; x_wconf 71' lang='lat' dir='ltr'><strong>percont</strong></span> <span class='ocrx_word' id='word_1_264' title='bbox 1136 3030 1162 3073; x_wconf 91' lang='lat' dir='ltr'><strong>to</strong></span> <span class='ocrx_word' id='word_1_265' title='bbox 1172 3038 1210 3072; x_wconf 80' lang='grc' dir='ltr'><strong>ιι·</strong></span> 
     </span>
     <span class='ocr_line' id='line_1_27' title="bbox 108 3105 1210 3172; baseline 0.002 -16"><span class='ocrx_word' id='word_1_266' title='bbox 108 3107 200 3156; x_wconf 75' lang='lat' dir='ltr'><strong>remote</strong></span> <span class='ocrx_word' id='word_1_267' title='bbox 211 3107 271 3157; x_wconf 82' lang='lat' dir='ltr'><strong>with</strong></span> <span class='ocrx_word' id='word_1_268' title='bbox 283 3108 333 3157; x_wconf 79' lang='lat' dir='ltr'><strong>free</strong></span> <span class='ocrx_word' id='word_1_269' title='bbox 341 3124 445 3170; x_wconf 70' lang='lat' dir='ltr'><strong>negroee</strong></span> <span class='ocrx_word' id='word_1_270' title='bbox 456 3124 483 3158; x_wconf 90' lang='lat' dir='ltr'><strong>or</strong></span> <span class='ocrx_word' id='word_1_271' title='bbox 493 3109 580 3166; x_wconf 72' lang='lat' dir='ltr'><strong>eleves,</strong></span> <span class='ocrx_word' id='word_1_272' title='bbox 589 3117 615 3158; x_wconf 93' lang='lat' dir='ltr'><strong>to</strong></span> <span class='ocrx_word' id='word_1_273' title='bbox 629 3107 699 3158; x_wconf 81' lang='lat' dir='ltr'><strong>tench</strong></span> <span class='ocrx_word' id='word_1_274' title='bbox 712 3108 777 3157; x_wconf 81' lang='lat' dir='ltr'><strong>them</strong></span> <span class='ocrx_word' id='word_1_275' title='bbox 789 3114 815 3158; x_wconf 94' lang='grc' dir='ltr'><strong>ιο</strong></span> <span class='ocrx_word' id='word_1_276' title='bbox 823 3107 880 3157; x_wconf 78' lang='lat' dir='ltr'><strong>md</strong></span> <span class='ocrx_word' id='word_1_277' title='bbox 891 3122 919 3157; x_wconf 90' lang='lat' dir='ltr'><strong>or</strong></span> <span class='ocrx_word' id='word_1_278' title='bbox 928 3107 1005 3157; x_wconf 77' lang='lat' dir='ltr'><strong>write.</strong></span> <span class='ocrx_word' id='word_1_279' title='bbox 1039 3105 1096 3156; x_wconf 77' lang='lat' dir='ltr'><strong>&#39;rm</strong></span> <span class='ocrx_word' id='word_1_280' title='bbox 1104 3106 1210 3172; x_wconf 85' lang='lat' dir='ltr'><strong>prohibi·</strong></span> 
     </span>
     <span class='ocr_line' id='line_1_28' title="bbox 108 3193 1210 3262; baseline 0.001 -18"><span class='ocrx_word' id='word_1_281' title='bbox 108 3210 162 3259; x_wconf 69' lang='grc' dir='ltr'><strong>τοι]</strong></span> <span class='ocrx_word' id='word_1_282' title='bbox 175 3205 215 3245; x_wconf 81' lang='lat' dir='ltr'><strong>net</strong></span> <span class='ocrx_word' id='word_1_283' title='bbox 227 3197 255 3245; x_wconf 79' lang='lat' dir='ltr'><strong>ol</strong></span> <span class='ocrx_word' id='word_1_284' title='bbox 267 3197 309 3246; x_wconf 83' lang='lat' dir='ltr'><strong>tho</strong></span> <span class='ocrx_word' id='word_1_285' title='bbox 321 3197 459 3260; x_wconf 72' lang='lat' dir='ltr'><strong>logirluture</strong></span> <span class='ocrx_word' id='word_1_286' title='bbox 477 3197 506 3247; x_wconf 84' lang='lat' dir='ltr'><strong>os</strong></span> <span class='ocrx_word' id='word_1_287' title='bbox 520 3198 647 3255; x_wconf 75' lang='lat' dir='ltr'><strong>Alubnmr,</strong></span> <span class='ocrx_word' id='word_1_288' title='bbox 658 3196 743 3262; x_wconf 76' lang='lat' dir='ltr'><strong>pereed</strong></span> <span class='ocrx_word' id='word_1_289' title='bbox 756 3197 781 3246; x_wconf 90' lang='lat' dir='ltr'><strong>in</strong></span> <span class='ocrx_word' id='word_1_290' title='bbox 798 3195 839 3245; x_wconf 84' lang='lat' dir='ltr'><strong>the</strong></span> <span class='ocrx_word' id='word_1_291' title='bbox 850 3195 943 3245; x_wconf 66' lang='lat' dir='ltr'><strong>wion</strong></span> <span class='ocrx_word' id='word_1_292' title='bbox 960 3195 989 3244; x_wconf 74' lang='grc' dir='ltr'><strong>οι</strong></span> <span class='ocrx_word' id='word_1_293' title='bbox 1004 3193 1102 3254; x_wconf 66' lang='lat' dir='ltr'><strong>letio,</strong></span> <span class='ocrx_word' id='word_1_294' title='bbox 1111 3195 1210 3245; x_wconf 81' lang='lat' dir='ltr'><strong>roletire</strong></span> 
     </span>
     <span class='ocr_line' id='line_1_29' title="bbox 108 3277 1209 3344; baseline 0 -16"><span class='ocrx_word' id='word_1_295' title='bbox 108 3287 133 3328; x_wconf 90' lang='lat' dir='ltr'><strong>to</strong></span> <span class='ocrx_word' id='word_1_296' title='bbox 143 3280 290 3331; x_wconf 74' lang='lat' dir='ltr'><strong>inctruction</strong></span> <span class='ocrx_word' id='word_1_297' title='bbox 303 3290 327 3331; x_wconf 93' lang='lat' dir='ltr'><strong>to</strong></span> <span class='ocrx_word' id='word_1_298' title='bbox 339 3283 368 3331; x_wconf 84' lang='lat' dir='ltr'><strong>be</strong></span> <span class='ocrx_word' id='word_1_299' title='bbox 381 3282 454 3344; x_wconf 77' lang='lat' dir='ltr'><strong>giren</strong></span> <span class='ocrx_word' id='word_1_300' title='bbox 468 3290 493 3332; x_wconf 90' lang='lat' dir='ltr'><strong>to</strong></span> <span class='ocrx_word' id='word_1_301' title='bbox 502 3282 544 3331; x_wconf 86' lang='lat' dir='ltr'><strong>the</strong></span> <span class='ocrx_word' id='word_1_302' title='bbox 555 3282 630 3341; x_wconf 76' lang='lat' dir='ltr'><strong>eluro,</strong></span> <span class='ocrx_word' id='word_1_303' title='bbox 638 3297 663 3330; x_wconf 88' lang='lat' dir='ltr'><strong>or</strong></span> <span class='ocrx_word' id='word_1_304' title='bbox 671 3281 721 3330; x_wconf 80' lang='lat' dir='ltr'><strong>free</strong></span> <span class='ocrx_word' id='word_1_305' title='bbox 730 3279 842 3330; x_wconf 88' lang='lat' dir='ltr'><strong>coloured</strong></span> <span class='ocrx_word' id='word_1_306' title='bbox 851 3279 1037 3344; x_wconf 71' lang='lat' dir='ltr'><strong>population,or</strong></span> <span class='ocrx_word' id='word_1_307' title='bbox 1047 3277 1209 3335; x_wconf 73' lang='lat' dir='ltr'><strong>exhortatiom</strong></span> 
     </span>
     <span class='ocr_line' id='line_1_30' title="bbox 108 3361 1210 3431; baseline -0.004 -16"><span class='ocrx_word' id='word_1_308' title='bbox 108 3381 132 3415; x_wconf 88' lang='lat' dir='ltr'><strong>or</strong></span> <span class='ocrx_word' id='word_1_309' title='bbox 145 3365 278 3431; x_wconf 78' lang='lat' dir='ltr'><strong>preuching</strong></span> <span class='ocrx_word' id='word_1_310' title='bbox 290 3374 315 3415; x_wconf 91' lang='lat' dir='ltr'><strong>to</strong></span> <span class='ocrx_word' id='word_1_311' title='bbox 326 3368 401 3426; x_wconf 87' lang='lat' dir='ltr'><strong>them,</strong></span> <span class='ocrx_word' id='word_1_312' title='bbox 417 3383 444 3416; x_wconf 93' lang='lat' dir='ltr'><strong>or</strong></span> <span class='ocrx_word' id='word_1_313' title='bbox 456 3381 505 3431; x_wconf 80' lang='lat' dir='ltr'><strong>any</strong></span> <span class='ocrx_word' id='word_1_314' title='bbox 518 3365 682 3417; x_wconf 77' lang='lat' dir='ltr'><strong>miechievoun</strong></span> <span class='ocrx_word' id='word_1_315' title='bbox 691 3365 813 3414; x_wconf 81' lang='lat' dir='ltr'><strong>intluenoe</strong></span> <span class='ocrx_word' id='word_1_316' title='bbox 824 3362 955 3429; x_wconf 79' lang='lat' dir='ltr'><strong>uttempted</strong></span> <span class='ocrx_word' id='word_1_317' title='bbox 966 3369 991 3412; x_wconf 91' lang='lat' dir='ltr'><strong>to</strong></span> <span class='ocrx_word' id='word_1_318' title='bbox 1002 3363 1032 3411; x_wconf 87' lang='lat' dir='ltr'><strong>be</strong></span> <span class='ocrx_word' id='word_1_319' title='bbox 1043 3361 1141 3411; x_wconf 81' lang='lat' dir='ltr'><strong>exorted</strong></span> <span class='ocrx_word' id='word_1_320' title='bbox 1152 3377 1210 3411; x_wconf 80' lang='lat' dir='ltr'><strong>over</strong></span> 
     </span>
     <span class='ocr_line' id='line_1_31' title="bbox 108 3444 1209 3517; baseline -0.005 -16"><span class='ocrx_word' id='word_1_321' title='bbox 108 3450 184 3510; x_wconf 79' lang='lat' dir='ltr'><strong>them,</strong></span> <span class='ocrx_word' id='word_1_322' title='bbox 196 3451 217 3500; x_wconf 83' lang='lat' dir='ltr'><strong>ie</strong></span> <span class='ocrx_word' id='word_1_323' title='bbox 228 3452 374 3516; x_wconf 72' lang='lat' dir='ltr'><strong>sufficiently</strong></span> <span class='ocrx_word' id='word_1_324' title='bbox 388 3452 469 3517; x_wconf 79' lang='lat' dir='ltr'><strong>penul.</strong></span> <span class='ocrx_word' id='word_1_325' title='bbox 503 3450 577 3501; x_wconf 80' lang='lat' dir='ltr'><strong>Luwr</strong></span> <span class='ocrx_word' id='word_1_326' title='bbox 590 3451 618 3500; x_wconf 82' lang='lat' dir='ltr'><strong>ol</strong></span> <span class='ocrx_word' id='word_1_327' title='bbox 632 3450 723 3500; x_wconf 80' lang='lat' dir='ltr'><strong>rimilnr</strong></span> <span class='ocrx_word' id='word_1_328' title='bbox 731 3450 820 3515; x_wconf 87' lang='lat' dir='ltr'><strong>irnport</strong></span> <span class='ocrx_word' id='word_1_329' title='bbox 831 3464 870 3498; x_wconf 81' lang='lat' dir='ltr'><strong>oro</strong></span> <span class='ocrx_word' id='word_1_330' title='bbox 881 3446 1008 3513; x_wconf 83' lang='lat' dir='ltr'><strong>preeumed</strong></span> <span class='ocrx_word' id='word_1_331' title='bbox 1021 3455 1046 3496; x_wconf 92' lang='lat' dir='ltr'><strong>to</strong></span> <span class='ocrx_word' id='word_1_332' title='bbox 1057 3447 1121 3496; x_wconf 77' lang='lat' dir='ltr'><strong>exiet</strong></span> <span class='ocrx_word' id='word_1_333' title='bbox 1132 3447 1157 3496; x_wconf 92' lang='lat' dir='ltr'><strong>in</strong></span> <span class='ocrx_word' id='word_1_334' title='bbox 1168 3444 1209 3496; x_wconf 87' lang='lat' dir='ltr'><strong>the</strong></span> 
     </span>
     <span class='ocr_line' id='line_1_32' title="bbox 108 3530 1210 3599; baseline -0.005 -12"><span class='ocrx_word' id='word_1_335' title='bbox 108 3536 177 3587; x_wconf 82' lang='lat' dir='ltr'><strong>other</strong></span> <span class='ocrx_word' id='word_1_336' title='bbox 184 3537 363 3599; x_wconf 71' lang='lat' dir='ltr'><strong>olere-holding</strong></span> <span class='ocrx_word' id='word_1_337' title='bbox 374 3545 463 3596; x_wconf 70' lang='grc' dir='ltr'>οιοιοος</span> <span class='ocrx_word' id='word_1_338' title='bbox 475 3538 520 3587; x_wconf 89' lang='lat' dir='ltr'><strong>but</strong></span> <span class='ocrx_word' id='word_1_339' title='bbox 531 3537 558 3587; x_wconf 88' lang='lat' dir='ltr'><strong>iu</strong></span> <span class='ocrx_word' id='word_1_340' title='bbox 569 3534 704 3586; x_wconf 80' lang='lat' dir='ltr'><strong>Louiriene</strong></span> <span class='ocrx_word' id='word_1_341' title='bbox 714 3533 756 3584; x_wconf 86' lang='lat' dir='ltr'><strong>the</strong></span> <span class='ocrx_word' id='word_1_342' title='bbox 768 3535 814 3584; x_wconf 70' lang='lat' dir='ltr'><strong>low</strong></span> <span class='ocrx_word' id='word_1_343' title='bbox 824 3549 856 3583; x_wconf 92' lang='lat' dir='ltr'><strong>ou</strong></span> <span class='ocrx_word' id='word_1_344' title='bbox 865 3533 914 3583; x_wconf 80' lang='lat' dir='ltr'><strong>thir</strong></span> <span class='ocrx_word' id='word_1_345' title='bbox 924 3532 1017 3598; x_wconf 70' lang='lat' dir='ltr'><strong>subject</strong></span> <span class='ocrx_word' id='word_1_346' title='bbox 1027 3532 1049 3582; x_wconf 78' lang='lat' dir='ltr'><strong>ie</strong></span> <span class='ocrx_word' id='word_1_347' title='bbox 1057 3532 1138 3582; x_wconf 80' lang='lat' dir='ltr'><strong>urmed</strong></span> <span class='ocrx_word' id='word_1_348' title='bbox 1147 3530 1210 3582; x_wconf 77' lang='lat' dir='ltr'><strong>with</strong></span> 
     </span>
     <span class='ocr_line' id='line_1_33' title="bbox 108 3616 1209 3686; baseline -0.005 -14"><span class='ocrx_word' id='word_1_349' title='bbox 108 3621 201 3672; x_wconf 78' lang='lat' dir='ltr'><strong>teuiold</strong></span> <span class='ocrx_word' id='word_1_350' title='bbox 213 3622 325 3686; x_wconf 69' lang='lat' dir='ltr'><strong>severity.</strong></span> <span class='ocrx_word' id='word_1_351' title='bbox 360 3621 382 3670; x_wconf 92' lang='lat' dir='ltr'><strong>lt</strong></span> <span class='ocrx_word' id='word_1_352' title='bbox 394 3630 438 3671; x_wconf 90' lang='lat' dir='ltr'><strong>not</strong></span> <span class='ocrx_word' id='word_1_353' title='bbox 450 3621 508 3685; x_wconf 82' lang='lat' dir='ltr'><strong>only</strong></span> <span class='ocrx_word' id='word_1_354' title='bbox 522 3621 611 3670; x_wconf 74' lang='lat' dir='ltr'><strong>turbide</strong></span> <span class='ocrx_word' id='word_1_355' title='bbox 623 3636 671 3684; x_wconf 76' lang='lat' dir='ltr'><strong>any</strong></span> <span class='ocrx_word' id='word_1_356' title='bbox 682 3634 769 3684; x_wconf 78' lang='lat' dir='ltr'><strong>perron</strong></span> <span class='ocrx_word' id='word_1_357' title='bbox 781 3618 896 3681; x_wconf 71' lang='lat' dir='ltr'><strong>tenching</strong></span> <span class='ocrx_word' id='word_1_358' title='bbox 906 3618 986 3668; x_wconf 76' lang='lat' dir='ltr'><strong>rlnreo</strong></span> <span class='ocrx_word' id='word_1_359' title='bbox 997 3626 1022 3667; x_wconf 84' lang='lat' dir='ltr'><strong>to</strong></span> <span class='ocrx_word' id='word_1_360' title='bbox 1033 3616 1089 3668; x_wconf 75' lang='lat' dir='ltr'><strong>rond</strong></span> <span class='ocrx_word' id='word_1_361' title='bbox 1098 3632 1126 3667; x_wconf 90' lang='lat' dir='ltr'><strong>or</strong></span> <span class='ocrx_word' id='word_1_362' title='bbox 1133 3617 1209 3675; x_wconf 76' lang='lat' dir='ltr'><strong>write,</strong></span> 
     </span>
     <span class='ocr_line' id='line_1_34' title="bbox 108 3702 1208 3772; baseline -0.005 -15"><span class='ocrx_word' id='word_1_363' title='bbox 108 3709 152 3757; x_wconf 88' lang='lat' dir='ltr'><strong>but</strong></span> <span class='ocrx_word' id='word_1_364' title='bbox 162 3709 182 3757; x_wconf 91' lang='lat' dir='ltr'><strong>it</strong></span> <span class='ocrx_word' id='word_1_365' title='bbox 193 3708 299 3757; x_wconf 72' lang='lat' dir='ltr'><strong>docteres</strong></span> <span class='ocrx_word' id='word_1_366' title='bbox 310 3708 363 3758; x_wconf 86' lang='lat' dir='ltr'><strong>thnt</strong></span> <span class='ocrx_word' id='word_1_367' title='bbox 374 3723 422 3772; x_wconf 81' lang='lat' dir='ltr'><strong>noy</strong></span> <span class='ocrx_word' id='word_1_368' title='bbox 435 3723 524 3772; x_wconf 81' lang='lat' dir='ltr'><strong>person</strong></span> <span class='ocrx_word' id='word_1_369' title='bbox 538 3706 609 3768; x_wconf 73' lang='lat' dir='ltr'><strong>using</strong></span> <span class='ocrx_word' id='word_1_370' title='bbox 622 3707 750 3768; x_wconf 74' lang='lat' dir='ltr'><strong>lunguege¹</strong></span> <span class='ocrx_word' id='word_1_371' title='bbox 762 3706 787 3755; x_wconf 88' lang='lat' dir='ltr'><strong>iu</strong></span> <span class='ocrx_word' id='word_1_372' title='bbox 800 3721 848 3770; x_wconf 80' lang='lat' dir='ltr'><strong>eny</strong></span> <span class='ocrx_word' id='word_1_373' title='bbox 858 3705 940 3770; x_wconf 89' lang='lat' dir='ltr'><strong>public</strong></span> <span class='ocrx_word' id='word_1_374' title='bbox 951 3704 1081 3763; x_wconf 77' lang='lat' dir='ltr'><strong>dieucum,</strong></span> <span class='ocrx_word' id='word_1_375' title='bbox 1093 3703 1155 3752; x_wconf 79' lang='lat' dir='ltr'><strong>from</strong></span> <span class='ocrx_word' id='word_1_376' title='bbox 1167 3702 1208 3752; x_wconf 83' lang='lat' dir='ltr'><strong>tlte</strong></span> 
     </span>
     <span class='ocr_line' id='line_1_35' title="bbox 108 3788 1209 3858; baseline -0.008 -15"><span class='ocrx_word' id='word_1_377' title='bbox 108 3795 158 3852; x_wconf 76' lang='lat' dir='ltr'><strong>ber,</strong></span> <span class='ocrx_word' id='word_1_378' title='bbox 169 3794 257 3853; x_wconf 87' lang='lat' dir='ltr'><strong>bench,</strong></span> <span class='ocrx_word' id='word_1_379' title='bbox 268 3802 344 3856; x_wconf 70' lang='lat' dir='ltr'><strong>stege,</strong></span> <span class='ocrx_word' id='word_1_380' title='bbox 356 3810 383 3843; x_wconf 93' lang='lat' dir='ltr'><strong>or</strong></span> <span class='ocrx_word' id='word_1_381' title='bbox 395 3794 482 3858; x_wconf 90' lang='lat' dir='ltr'><strong>pulpit,</strong></span> <span class='ocrx_word' id='word_1_382' title='bbox 494 3809 522 3841; x_wconf 87' lang='lat' dir='ltr'><strong>or</strong></span> <span class='ocrx_word' id='word_1_383' title='bbox 534 3808 582 3856; x_wconf 76' lang='lat' dir='ltr'><strong>any</strong></span> <span class='ocrx_word' id='word_1_384' title='bbox 597 3792 666 3842; x_wconf 88' lang='lat' dir='ltr'><strong>other</strong></span> <span class='ocrx_word' id='word_1_385' title='bbox 677 3793 753 3857; x_wconf 76' lang='lat' dir='ltr'><strong>ploce,</strong></span> <span class='ocrx_word' id='word_1_386' title='bbox 762 3807 789 3840; x_wconf 88' lang='lat' dir='ltr'><strong>or</strong></span> <span class='ocrx_word' id='word_1_387' title='bbox 797 3792 823 3841; x_wconf 92' lang='lat' dir='ltr'><strong>in</strong></span> <span class='ocrx_word' id='word_1_388' title='bbox 836 3807 883 3854; x_wconf 80' lang='lat' dir='ltr'><strong>orry</strong></span> <span class='ocrx_word' id='word_1_389' title='bbox 892 3791 984 3855; x_wconf 80' lang='lat' dir='ltr'><strong>privnte</strong></span> <span class='ocrx_word' id='word_1_390' title='bbox 995 3788 1172 3843; x_wconf 79' lang='lat' dir='ltr'><strong>couvemtion‚</strong></span> <span class='ocrx_word' id='word_1_391' title='bbox 1182 3802 1209 3835; x_wconf 89' lang='lat' dir='ltr'><strong>or</strong></span> 
     </span>
     <span class='ocr_line' id='line_1_36' title="bbox 108 3870 1208 3943; baseline -0.01 -14"><span class='ocrx_word' id='word_1_392' title='bbox 108 3880 209 3942; x_wconf 73' lang='lat' dir='ltr'><strong>muling</strong></span> <span class='ocrx_word' id='word_1_393' title='bbox 219 3895 263 3929; x_wconf 81' lang='lat' dir='ltr'><strong>nee</strong></span> <span class='ocrx_word' id='word_1_394' title='bbox 274 3880 302 3928; x_wconf 83' lang='lat' dir='ltr'><strong>ol</strong></span> <span class='ocrx_word' id='word_1_395' title='bbox 315 3895 364 3943; x_wconf 83' lang='lat' dir='ltr'><strong>ony</strong></span> <span class='ocrx_word' id='word_1_396' title='bbox 376 3879 444 3939; x_wconf 76' lang='lat' dir='ltr'><strong>signs</strong></span> <span class='ocrx_word' id='word_1_397' title='bbox 455 3892 482 3926; x_wconf 90' lang='lat' dir='ltr'><strong>or</strong></span> <span class='ocrx_word' id='word_1_398' title='bbox 500 3879 600 3936; x_wconf 77' lang='lat' dir='ltr'><strong>actione,</strong></span> <span class='ocrx_word' id='word_1_399' title='bbox 617 3877 710 3939; x_wconf 78' lang='lat' dir='ltr'><strong>huriug</strong></span> <span class='ocrx_word' id='word_1_400' title='bbox 727 3893 742 3924; x_wconf 77' lang='lat' dir='ltr'><strong>n</strong></span> <span class='ocrx_word' id='word_1_401' title='bbox 761 3876 880 3938; x_wconf 81' lang='lat' dir='ltr'><strong>tendeney</strong></span> <span class='ocrx_word' id='word_1_402' title='bbox 893 3884 918 3924; x_wconf 94' lang='grc' dir='ltr'><strong>ιο</strong></span> <span class='ocrx_word' id='word_1_403' title='bbox 938 3873 1044 3938; x_wconf 86' lang='lat' dir='ltr'><strong>produce</strong></span> <span class='ocrx_word' id='word_1_404' title='bbox 1066 3870 1208 3920; x_wconf 79' lang='lat' dir='ltr'><strong>diecontent</strong></span> 
     </span>
     <span class='ocr_line' id='line_1_37' title="bbox 108 3952 1208 4029; baseline -0.011 -14"><span class='ocrx_word' id='word_1_405' title='bbox 108 3981 197 4029; x_wconf 71' lang='lat' dir='ltr'><strong>among</strong></span> <span class='ocrx_word' id='word_1_406' title='bbox 209 3966 250 4015; x_wconf 87' lang='lat' dir='ltr'><strong>the</strong></span> <span class='ocrx_word' id='word_1_407' title='bbox 263 3966 311 4014; x_wconf 78' lang='lat' dir='ltr'><strong>free</strong></span> <span class='ocrx_word' id='word_1_408' title='bbox 323 3964 434 4014; x_wconf 80' lang='lat' dir='ltr'><strong>coloured</strong></span> <span class='ocrx_word' id='word_1_409' title='bbox 447 3964 598 4028; x_wconf 75' lang='lat' dir='ltr'><strong>population,</strong></span> <span class='ocrx_word' id='word_1_410' title='bbox 609 3978 636 4012; x_wconf 89' lang='lat' dir='ltr'><strong>or</strong></span> <span class='ocrx_word' id='word_1_411' title='bbox 646 3961 855 4011; x_wconf 80' lang='lat' dir='ltr'><strong>inrubordinntion</strong></span> <span class='ocrx_word' id='word_1_412' title='bbox 868 3973 959 4019; x_wconf 72' lang='lat' dir='ltr'><strong>among</strong></span> <span class='ocrx_word' id='word_1_413' title='bbox 970 3956 1012 4006; x_wconf 88' lang='lat' dir='ltr'><strong>the</strong></span> <span class='ocrx_word' id='word_1_414' title='bbox 1023 3952 1208 4015; x_wconf 61' lang='lat' dir='ltr'><strong>ritmorrrho</strong></span> 
     </span>
     <span class='ocr_line' id='line_1_38' title="bbox 108 4040 1210 4114; baseline -0.012 -13"><span class='ocrx_word' id='word_1_415' title='bbox 108 4051 169 4101; x_wconf 76' lang='lat' dir='ltr'><strong>ehull</strong></span> <span class='ocrx_word' id='word_1_416' title='bbox 187 4053 218 4100; x_wconf 86' lang='lat' dir='ltr'><strong>be</strong></span> <span class='ocrx_word' id='word_1_417' title='bbox 230 4050 375 4114; x_wconf 73' lang='lat' dir='ltr'><strong>knowiugly</strong></span> <span class='ocrx_word' id='word_1_418' title='bbox 387 4049 559 4099; x_wconf 74' lang='lat' dir='ltr'><strong>instrumente}</strong></span> <span class='ocrx_word' id='word_1_419' title='bbox 570 4048 597 4097; x_wconf 91' lang='lat' dir='ltr'><strong>in</strong></span> <span class='ocrx_word' id='word_1_420' title='bbox 608 4046 723 4108; x_wconf 76' lang='lat' dir='ltr'><strong>bringing</strong></span> <span class='ocrx_word' id='word_1_421' title='bbox 735 4047 787 4094; x_wconf 89' lang='lat' dir='ltr'><strong>into</strong></span> <span class='ocrx_word' id='word_1_422' title='bbox 798 4043 840 4093; x_wconf 79' lang='lat' dir='ltr'><strong>thu</strong></span> <span class='ocrx_word' id='word_1_423' title='bbox 853 4051 915 4093; x_wconf 73' lang='lat' dir='ltr'><strong>utute</strong></span> <span class='ocrx_word' id='word_1_424' title='bbox 931 4056 980 4103; x_wconf 73' lang='lat' dir='ltr'><strong>any</strong></span> <span class='ocrx_word' id='word_1_425' title='bbox 993 4056 1074 4105; x_wconf 80' lang='lat' dir='ltr'><strong>puper.</strong></span> <span class='ocrx_word' id='word_1_426' title='bbox 1094 4040 1166 4100; x_wconf 78' lang='lat' dir='ltr'><strong>book,</strong></span> <span class='ocrx_word' id='word_1_427' title='bbox 1183 4056 1210 4089; x_wconf 86' lang='lat' dir='ltr'><strong>or</strong></span> 
     </span>
     <span class='ocr_line' id='line_1_39' title="bbox 108 4124 1209 4203; baseline -0.01 -17"><span class='ocrx_word' id='word_1_428' title='bbox 108 4137 241 4203; x_wconf 76' lang='lat' dir='ltr'><strong>pomphlet</strong></span> <span class='ocrx_word' id='word_1_429' title='bbox 253 4135 346 4198; x_wconf 77' lang='lat' dir='ltr'><strong>having</strong></span> <span class='ocrx_word' id='word_1_430' title='bbox 359 4134 401 4184; x_wconf 81' lang='lat' dir='ltr'><strong>the</strong></span> <span class='ocrx_word' id='word_1_431' title='bbox 412 4135 461 4185; x_wconf 80' lang='lat' dir='ltr'><strong>like</strong></span> <span class='ocrx_word' id='word_1_432' title='bbox 473 4133 602 4196; x_wconf 81' lang='lat' dir='ltr'><strong>tendency‚</strong></span> <span class='ocrx_word' id='word_1_433' title='bbox 613 4131 683 4189; x_wconf 78' lang='lat' dir='ltr'><strong>obeli,</strong></span> <span class='ocrx_word' id='word_1_434' title='bbox 692 4145 724 4180; x_wconf 93' lang='lat' dir='ltr'><strong>on</strong></span> <span class='ocrx_word' id='word_1_435' title='bbox 737 4128 884 4186; x_wconf 69' lang='lat' dir='ltr'><strong>convictor,</strong></span> <span class='ocrx_word' id='word_1_436' title='bbox 894 4127 924 4176; x_wconf 86' lang='lat' dir='ltr'><strong>be</strong></span> <span class='ocrx_word' id='word_1_437' title='bbox 936 4125 1081 4191; x_wconf 75' lang='lat' dir='ltr'><strong>puuieheble</strong></span> <span class='ocrx_word' id='word_1_438' title='bbox 1092 4124 1152 4175; x_wconf 82' lang='lat' dir='ltr'><strong>with</strong></span> <span class='ocrx_word' id='word_1_439' title='bbox 1163 4124 1209 4175; x_wconf 87' lang='lat' dir='ltr'><strong>im·</strong></span> 
     </span>
     <span class='ocr_line' id='line_1_40' title="bbox 108 4208 1210 4289; baseline -0.015 -16"><span class='ocrx_word' id='word_1_440' title='bbox 108 4222 259 4289; x_wconf 76' lang='lat' dir='ltr'><strong>prieonment</strong></span> <span class='ocrx_word' id='word_1_441' title='bbox 279 4237 307 4270; x_wconf 92' lang='lat' dir='ltr'><strong>or</strong></span> <span class='ocrx_word' id='word_1_442' title='bbox 325 4220 406 4280; x_wconf 78' lang='lat' dir='ltr'><strong>death,</strong></span> <span class='ocrx_word' id='word_1_443' title='bbox 418 4228 443 4269; x_wconf 82' lang='grc' dir='ltr'><strong>οι</strong></span> <span class='ocrx_word' id='word_1_444' title='bbox 454 4219 495 4269; x_wconf 84' lang='lat' dir='ltr'><strong>the</strong></span> <span class='ocrx_word' id='word_1_445' title='bbox 507 4217 635 4268; x_wconf 67' lang='lat' dir='ltr'><strong>discretiori</strong></span> <span class='ocrx_word' id='word_1_446' title='bbox 649 4216 678 4265; x_wconf 84' lang='lat' dir='ltr'><strong>os</strong></span> <span class='ocrx_word' id='word_1_447' title='bbox 692 4215 732 4264; x_wconf 86' lang='lat' dir='ltr'><strong>the</strong></span> <span class='ocrx_word' id='word_1_448' title='bbox 744 4211 837 4263; x_wconf 85' lang='lat' dir='ltr'><strong>court.’&#39;</strong></span> <span class='ocrx_word' id='word_1_449' title='bbox 872 4209 962 4261; x_wconf 78' lang='lat' dir='ltr'><strong>Kent&#39;r</strong></span> <span class='ocrx_word' id='word_1_450' title='bbox 980 4208 1078 4260; x_wconf 82' lang='lat' dir='ltr'><strong>Comm.</strong></span> <span class='ocrx_word' id='word_1_451' title='bbox 1089 4210 1137 4259; x_wconf 84' lang='lat' dir='ltr'><strong>vol.</strong></span> <span class='ocrx_word' id='word_1_452' title='bbox 1148 4208 1174 4258; x_wconf 86' lang='lat' dir='ltr'><strong>ii.</strong></span> <span class='ocrx_word' id='word_1_453' title='bbox 1186 4224 1210 4274; x_wconf 87' lang='lat' dir='ltr'><strong>p.</strong></span> 
     </span>
    </p>
   </div>
   <div class='ocr_carea' id='block_1_5' title="bbox 111 4307 398 4359">
    <p class='ocr_par' dir='ltr' id='par_1_6' title="bbox 111 4307 398 4359">
     <span class='ocr_line' id='line_1_41' title="bbox 111 4307 398 4359; baseline -0.017 -2"><span class='ocrx_word' id='word_1_454' title='bbox 111 4309 142 4357; x_wconf 84' lang='lat' dir='ltr'><strong>iv.</strong></span> <span class='ocrx_word' id='word_1_455' title='bbox 154 4309 197 4359; x_wconf 83' lang='lat' dir='ltr'><strong>lec.</strong></span> <span class='ocrx_word' id='word_1_456' title='bbox 211 4307 289 4357; x_wconf 82' lang='lat' dir='ltr'><strong>xxxii.</strong></span> <span class='ocrx_word' id='word_1_457' title='bbox 301 4323 327 4356; x_wconf 85' lang='lat' dir='ltr'><strong>n.</strong></span> <span class='ocrx_word' id='word_1_458' title='bbox 339 4307 398 4354; x_wconf 77' lang='lat'><strong>2⁵³.</strong></span> 
     </span>
    </p>
   </div>
   <div class='ocr_carea' id='block_1_6' title="bbox 633 4397 691 4452">
    <p class='ocr_par' dir='ltr' id='par_1_7' title="bbox 633 4397 691 4452">
     <span class='ocr_line' id='line_1_42' title="bbox 633 4397 691 4452; baseline 0 0"><span class='ocrx_word' id='word_1_459' title='bbox 633 4397 691 4452; x_wconf 71' lang='lat'><strong>2³*</strong></span> 
     </span>
    </p>
   </div>
   <div class='ocr_carea' id='block_1_7' title="bbox 0 0 1376 4980">
    <p class='ocr_par' dir='ltr' id='par_1_8' title="bbox 0 0 1376 4980">
     <span class='ocr_line' id='line_1_43' title="bbox 0 0 1376 4980; baseline 0 0"><span class='ocrx_word' id='word_1_460' title='bbox 0 0 1376 4980; x_wconf 95' lang='lat' dir='ltr'><strong> </strong></span> 
     </span>
    </p>
   </div>
  </div>
 </body>
</html>
