2766 4996
686 182 699 209 ἱ

139 395 199 451 aas
306 388 364 447 nn
385 383 744 447 oaurcaruonrnus
764 326 1061 443 mmmcoiruu.
1151 334 1200 433 r‘·

141 560 185 617 rio
198 558 352 616 habentur:
375 553 489 626 quodsi
509 551 574 624 quis
594 550 724 609 ordinem
736 550 813 608 hunc
825 567 894 607 casu
907 549 1067 618 inverterit,
1082 559 1181 625 putam
1198 564 1224 603 se

143 657 241 716 horam
255 655 398 719 recitasse,
413 670 498 724 quam
512 650 648 726 deinceps
661 649 742 708 novit
760 668 792 707 ee
811 648 953 716 omisisse,
968 648 1108 725 supplere
1127 655 1227 724 oportet

145 774 206 828 quae
227 763 293 811 sunt
312 752 428 817 omissa,
452 752 522 823 quin
544 748 581 807 ad
593 749 784 807 recitationem
806 749 932 805 iteratam
946 756 1089 806 teneatur.
1131 747 1179 804 Sic
1197 744 1228 801 ob

144 872 257 911 causam
272 869 393 923 equam,
408 849 485 921 quod
497 849 609 907 scilicet
620 867 685 906 cum
706 847 770 914 alio,
785 847 835 919 qui
847 845 961 905 alteram
977 858 1093 923 partem
1101 847 1162 922 ja'm
1175 862 1228 922 per-

143 951 236 1018 solvit,
260 950 346 1008 simul
359 960 487 1007 oraturus
510 949 558 1016 sit,
577 947 644 1005 licet
655 956 763 1023 partem
777 946 854 1004 illem
868 946 1098 1021 pretermittere,
1119 943 1228 1002 utdeiu·

145 1070 214 1127 ceps
237 1050 378 1108 recitetur.
421 1048 623 1107 Missionarius
648 1063 724 1117 equo
746 1055 843 1102 vectus
869 1045 977 1120 optime
1002 1043 1073 1103 lacit
1094 1039 1229 1101 recitando

145 1149 275 1216 Laudes;
297 1148 470 1207 Matutinum
485 1146 631 1222 deinceps,
645 1163 732 1216 quum
746 1143 824 1202 domi
837 1143 930 1212 fuerit,
944 1163 982 1202 ex
995 1145 1070 1202 libro
1082 1142 1213 1200 lecturus.

188 1255 234 1306 14.
256 1248 350 1306 Debet
363 1248 485 1320 quisque
508 1247 582 1304 serie
601 1243 761 1301 continuata
779 1241 868 1300 officii
880 1253 990 1318 partem
1012 1243 1158 1318 integram
1165 1241 1230 1309 ,seci-

145 1361 220 1404 tare:
242 1364 308 1404 narn
322 1347 360 1403 ita
373 1362 441 1403 sans
460 1343 521 1407 vnit
539 1343 681 1410 Ecclesia,
702 1351 795 1417 partes
815 1340 940 1417 singulas
959 1342 1050 1399 certis
1063 1341 1229 1418 temporibus
1272 1404 1279 1417 1

145 1444 307 1519 adsignans.
331 1443 455 1500 Peccaat
467 1442 552 1518 igitur
565 1440 720 1506 venialiter,
732 1440 780 1513 qui
793 1449 898 1498 temere
911 1439 1091 1517 abrumpunt
1100 1439 1230 1504 officinm,
1271 1420 1279 1435 ⁸

146 1553 177 1600 ut
189 1542 332 1613 colloquia
340 1541 487 1606 misceant,
501 1541 547 1599 vel
561 1539 711 1599 mundanae
725 1537 889 1616 indulgeant
900 1538 1014 1597 letitie.
1046 1538 1109 1596 Sed
1123 1539 1231 1610 sieque

146 1641 286 1733 §ratim
309 1640 387 1698 nulla
408 1640 461 1697 erit
483 1640 582 1716 culpa;
602 1649 670 1715 puta
691 1639 716 1698 u·
738 1637 805 1710 quie
824 1636 979 1705 advenerit,
1003 1638 1172 1704 consilium,
1194 1635 1231 1692 vel

146 1758 242 1819 opem,
256 1739 404 1817 petiturus.
446 1738 534 1797 Nulla
556 1740 639 1796 etiam
659 1735 769 1794 videtur
786 1736 872 1813 culpa
890 1736 1002 1812 singula
1023 1747 1166 1794 noctuma
1184 1733 1231 1792 die

147 1841 239 1898 tinctis
266 1851 426 1915 temporum
450 1837 602 1896 intervallis
623 1837 759 1901 recitarer
788 1852 854 1893 nam
877 1835 946 1894 olim
969 1844 1184 1892 consueverunt
1201 1835 1231 1890 ita

146 1937 245 2005 dividi,
259 1948 288 1994 et
300 1937 437 1995 hodierna
449 1935 625 1995 consuetudo
639 1935 831 2011 indulgentie,
848 1935 939 2010 magis
960 1953 1050 2007 quam
1070 1934 1156 2011 legis,
1177 1950 1231 2008 spe

145 2038 218 2094 ciem
234 2034 387 2111 presesert.
430 2034 462 2092 ld
476 2034 552 2092 tanto
566 2035 657 2111 magis
671 2033 706 2090 de
725 2032 856 2091 Laudum
871 2052 888 2089 a
902 2033 1046 2092 Matutino
1060 2033 1231 2108 separatione

147 2130 297 2193 dicendum
312 2143 364 2189 est
393 2131 572 2191 contradicit
585 2144 679 2191 tamen
693 2134 790 2198 Azor3
810 2142 840 2189 et
859 2141 996 2190 nocturna
1008 2131 1108 2208 plures
1121 2137 1233 2189 censent

145 2251 209 2291 esse
223 2232 340 2290 omnino
351 2231 439 2290 simul
451 2231 601 2290 recitanda.

188 2336 234 2388 lo.
256 2331 422 2407 Optandum
441 2330 566 2407 profecti
590 2342 621 2390 ut
639 2331 765 2390 officium
787 2331 895 2407 integre
918 2340 948 2388 et
968 2330 1073 2388 devote
1096 2331 1231 2393 recitetur,

145 2430 241 2487 animo
254 2427 289 2484 ad
304 2429 399 2486 Deum
412 2439 526 2486 evecto:
542 2448 594 2487 nec
605 2431 681 2487 enim
696 2430 870 2488 alia-ratione
879 2430 1012 2486 meritum
1025 2430 1150 2503 quisque
1163 2424 1231 2503 apud

147 2526 241 2584 Deum
256 2525 439 2598 comparabit.
482 2524 625 2583 Ceterum
641 2528 800 2598 inquiritur,
813 2538 907 2587 utrum
920 2528 1011 2603 culpae
1025 2529 1154 2586 mortalis
1172 2542 1231 2583 reus

147 2620 295 2681 habendus
309 2623 355 2690 sit,
370 2622 431 2694 qui,
444 2640 481 2680 ex
496 2623 637 2680 voluntate
650 2625 761 2680 muneri
774 2625 973 2693 satisfaciendi,
987 2626 1131 2702 integrum
1144 2626 1235 2682 recitat

146 2722 283 2791 officium,
295 2724 363 2795 quin
377 2740 439 2780 eam
452 2722 556 2780 mentis
570 2723 762 2789 attenn‘onem‚
777 2735 806 2780 et
819 2725 969 2781 voluntatis
979 2724 1116 2782 affectum
1129 2723 1233 2782 studeat

146 2822 292 2881 adhibere.
334 2823 434 2880 Plures
448 2821 598 2889 affirmant,
611 2821 809 2894 adducuntque
823 2825 853 2881 in
867 2822 992 2880 medium
1006 2822 1152 2881 decretum
1172 2841 1233 2880 con·

147 2920 205 2979 cilii
219 2921 419 2979 Lateraneneis
433 2920 498 2989 IV..
510 2939 567 2993 quo
580 2921 705 2979 districte
718 2923 880 2998 praecipitur
889 2922 999 2980 clericis
1014 2922 1044 2981 in
1057 2924 1160 2981 virtute
1173 2921 1233 2979 obe

146 3018 269 3085 dientiae,
291 3027 351 3074 “ut
364 3018 491 3075 divinum
505 3018 630 3076 officium
643 3029 812 3078 nocturnum
833 3022 937 3100 pariter
948 3031 978 3078 et
989 3019 1135 3088 diurnum,
1150 3039 1233 3092 quan·

147 3127 206 3175 tum
222 3116 265 3172 eis
279 3114 387 3174 dederit
400 3115 491 3182 Deus,
505 3115 630 3175 studiose
641 3118 782 3176 celebrent
795 3121 898 3195 pariter
911 3130 939 3176 et
950 3118 1052 3176 devote
1063 3113 1110 3177 :''¹
1128 3132 1156 3177 et
1167 3116 1233 3176 illud

148 3216 310 3275 Tridentini
322 3215 357 3273 de
371 3216 526 3282 canonicis,
544 3215 579 3273 dc
593 3219 696 3291 quibus
707 3218 789 3293 jubet
808 3229 840 3276 ut
851 3218 1058 3293 compellantur
1079 3221 1138 3277 “in
1151 3218 1234 3276 choro

148 3315 183 3372 ad
196 3315 374 3392 psallendum
388 3315 523 3383 instituto,
537 3315 663 3391 hymnis,
685 3327 714 3374 et
734 3317 850 3375 canticis
870 3316 926 3374 Dei
939 3334 1047 3375 nornen
1067 3327 1234 3381 reverenter,

148 3412 289 3482 distincte,
304 3414 461 3486 devoteque
475 3411 638 3473 laudare.”²
658 3415 731 3473 llaec
744 3415 859 3488 quidem
871 3417 992 3492 probant
1004 3417 1147 3476 Ecclesiae
1160 3434 1235 3475 men·

148 3520 294 3575 temesae,
308 3512 454 3569 utdivinae
468 3525 602 3571 canantur
621 3514 718 3572 laudes
741 3517 836 3574 animo
858 3516 905 3592 pio
927 3524 957 3573 et
976 3515 1096 3584 devoto;
1117 3515 1170 3574 sed
1189 3515 1234 3572 vix

146 3620 302 3681 potamus
315 3608 397 3663 nobis
410 3608 527 3666 suadere
549 3611 641 3687 legem
661 3613 697 3671 ad
720 3615 807 3673 animi
820 3614 1002 3673 attentionem
1015 3624 1043 3671 et
1055 3614 1234 3673 devotionem

149 3703 317 3780 pertingere,
331 3721 421 3775 quum
442 3707 612 3765 exteriorem
631 3715 819 3773 reverentiam
838 3713 1001 3786 columque
1023 3711 1130 3772 directe
1150 3712 1236 3788 respi-

148 3804 211 3863 ciat
254 3803 391 3862 Putamus
405 3801 510 3860 idcirco
523 3822 589 3864 eum
610 3808 660 3878 qui
680 3807 820 3884 integrum
840 3813 938 3870 recitat
949 3811 1087 3880 officium,
1108 3811 1235 3885 quamvis

149 3904 254 3976 absque
268 3905 316 3981 pio
328 3903 428 3962 animae
443 3912 530 3972 motu,
542 3915 571 3962 et
583 3923 709 3983 congrua
717 3910 878 3979 attentione,
891 3931 908 3968 a
920 3911 1004 3988 culpa
1013 3912 1126 3970 mortali
1136 3911 1235 3970 eximi:

148 4006 319 4075 ceteroquin
331 4004 422 4063 fructu
435 4005 570 4064 orationis
583 4024 686 4064 carere.

191 4102 238 4157 111.
259 4100 316 4167 Qui
329 4104 427 4162 recitat
439 4103 564 4164 officium
579 4125 644 4164 cum
658 4104 748 4172 socio,
762 4108 847 4166 etiam
866 4117 947 4167 extra
959 4109 1089 4177 chorum,
1103 4109 1238 4168 sausiacit

217 4288 342 4362 (ΜΨ.
354 4299 477 4362 Dolenter,
485 4304 516 4354 sle
526 4305 570 4356 cel.
581 4258 669 4358 misse.
754 4308 797 4370 (Ι)
811 4305 877 4356 Sese.
888 4306 954 4358 xxiv.
966 4323 1019 4373 esp.
1031 4308 1075 4358 xii.
1087 4307 1172 4373 darsi-
