2744 4980
225 404 282 459 tos
512 397 569 456 DE
591 395 755 464 QUINTO
776 396 1029 456 PRAECEPTO.

229 564 316 624 salsos
327 569 422 628 testes,
431 580 464 618 ac
477 562 560 619 etiam
570 561 709 637 judicem,
724 581 740 618 a
753 579 810 633 quo
824 563 922 633 iniqua
935 560 1010 619 certd
1024 561 1155 619 imminet
1168 563 1318 631 sententia,

226 664 252 720 si
265 663 319 720 alia
331 662 377 718 via
391 678 449 717 non
463 671 557 737 potest
569 662 707 717 innocens
717 659 851 718 damnum
865 660 1001 718 evitare.”

274 765 340 819 110.
363 760 412 817 Ex
433 758 563 818 damnata
589 759 784 836 propositione
804 778 889 832 quam
909 758 1000 835 primd
1020 758 1212 826 recitavimus,
1233 758 1324 831 liquet

227 879 286 919 non
307 860 394 917 licere
418 877 470 933 pro
488 878 518 917 re
540 858 687 933 temporali
710 859 788 932 parvi
802 859 939 915 momenti
954 857 1056 914 tuenda
1074 857 1166 914 furem
1179 856 1321 914 occidere.

229 960 332 1018 Utrum
356 967 449 1013 autem
471 959 556 1013 etiam
579 975 631 1032 pro
653 973 683 1011 re
706 957 831 1013 maxima
852 955 880 1013 id
904 956 997 1023 liceat,
1013 956 1229 1013 controvertitur
1249 957 1323 1014 inter

228 1057 389 1131 theologos,
403 1055 479 1111 clero
503 1055 653 1112 Gallicano
674 1055 709 1110 iis
732 1056 903 1112 assentiente
927 1056 975 1127 qui
997 1064 1110 1131 negant,
1125 1073 1160 1110 eo
1174 1053 1250 1125 quod
1264 1055 1322 1111 vita

229 1155 322 1212 aliena
336 1155 537 1228 temporalibus
552 1155 655 1211 nostris
669 1154 900 1227 possessionibus
913 1155 950 1211 sit
971 1151 1186 1229 anteponenda:
1210 1161 1231 1186 ‘⁴
1242 1152 1321 1218 Quo-

229 1251 316 1312 modo
339 1250 448 1318 enim,’'
473 1252 566 1309 verbis
589 1251 696 1309 Evodii
717 1249 791 1326 apud
811 1253 1004 1327 Augustinum
1022 1260 1137 1307 utuntur
1158 1259 1253 1306 “sunt
1275 1250 1323 1308 isti

228 1361 346 1428 peccato
359 1351 451 1417 liberi,
466 1352 514 1423 qui
529 1369 579 1426 pro
594 1349 627 1406 iis
640 1350 724 1406 rebus
739 1368 811 1420 quas
820 1350 963 1407 contemni
977 1358 1096 1424 oportet,
1107 1349 1231 1406 humana
1243 1348 1323 1406 crede

229 1451 328 1526 polluti
343 1444 466 1505 sunti'’¹
507 1447 753 1506 communissima
770 1458 865 1505 tamen
887 1457 916 1505 et
935 1447 1163 1523 probabilissima
1182 1448 1324 1504 sententia

228 1549 365 1615 affirmat;
380 1566 434 1604 nec
444 1549 521 1605 enim
535 1557 663 1604 tenemur
675 1547 749 1602 bona
761 1556 857 1604 nostra
869 1547 980 1614 cedere,
994 1556 1025 1602 ut
1037 1547 1099 1622 ejus
1113 1548 1176 1603 vitae
1190 1545 1322 1604 consula·

227 1665 290 1704 mus
313 1647 363 1718 qui
385 1660 485 1721 sponte
503 1665 535 1703 se
555 1646 674 1722 exponit
692 1645 791 1702 mortis
811 1637 994 1703 discrimini²
1032 1645 1096 1702 lmo
1116 1644 1199 1702 docet
1226 1643 1258 1700 S.
1275 1643 1325 1701 Al·

228 1744 370 1821 phonsus,
385 1755 450 1820 post
459 1745 539 1814 alios,
562 1746 678 1801 “licere
691 1744 782 1801 iurem
800 1746 912 1802 eminus
925 1744 981 1801 telo
994 1742 1132 1810 occidere,
1145 1745 1170 1801 si
1185 1745 1247 1820 ipse
1261 1761 1325 1801 rem

230 1852 363 1920 asportet,
378 1854 407 1900 et
419 1845 602 1918 praemonitus
624 1842 659 1898 de
680 1861 734 1900 suo
754 1844 890 1917 periculo,
904 1861 967 1900 eam
979 1842 1051 1899 nolit
1069 1841 1240 1899 dimittere.’'
1286 1843 1319 1899 Si
1339 1869 1341 1871 >

227 1961 289 2000 rem
312 1942 385 1999 surto
405 1942 522 1998 ablatam
544 1943 637 1999 statim
659 1960 825 2017 recuperare
846 1943 926 2009 velis,
947 1942 1049 2013 furque
1071 1942 1191 2009 resistat,
1211 1941 1321 2006 licebit,

224 2042 308 2117 juxta
322 2041 427 2115 plures,
441 2059 508 2097 eum
529 2041 700 2106 interimere,
714 2042 739 2097 si
762 2041 839 2098 nulla
852 2042 906 2098 alia
925 2049 1058 2116 suppetat
1076 2042 1148 2097 ratio
1166 2058 1230 2097 eam
1244 2057 1325 2096 recu·

231 2138 360 2214 perandi.
400 2138 472 2203 Qnae
483 2149 576 2196 autem
589 2157 634 2195 res
644 2141 740 2215 magni
748 2141 886 2197 momenti
899 2138 1028 2197 habenda
1036 2139 1082 2206 sit,
1093 2157 1129 2197 ex
1140 2156 1269 2214 personae
1278 2139 1328 2195 cui

230 2236 353 2295 aufertur
373 2237 535 2295 conditione
557 2239 682 2295 maxime
702 2237 824 2314 pendet:
851 2255 897 2295 res
919 2238 1027 2295 scilicet
1048 2257 1151 2314 magna
1176 2237 1239 2303 erit,
1267 2254 1326 2309 que

228 2336 346 2403 sublate,
360 2356 419 2394 non
433 2338 535 2412 poterit
547 2355 578 2394 se
592 2354 716 2407 suosque
730 2338 851 2410 quisque
865 2347 1031 2395 sustentare.
1066 2335 1211 2394 Ceterum
1223 2335 1326 2395 licebit

229 2434 315 2490 etiarn
329 2433 409 2492 diviti
422 2454 553 2511 magnam
567 2436 696 2511 pecunie
710 2454 851 2494 summam
865 2432 919 2493 sibi
939 2454 1060 2504 servare,
1075 2437 1159 2493 etimn
1174 2436 1230 2491 vita
1244 2435 1323 2491 inva-

228 2533 286 2589 sori
305 2532 405 2589 ablata.
448 2531 555 2592 Clerici
576 2533 676 2590 eodem
701 2553 758 2605 quo
771 2536 865 2592 caeteri
879 2537 945 2612 jure
964 2535 1093 2592 fruuntur
1111 2555 1162 2592 sna
1179 2531 1324 2600 servandi,

229 2630 350 2701 ideoque
378 2631 543 2707 irregulares
564 2651 622 2689 non
645 2631 717 2689 fiunt
741 2633 765 2689 si
792 2652 971 2710 aggressores
997 2633 1165 2691 interficiant
1190 2632 1224 2688 ad
1247 2632 1325 2688 bone

228 2730 349 2786 maximi
363 2730 466 2786 valoris
480 2731 625 2788 servanda.
668 2730 729 2787 Eos
744 2740 838 2790 tamen
859 2733 983 2789 maxime
1001 2732 1118 2789 dedecet
1131 2732 1206 2788 bona
1218 2731 1325 2806 exigua

229 2847 296 2886 cum
314 2830 378 2885 vitae
393 2829 489 2886 alienes
499 2830 609 2905 jactura
622 2828 788 2887 defendere:
811 2841 981 2907 quapropter
989 2833 1054 2908 jure
1068 2830 1212 2887 damnavit
1224 2829 1324 2886 Ponti·

229 2927 278 2984 fex
292 2926 455 3001 Religiosos
469 2927 617 2999 quosdam,
632 2946 751 2998 quorum
775 2929 842 2986 alter
855 2929 994 2987 interfecit
1006 2929 1077 2987 duos
1090 2929 1213 2986 latrones
1224 2936 1323 2984 vestes

229 3025 256 3081 ei
269 3025 377 3099 eripere
388 3035 531 3092 conantes,
547 3045 634 3097 quum
648 3027 746 3083 mortis
760 3029 917 3103 periculum
934 3027 1008 3085 haud
1026 3029 1198 3094 immineret,
1219 3036 1240 3062 “
1253 3044 1322 3099 quo-

229 3123 306 3180 niam
319 3122 486 3199 expediebat
499 3125 592 3200 potius
606 3142 699 3182 rerum
713 3128 852 3184 sustinere
869 3127 1019 3202 jacturam,
1034 3146 1119 3199 quam
1143 3145 1195 3202 pro
1209 3143 1323 3182 conser-

227 3221 329 3280 vandis
343 3222 444 3279 vilibus
453 3223 536 3280 rebus
550 3234 578 3279 et
588 3224 763 3291 transitoriis,
780 3235 836 3282 tam
850 3226 948 3282 acriter
961 3227 990 3283 in
1004 3226 1074 3283 alios
1087 3217 1324 3283 exardescere.’'³

273 3325 340 3377 lll.
361 3320 473 3378 Famuli
487 3323 571 3379 etiam
581 3321 761 3380 dominorum
775 3343 890 3383 suorum
904 3325 978 3382 bona
988 3324 1189 3391 utdesendant‚
1204 3331 1325 3399 possunt

230 3420 317 3485 sures,
331 3439 365 3475 ea
377 3421 485 3478 ratione
501 3440 558 3494 qua
576 3421 695 3488 domini,
715 3423 881 3480 interficere.
921 3423 987 3481 lmo
1006 3425 1077 3481 nlius
1094 3424 1221 3497 quilibet,
1240 3423 1324 3497 juxta

233 3520 329 3594 plures
344 3517 491 3594 theologos
505 3529 598 3595 potest
610 3521 684 3577 bona
696 3523 818 3596 proximi
831 3522 892 3597 pari
904 3522 1009 3580 ratione
1025 3524 1105 3580 tueri.

270 3607 564 3690 112.}'Aggressorem
578 3618 731 3693 pudicitie,
739 3621 765 3676 si
779 3620 857 3676 aliter
875 3621 975 3695 repelli
992 3631 1123 3694 nequeat,
1137 3621 1203 3678 licet
1215 3617 1323 3675 interii·

229 3734 303 3784 cere,
325 3723 345 3748 ‘⁶
357 3714 456 3786 quia‚’·
471 3717 553 3773 nteit
567 3715 599 3773 S.
617 3718 790 3785 Antoninus,
812 3717 942 3775 “mulier
954 3721 1040 3777 utitur
1047 3721 1113 3796 jure
1126 3738 1178 3776 suo
1192 3715 1322 3781 naturali,

229 3834 286 3887 quo
307 3814 373 3873 licet
392 3813 451 3870 vim
469 3814 498 3871 vi
516 3814 663 3889 repellere,
685 3824 713 3871 et
733 3816 824 3893 magis
843 3824 951 3875 tenetur
973 3817 1057 3876 saluti
1079 3835 1138 3877 suae
1161 3813 1321 3894 providere,

258 4066 302 4131 (l)
322 4065 352 4115 L.
364 4065 379 4116 i
390 4067 421 4116 de
432 4065 473 4115 lib.
484 4065 533 4115 arb.
545 4081 566 4116 c.
581 4067 605 4114 5.

260 4150 303 4214 (2)
323 4149 387 4198 Vide
399 4148 426 4196 S.
438 4149 559 4214 Alphons.
571 4151 587 4201 l.
598 4150 634 4202 iii.
652 4166 678 4202 n.
698 4151 755 4202 383.
777 4159 802 4204 et
818 4148 910 4219 Meyol.
927 4150 1021 4219 Expoe.
1036 4167 1060 4203 v.
1071 4165 1142 4219 prsec.
1155 4150 1241 4202 artai.
1261 4153 1275 4209 §
1297 4152 1322 4198 8.

295 4235 337 4281 29.

222 4233 300 4383 eolis)
319 4316 354 4365 C.
364 4314 533 4382 Suscipimus,
541 4317 572 4368 de
583 4319 699 4370 homicid.
