2744 4980
571 1130 712 1190 CAPUT
733 1129 787 1190 IV.

491 1348 530 1386 DE
551 1347 689 1386 (esurivit
709 1344 894 1385 COMMBRCIO·

668 1472 701 1491 uh

403 1563 456 1636 §l.
498 1562 546 1621 De
567 1577 703 1621 usnemu
724 1575 973 1620 corruo'rrrrous.

185 1748 232 1802 13.
254 1741 462 1800 Coursnncrms
476 1743 603 1818 gentium
617 1742 689 1799 inter
702 1759 733 1798 se
748 1741 812 1798 iniri
833 1740 992 1806 consuevit,
1012 1749 1043 1798 ut
1065 1740 1172 1799 snrctus
1189 1760 1222 1799 re·

143 1845 261 1920 gionum
281 1859 448 1912 mercesque
469 1850 687 1907 commutentur,
701 1857 765 1898 cum
786 1840 931 1897 communi
954 1840 1085 1897 omnium
1108 1840 1224 1896 utilitate.

143 1943 275 2015 AEquum
286 1939 401 2012 quidem
412 1948 492 1996 estet
502 1941 647 1998 communi
657 1941 787 1997 omnium
795 1938 942 1997 hominum
952 1939 1057 2014 origini
1067 1957 1227 2015 congruum,

142 2052 172 2098 ut
186 2041 239 2098 hoc
254 2040 381 2097 foveatur
399 2039 612 2096 commercium.
655 2038 799 2095 Caeterum
819 2037 928 2096 nullum
947 2037 1019 2114 legis
1037 2047 1147 2097 nature
1167 2057 1230 2114 pre·

141 2152 256 2216 ceptum
269 2136 401 2196 videntur
414 2136 519 2194 violare
533 2139 582 2209 qui
592 2137 648 2195 hoc
662 2137 825 2205 detrectant,
835 2138 892 2195 nisi
905 2137 940 2193 iis
950 2137 979 2194 in
989 2155 1087 2196 rerum
1097 2137 1231 2215 adjunctis

141 2242 170 2296 in
184 2239 286 2311 quibus
300 2236 494 2296 necessarium
507 2237 546 2294 sit
557 2235 592 2293 nd
606 2237 699 2313 gentis
713 2235 811 2293 alienae
833 2236 964 2303 salutem,
984 2247 1014 2294 et
1032 2247 1158 2295 statum:
1181 2254 1233 2310 quo

142 2356 236 2395 rerum
251 2347 353 2394 eventu
368 2336 473 2412 poterit
484 2354 555 2412 gens
569 2337 604 2393 iis
616 2336 749 2412 indigens
763 2334 896 2392 subsidiis
916 2352 949 2391 ea
961 2335 991 2392 vi
1008 2336 1145 2411 arripere,
1160 2354 1235 2408 aequr

141 2436 233 2492 oblata
253 2427 510 2510 compensatione.¹
537 2434 634 2492 Eaest
642 2435 770 2513 gentium
779 2433 965 2500 consuetudo,
976 2453 1039 2507 quoe
1047 2435 1171 2492 liberum
1179 2453 1236 2511 per·

142 2534 436 2591 mittitcommercium
445 2533 578 2591 omnibus
586 2552 649 2606 quae
657 2533 732 2592 bello
741 2550 838 2590 secum
846 2551 903 2592 uon
912 2532 1237 2611 contenduntappmiris

141 2644 235 2690 tamen
249 2633 339 2704 aequis
353 2630 574 2698 conditionibus,
589 2651 659 2705 quas
674 2632 808 2705 quolibet
820 2651 891 2709 gens
904 2627 1057 2692 statuerit?
1098 2633 1237 2692 luterens

142 2743 304 2789 recensetur
318 2731 438 2807 vectigal
457 2731 533 2802 quod
547 2731 575 2788 in
589 2732 737 2789 utilitatem
751 2731 912 2807 reipublicae
932 2731 1022 2800 cedat,
1045 2743 1079 2790 ut
1100 2735 1238 2808 impense

143 2831 262 2906 publicae
277 2831 431 2896 solvantur,
442 2839 470 2885 et
483 2829 619 2888 industria
627 2830 732 2887 civium
746 2829 884 2898 foveatur,
900 2831 1000 2889 alienis
1010 2832 1156 2889 mercibus
1165 2830 1239 2888 haud

142 2930 223 2987 facile
238 2921 385 2986 invectis.³
412 2927 557 2986 Ceterum
571 2937 683 3004 oportet
692 2930 741 3005 jue
755 2928 824 2985 illud
842 2929 976 3007 exigendi
990 2950 1078 3007 parce
1092 2949 1238 2997 exercere,

142 3047 177 3085 ne
198 3046 263 3084 cum
286 3028 390 3085 civium
412 3026 590 3093 detrimento,
612 3027 656 3083 vel
683 3028 810 3102 gentium
838 3031 1002 3087 commercii
1022 3031 1114 3087 mutui
1137 3031 1240 3106 injuria

144 3128 228 3184 fiscus
242 3126 369 3183 ditescat.

188 3231 232 3282 14.
253 3228 371 3298 Absque
395 3225 521 3301 gentium
545 3225 661 3282 aliarum
682 3224 785 3301 injuria
807 3227 945 3303 speciales
966 3227 1037 3284 liunt
1051 3228 1125 3285 inter
1139 3237 1239 3304 gentes

180 3417 221 3478 (l)
244 3414 280 3462 De
292 3412 381 3462 Vnttel.
395 3410 454 3459 Low
467 3411 495 3459 ol
508 3410 623 3472 Nations,
635 3411 650 3460 i
663 3410 687 3459 ii.
699 3426 720 3461 c.
732 3411 764 3460 ir.
777 3415 791 3470 §
806 3411 860 3461 tio.

179 3498 220 3560 (Q)
240 3506 254 3527 ⁴¹
264 3499 301 3545 As
312 3513 383 3559 every
397 3497 481 3545 nation
494 3494 539 3543 hus
547 3495 588 3544 the
600 3496 664 3557 right
676 3497 723 3545 und
735 3497 756 3544 is
773 3497 884 3561 disposed
897 3506 921 3547 to
933 3499 1039 3548 exercise
1055 3501 1082 3557 it,
1095 3501 1123 3548 ol
1132 3500 1241 3564 judging

141 3584 177 3630 sor
189 3581 259 3637 itscll,
271 3581 297 3628 in
311 3590 403 3643 respect
415 3589 440 3628 to
452 3580 493 3628 the
505 3580 585 3642 policy
599 3580 646 3628 end
657 3588 742 3628 extent
753 3581 782 3628 of
790 3581 820 3630 its
831 3584 983 3633 cnmrnercial
996 3594 1190 3645 arrangements,
1199 3584 1239 3634 the

143 3665 238 3728 general
251 3662 356 3710 lreedom
375 3663 403 3710 ol
417 3662 490 3718 trude,
503 3662 615 3711 however
627 3664 769 3727 reasonably
782 3665 829 3714 end
840 3669 949 3731 strongly
961 3669 979 3717 it
991 3684 1046 3731 moy
1059 3669 1089 3717 be
1101 3669 1239 3719 inculcsted

143 3751 168 3799 in
181 3751 222 3798 the
234 3746 333 3795 modern
343 3745 426 3794 school
439 3746 467 3793 ol
480 3745 723 3811 politicsleconomy.
736 3749 757 3796 is
768 3749 812 3797 but
823 3765 855 3799 su
868 3751 992 3816 imperfect
1011 3753 1083 3815 right,
1095 3754 1144 3803 ond
1158 3770 1240 3804 neces·

143 3835 214 3895 surily
226 3833 319 3895 subject
335 3838 360 3880 tc
378 3829 439 3879 such
459 3830 608 3891 regulations
628 3831 676 3879 nnrl
695 3831 851 3892 restrictione,
869 3852 896 3885 ss
913 3837 973 3886 each
992 3843 1076 3888 nstion
1096 3855 1153 3902 msy
1166 3839 1239 3889 think

143 3934 228 3983 proper
240 3927 265 3966 to
278 3916 396 3980 prescribe
410 3916 446 3965 lor
457 3914 527 3964 ioett
546 3914 630 3980 Erery
640 3925 701 3965 state
714 3933 769 3982 moy
783 3923 937 3984 monopolize
949 3939 975 3971 cs
987 3924 1060 3972 much
1074 3941 1102 3973 ss
1115 3927 1134 3974 it
1144 3926 1241 3988 plesses

143 4004 171 4051 ol
184 4004 216 4051 its
230 4018 286 4051 own
299 4002 402 4051 intemrl
414 4001 461 4050 and
474 4000 579 4050 colonial
591 4002 664 4058 trade,
675 4018 703 4050 or
722 4011 795 4064 grant
805 4013 831 4054 to
845 4006 914 4055 other
934 4008 1037 4068 uadens,
1047 4009 1106 4057 with
1125 4011 1209 4060 whom
1221 4012 1240 4061 it

142 4089 216 4146 deols,
236 4087 297 4136 such
318 4088 472 4137 distinctions
491 4086 539 4136 ancl
558 4087 687 4152 peniculus
706 4089 834 4153 privileges
847 4108 874 4141 ss
886 4092 904 4143 it
916 4109 971 4157 moy
984 4095 1053 4144 dcem
1065 4094 1203 4144 conducise
1215 4105 1240 4144 to

143 4175 173 4222 its
185 4171 306 4221 interest.¹’
342 4172 430 4222 Kent's
441 4175 537 4224 Comm.
550 4174 597 4222 rol.
609 4174 624 4222 i.
637 4175 689 4223 lect.
699 4174 724 4223 ii.
736 4174 775 4224 3-2.

180 4256 221 4320 (3)
242 4255 279 4304 De
293 4255 380 4306 Vnttei.
390 4254 451 4306 st
462 4257 490 4307 oi
498 4257 612 4318 Nstionr,
622 4259 638 4308 1.
649 4259 663 4308 't
677 4275 697 4310 c.
709 4259 760 4309 viii.
770 4263 784 4320 ς
795 4261 835 4310 90.
