2744 4980
134 425 189 480 tus
397 417 454 476 Du
475 412 628 475 LEGUM
650 410 955 473 OBLlGATlONE.

131 589 308 662 quiscogcre
322 582 390 640 velit
402 581 540 641 famulum
555 590 586 637 ut
602 597 702 636 earnes
715 577 762 636 die
776 578 891 635 esuriali
909 575 973 634 edat
985 579 1014 635 in
1027 589 1222 654 contemptum

134 685 284 750 Ecclesia,
295 694 324 741 et
336 681 403 738 fidei
413 680 637 756 abnegationem,
651 678 790 754 oportebit
803 676 974 735 Eleazarum
988 678 1100 744 imitari,
1115 679 1165 750 qui
1179 697 1228 734 no

133 787 184 844 luit
196 783 242 842 vel
256 782 364 842 violare
377 781 470 857 legem
489 777 661 845 Mosaicam‚
683 796 739 849 qua
759 794 824 836 caro
845 777 928 834 suilla
947 778 1091 834 vetabatur
1111 776 1228 834 mandu-

135 882 233 949 canda,
247 882 294 939 vel
307 881 369 956 ejus
383 879 517 937 simulare
532 875 724 943 violationem,
738 876 849 934 etiamsi
862 894 940 934 mors
953 877 980 933 ei
994 873 1180 934 immineret.¹

412 1077 427 1150 §
441 1075 496 1135 lll.
513 1075 561 1134 Ds
579 1091 661 1132 uooo
675 1093 763 1133 esuis
776 1091 950 1132 servarum.

174 1248 224 1301 21.
247 1241 355 1301 Modus
369 1241 491 1314 finisque
504 1239 576 1317 legis
597 1237 765 1316 plerumque
786 1238 861 1296 haud
881 1239 1092 1314 praecipiuntur,
1107 1237 1226 1310 ideoque

134 1344 190 1420 lcgi
200 1341 300 1400 satisfit
312 1359 371 1399 rem
386 1339 565 1412 exequendo,
575 1339 642 1398 licet
654 1338 756 1397 modus
770 1338 892 1409 finisque
903 1338 1069 1415 negligatur.
1096 1336 1227 1396 Profecti

130 1443 276 1519 jejunium
299 1441 394 1496 animo
415 1439 564 1515 poenitenti
585 1437 756 1495 servandum
777 1448 830 1505 est,
853 1437 888 1494 ad
907 1435 1048 1513 expianda
1066 1450 1183 1512 peccata
1204 1447 1228 1491 et

138 1541 308 1618 cupiditates
328 1537 503 1596 domandas:
525 1557 579 1595 nec
600 1536 665 1595 ideo
685 1535 757 1612 legis
777 1536 887 1593 violata
907 1536 1031 1613 arguitur
1043 1536 1093 1607 qui
1110 1536 1229 1612 jejunat,

133 1640 202 1698 licet
214 1640 244 1696 in
258 1647 376 1714 peccato
389 1646 525 1703 versetur,
546 1646 575 1694 et
587 1634 723 1712 peccandi
744 1635 872 1693 fomitem
894 1633 1008 1693 tollendi
1027 1633 1104 1693 haud
1117 1635 1154 1690 sit
1166 1632 1230 1690 soli·

135 1739 218 1796 citus.
263 1734 428 1793 Mercedem
444 1746 539 1792 tamen
559 1734 714 1792 nonhabet
734 1734 809 1810 apud
823 1734 918 1791 Deum
932 1735 981 1807 qui
1000 1732 1118 1793 modum
1132 1733 1229 1790 tinem·

136 1855 192 1909 que
206 1836 279 1912 legis
294 1853 410 1910 prorsus
423 1833 551 1910 negligit,
564 1833 722 1913 prasertim
736 1835 761 1890 si
780 1843 925 1909 peccatum
939 1833 1034 1892 animo
1047 1832 1150 1890 foveat.

176 1940 226 1993 22.
248 1933 372 1993 Intentio
386 1931 524 2009 implendi
538 1942 711 2010 preceptum
733 1949 791 1989 non
812 1933 970 2005 requiritur,
984 1931 1035 1989 sed
1055 1933 1125 1989 satis
1146 1941 1190 1987 est
1202 1942 1232 1986 ut.

138 2053 183 2092 res
196 2045 348 2110 peragatur
360 2032 423 2108 lege
437 2032 573 2109 injuncta.
617 2031 665 2088 Sic
679 2032 728 2103 qui
748 2032 820 2089 iuba
832 2040 943 2108 tempus
963 2030 1089 2107 paschali
1104 2048 1230 2088 commu-

138 2133 218 2191 nioni
241 2131 316 2210 apud
336 2148 389 2187 nos
413 2149 592 2199 concessum,
614 2129 823 2188 Eucharistiam
852 2131 980 2209 suscipit,
1008 2131 1140 2208 ignorans
1161 2127 1232 2186 illud

135 2234 196 2309 jam
210 2231 385 2299 inchoatum,
400 2249 457 2288 non
472 2240 582 2287 tenetur
594 2230 695 2286 iterum
706 2229 858 2287 accedere:
880 2231 929 2301 qui
939 2229 1043 2288 audivit
1055 2228 1179 2286 Missam
1194 2244 1232 2283 ex

137 2349 226 2396 more,
241 2332 355 2407 ignarus
369 2328 425 2386 diei
439 2329 504 2387 festi
518 2329 566 2401 qui
580 2328 779 2396 celebrabatur,
800 2347 859 2387 non
873 2338 983 2387 tenetur
996 2328 1081 2386 altera
1093 2328 1156 2384 vice
1171 2345 1230 2382 sac·

136 2428 226 2487 riticio
239 2428 357 2486 adstare.
400 2427 485 2494 Quod
499 2428 523 2484 si
537 2430 601 2501 quis
621 2427 702 2485 adeat
721 2428 881 2497 ecclesium,
902 2429 992 2496 matri,
1007 2427 1167 2492 velociori,
1181 2425 1226 2482 vel

137 2529 235 2585 amica
255 2545 362 2593 comes,
381 2538 409 2582 et
427 2526 507 2584 nullo
527 2526 686 2584 devotionis
707 2525 819 2594 affectu,
841 2538 1000 2586 reverenter
1021 2536 1115 2584 tamen
1139 2523 1227 2582 adstet

137 2626 249 2693 Missae,
263 2644 322 2683 non
342 2635 385 2681 est
407 2645 472 2683 reus
492 2625 586 2682 violati
608 2627 752 2702 praecepti,
774 2625 825 2684 sed
845 2626 912 2684 alias
932 2626 1028 2684 delicit
1047 2625 1104 2683 Dei
1124 2624 1229 2683 cultum

136 2723 319 2802 negligendo.
354 2724 387 2782 Si
401 2727 497 2784 animo
512 2725 550 2781 ita
563 2725 633 2781 soret
647 2722 802 2800 dispositus
812 2737 843 2782 ut
856 2727 924 2783 alias
938 2725 1090 2783 ecclesiam
1104 2742 1162 2781 nou
1176 2721 1232 2779 adi·

139 2836 192 2893 ret,
207 2842 302 2882 coram
317 2822 391 2890 Deo,
406 2826 451 2881 cui
466 2834 563 2900 patent
575 2822 668 2889 corda,
683 2841 749 2881 reus
763 2838 806 2880 est
818 2824 889 2899 legis
903 2824 1050 2897 cultusque
1063 2823 1218 2900 neglectus.

180 2928 229 2980 23.
253 2922 384 2980 Pluribus
404 2923 514 3001 legibus
530 2921 680 2994 aliquando
694 2923 795 2979 satisfit
813 2922 914 2981 eodem
928 2934 1053 2999 tempore
1067 2941 1118 2998 per
1138 2922 1233 2996 plures

141 3033 229 3088 actus,
245 3019 357 3092 quando
371 3022 481 3079 scilicet
494 3039 539 3076 res
561 3031 709 3097 praeceptae
731 3023 889 3079 consociari
911 3024 1033 3080 invicem
1057 3032 1186 3098 possunt,
1207 3030 1235 3078 ct

139 3120 282 3198 legislator
303 3117 382 3175 aliter
402 3139 459 3177 non
480 3121 584 3175 statuit.
627 3120 677 3177 Sic
698 3121 887 3178 communiter
906 3121 1086 3179 consentiunt
1106 3119 1232 3195 theologi

139 3219 274 3276 clericum
302 3218 401 3276 Missae
429 3218 573 3275 audiendae
596 3230 771 3294 praeceptum
795 3220 926 3294 implere,
957 3221 982 3277 si
1001 3218 1069 3277 dum
1095 3220 1121 3276 ei
1144 3217 1235 3276 adstat

139 3319 237 3376 recitet
256 3316 382 3375 officium
404 3317 541 3400 divinum.
584 3317 758 3375 Paenitentia
777 3320 861 3376 etiam
884 3336 967 3391 quarn
982 3318 1172 3376 confessarius
1193 3319 1233 3374 in-

137 3418 233 3492 junxit
247 3415 356 3491 impleri
372 3426 466 3492 potest
485 3416 544 3491 pari
559 3417 675 3483 ratione,
698 3435 798 3493 preces
819 3418 891 3484 illas,
912 3418 1030 3484 scilicet,
1045 3416 1112 3474 dum
1134 3417 1233 3474 Missae

142 3516 206 3586 quis
221 3514 321 3578 adstat,
337 3513 490 3571 fundendo.
522 3514 581 3569 Sed
594 3516 619 3572 si
633 3515 821 3573 confessarius
835 3517 988 3594 injunxerit
1001 3516 1233 3593 inpoenitentium

140 3613 264 3671 Missam
287 3609 467 3679 audiendam,
494 3613 617 3687 exigitur
643 3613 810 3688 plerumque
833 3628 864 3672 ut
885 3626 1026 3692 precepto
1057 3615 1183 3683 satisfiat,
1206 3628 1235 3672 et

139 3710 278 3770 Ecclesiae
292 3709 359 3786 legi,
374 3709 467 3767 Missa
478 3710 522 3767 bis
542 3710 644 3776 audita;
665 3714 721 3769 nisi
742 3724 851 3771 constet
870 3714 1074 3773 confessarium
1094 3717 1230 3790 precepti

139 3809 322 3869 ecclesiastici
336 3811 533 3867 executionem
554 3820 660 3867 tantum
680 3830 790 3888 urgere.
834 3812 928 3872 Unico
949 3826 1042 3871 autem
1062 3824 1125 3872 actu
1145 3813 1232 3891 pluri·

138 3911 192 3969 bus
204 3909 314 3986 legibus
327 3907 435 3976 satisfit,
451 3906 618 3982 quando-ex¹
638 3912 699 3984 pari
712 3911 819 3969 radone
833 3912 938 3986 aliquid
951 3924 1084 3971 statuunt.
1126 3913 1177 3971 Sic
1198 3914 1227 3970 in

138 4002 183 4067 die
204 4009 287 4075 sesto,
312 4008 360 4080 qui
382 4007 512 4066 inciderit
525 3999 560 4065 in
584 4008 776 4077 Dominieam,
799 4012 882 4068 unica
901 4011 1038 4070 audienda
1058 4021 1102 4069 est
1122 4010 1225 4070 Missa.

140 4107 265 4167 Unicum
287 4108 371 4185 igitur
391 4107 542 4166 admittitur
563 4118 721 4184 peccatum,
744 4111 768 4170 si
789 4111 853 4182 quis
874 4113 901 4169 ei
921 4110 1029 4169 adstare
1052 4111 1228 4189 neglexerit:

729 4248 769 4309 *ὃ

551 4329 594 4388 (l)
609 4329 624 4373 2
638 4325 715 4377 Mucc.
727 4343 750 4376 v.
765 4328 800 4377 18.
