2766 4996
385 410 442 470 nn
463 411 673 473 rsccaurs
695 411 985 473 carissumus,
1035 478 1040 488 ,
1174 417 1232 473 :aa
1277 366 1302 459 ,5¹

135 573 230 645 inquit
243 574 275 631 S.
299 574 439 643 Thomas,
461 575 644 635 “secundum
658 577 735 647 qnod
757 588 802 635 est
814 588 972 654 peccatum,
986 579 1116 654 provenit
1129 597 1166 637 ex
1179 579 1234 636 boc

136 673 214 744 quod
227 691 330 731 sensns
343 674 496 749 spiritualis
510 675 656 735 hebetatus
667 687 728 743 est:
752 685 851 735 utnon
870 679 908 735 sit
927 688 1009 752 aptus
1029 676 1063 733 ad
1077 678 1234 754 spiritualia

137 770 329 848 dijudicanda.
371 772 503 831 Maxime
517 783 611 832 autem
625 792 726 833 sensus
739 774 864 833 hominis
887 777 1065 853 immergitur
1078 777 1114 835 ad
1127 788 1236 835 terrena

140 889 193 948 per
204 870 358 937 luxuriam,
382 889 445 943 quaa
466 881 511 929 est
528 871 604 930 circa
625 874 765 931 maximas
788 872 998 941 delectationes,
1018 876 1119 946 quibus
1140 876 1236 934 asima

140 971 266 1029 maxime
277 963 488 1028 absorbetur.''¹
509 971 593 1048 Saepe
601 971 693 1030 obstat
701 990 737 1029 ne
747 972 833 1030 fidem
848 974 912 1045 quis
922 974 1073 1048 suscipiat:
1085 974 1236 1047 aliquando

140 1070 268 1127 animum
290 1068 417 1145 disponit
439 1067 475 1126 ad
494 1068 581 1127 fidem
604 1070 808 1128 deserendam:
830 1080 860 1129 et
879 1071 1036 1146 sepissime
1052 1070 1118 1129 facit
1129 1084 1161 1130 nt
1173 1074 1237 1145 quis

141 1169 310 1246 gravissima
319 1168 418 1225 salutis
428 1169 554 1244 pericula
567 1187 667 1245 parum
682 1170 845 1246 perpendat.
888 1169 967 1228 Hinc
980 1171 1140 1246 precipites
1153 1179 1238 1228 ruunt

141 1268 172 1325 in
184 1267 293 1324 scelera
307 1265 463 1334 libidinosi,
477 1267 595 1326 honoris
608 1268 654 1325 sui
667 1279 697 1324 et
708 1267 858 1327 utilitatum
871 1268 1067 1329 immemores:
1106 1267 1151 1327 De
1160 1268 1237 1346 judi·

143 1366 226 1423 cibus
240 1366 290 1437 qni
303 1366 466 1423 Susannam
479 1364 585 1424 violare
599 1368 811 1443 concupiemnt,
832 1367 979 1425 scribitur:
1002 1375 1021 1403 “
1031 1377 1197 1428 exarserunt
1208 1367 1239 1425 in

143 1465 405 1540 concupiscentiam
422 1466 496 1542 ejus,
511 1475 541 1522 et
563 1475 722 1525 evertemnt
741 1484 857 1524 sensnm
877 1485 971 1534 sunm,
985 1479 1013 1525 et
1025 1466 1236 1526 declinaverunt

142 1562 242 1621 oculos
256 1581 334 1630 suos,
349 1574 450 1622 utnon
465 1563 596 1623 viderent
607 1566 721 1631 coelum,
736 1583 830 1637 neque
843 1566 1057 1624 recordarentur
1065 1565 1238 1643 judiciorum

139 1654 332 1739 justomm.'’²
371 1663 478 1721 Amore
487 1664 639 1740 voluptatis
650 1665 764 1738 penitus
778 1662 926 1730 ducuntur,
943 1673 963 1699 ‘⁶
974 1664 1148 1739 voluptatum
1163 1684 1238 1722 ama·

143 1771 221 1818 tores
235 1761 325 1838 magis
336 1779 422 1833 quam
436 1758 543 1821 Ι)ιιί.”3
570 1761 648 1820 Hinc
663 1761 694 1819 fit
705 1772 737 1819 ut
750 1759 848 1818 taedeat
861 1780 911 1819 eos
921 1780 1070 1819 munerum
1081 1762 1238 1838 roligionis,

143 1869 173 1916 et
186 1860 262 1917 vitiis
276 1860 422 1937 plerisque
441 1861 524 1919 facile
544 1860 659 1919 cedant:
683 1858 870 1926 “Luxuria''
891 1861 983 1932 inquit
1002 1860 1034 1918 S.
1055 1860 1236 1927 Ambrosius,

144 1967 165 1993 “
175 1974 229 2015 nec
241 1957 327 2016 fidem
340 1959 433 2028 habet,
444 1980 497 2018 nec
510 1960 716 2019 observantiam
730 1957 903 2034 disciplina:
925 1958 1038 2018 luxuria
1051 1960 1238 2018 seminarium

146 2065 175 2114 et
187 2057 268 2133 origo
282 2059 415 2117 vitiorum
429 2056 520 2121 est.”⁴

189 2159 256 2213 106.
279 2156 420 2216 Remedia
443 2159 565 2218 luxuriae
588 2158 670 2235 plura
694 2168 887 2217 recensentur.
929 2157 1074 2234 Imprimis
1100 2160 1241 2236 supplicia

96 2306 101 2317 ,
147 2272 210 2326 quae
223 2273 290 2313 reos
303 2268 422 2316 manent
435 2260 541 2334 sepius
555 2256 695 2315 volvenda
707 2267 774 2314 sunt
786 2259 898 2314 auimo:
920 2267 949 2314 et
961 2275 1045 2329 quam
1067 2259 1124 2315 sint
1141 2261 1241 2316 inanes

147 2353 308 2430 voluptates
328 2356 511 2434 cogitandum
526 2365 578 2414 cst.
621 2354 689 2413 Cibi
702 2367 844 2432 potusque
857 2373 994 2414 excessus
1007 2355 1137 2414 vitandus
1151 2368 1204 2424 ast,
1215 2368 1244 2415 et

148 2470 215 2509 caro
228 2453 293 2511 vitm
308 2457 468 2514 austeritate
483 2454 642 2514 domanda:
666 2464 685 2491 ‘⁶
695 2456 773 2514 Ecce
794 2454 855 2513 hec
878 2454 931 2513 suit
946 2455 1080 2527 iniquitas
1096 2456 1241 2524 Sodomae,

149 2552 257 2609 sororis
272 2562 336 2621 ture,
351 2557 494 2632 snperbia,
509 2556 638 2614 saturitas
661 2556 752 2630 panis,
766 2565 795 2611 et
817 2554 995 2622 abundantia,
1010 2564 1037 2611 et
1050 2556 1138 2615 otium
1153 2557 1243 2633 ipsius

150 2659 179 2706 et
195 2649 318 2709 filiarum
341 2650 455 2730 ejus.”⁵
497 2653 680 2713 “Luxuriosa
704 2642 750 2711 ras
772 2646 919 2712 ιίιιιιιιι.”0
960 2653 1089 2712 “Nolite
1112 2656 1243 2713 inebriari

149 2749 229 2816 vino,
244 2750 274 2807 in
288 2770 345 2823 quo
359 2763 403 2810 est
416 2747 578 2811 luxuria.”⁷
619 2751 736 2817 “Quod
749 2753 850 2824 siquis
870 2753 1023 2816 existimat,
1038 2760 1066 2807 et
1078 2751 1245 2810 abundantia

151 2848 280 2906 ciborum
296 2853 503 2924 potionumque
517 2869 548 2908 se
564 2850 679 2927 perfrui,
694 2858 723 2906 et
740 2867 837 2906 vacare
851 2867 938 2925 posse
951 2849 1108 2924 sapientiae,
1122 2849 1178 2908 boc
1192 2859 1244 2917 est,

153 2956 182 3002 et
194 2950 302 3007 versari
326 2951 354 3006 in
375 2950 495 3017 deliciis,
517 2959 544 3006 et
564 2949 729 3007 deliciarum
750 2948 824 3005 vitiis
844 2966 901 3005 non
916 2949 1015 3013 teneri,
1030 2948 1158 3025 seipsum
1172 2946 1246 3006 deci·

152 3040 243 3121 pit.”³
284 3047 328 3105 lta
343 3047 551 3125 Hieronymus.
579 3047 745 3124 Apostolus,
759 3046 926 3105 athletarum
940 3048 1086 3124 proposito
1101 3047 1245 3125 exemplo,

151 3146 201 3215 qni
224 3145 258 3202 ab
280 3149 414 3206 omnibus
438 3167 470 3205 se
484 3148 670 3213 abstinebant,
695 3155 725 3202 ut
747 3145 893 3204 certamini
915 3145 1009 3204 forent
1031 3145 1136 3213 idonei,
1157 3146 1243 3202 dicit:

154 3251 173 3278 ‘⁶
185 3245 295 3319 castigo
310 3264 414 3321 corpus
428 3264 534 3312 mcum,
549 3256 577 3301 et
590 3246 618 3303 in
633 3245 796 3302 servitutem
810 3243 925 3320 redigo:
946 3262 982 3301 ne
1005 3245 1076 3301 sorte
1098 3262 1162 3300 cnm
1183 3243 1246 3300 aliis

151 3340 377 3417 praedicaverim,
392 3346 453 3419 ipse
467 3344 603 3418 reprobus
616 3332 771 3400 efficiar.”⁹
812 3341 890 3399 Hinc
910 3341 1110 3417 Hieronymus
1130 3342 1243 3399 scribit:

154 3450 174 3476 “
186 3420 393 3513 repugnantem
407 3458 531 3506 carnem,
545 3449 574 3497 et
586 3440 619 3497 ad
639 3439 784 3496 libidinem
806 3440 948 3498 incentiva
966 3439 1133 3515 rapientem,
1155 3439 1249 3499 inedia

152 3538 347 3614 subjugamus.
390 3541 468 3598 Esus
495 3538 632 3605 carnium,
655 3548 684 3595 et
709 3548 793 3614 potus
819 3539 888 3606 vini,
915 3539 1077 3611 ventrisque
1103 3541 1245 3608 saturitas,

154 3636 340 3695 seminarium
360 3637 486 3696 libidinis
499 3647 551 3695 est.
593 3637 678 3696 Unde
698 3649 726 3694 et
748 3638 875 3696 comicus
898 3640 986 3698 ‘Sine
1000 3637 1129 3708 Cerere,’
1143 3642 1246 3713 inquit,

154 3744 200 3792 ‘et
218 3735 323 3794 Libero
337 3737 420 3815 friget
432 3736 553 3796 Venus!
563 3729 613 3764 ”¹⁰
652 3737 751 3796 Otium
765 3739 850 3798 etiam
864 3737 1032 3816 fugiendum
1045 3750 1098 3808 est,
1113 3749 1142 3796 et
1159 3757 1246 3797 sacrae

190 3945 231 4008 (l)
252 3947 275 3989 2.
287 3945 310 3992 2.
323 3959 364 4005 qu.
376 3943 434 3992 xlvi.
446 3949 493 3993 art.
504 3941 536 3990 iii.
567 3942 641 4009 Resp.
744 3940 782 4006 (2)
803 3941 869 3990 Dan.
881 3942 931 3989 xiii.
943 3945 966 3989 8.

190 4029 233 4091 (3)
253 4025 345 4074 arim.
358 4025 390 4073 iii.
403 4028 428 4074 4.
747 4026 789 4089 (4)
809 4023 839 4071 L.
850 4023 880 4073 de
892 4024 949 4073 Elis
960 4030 984 4071 et
992 4021 1088 4086 jejunio
1101 4036 1122 4070 c.
1134 4022 1186 4071 xix.

187 4111 228 4174 (5)
247 4108 338 4158 Enoch.
351 4108 399 4157 xri.
411 4110 454 4158 49.
750 4107 792 4170 (6)
812 4105 885 4154 Prov.
894 4121 936 4153 xx.
948 4104 964 4153 i.

191 4194 233 4258 (7)
253 4190 318 4256 nph.
332 4207 353 4237 ι.
368 4193 406 4240 ls.
754 4188 796 4252 (8)
816 4185 845 4236 L.
857 4186 881 4236 ii
893 4194 976 4236 contra
986 4184 1149 4236 lovinisnsm.

191 4278 230 4342 (9)
252 4279 262 4326 l
276 4277 329 4327 Cor
344 4277 377 4325 ir.
390 4281 431 4326 27.
750 4274 810 4340 (10)
830 4271 859 4323 L.
872 4272 896 4322 ii.
908 4272 960 4322 adr.
971 4270 1139 4323 savinianum.

1280 4354 1377 4696 s
