2744 4980
605 1110 745 1171 CAPUT
766 1110 819 1170 VI.

541 1343 587 1382 DE
614 1341 884 1383 PASSIONIBUS.

211 1525 259 1580 57.
282 1519 340 1578 His
354 1539 417 1593 quae
431 1519 467 1578 de
490 1522 599 1579 actibus
613 1521 747 1579 humanis
762 1519 899 1587 diximus,
913 1517 1051 1576 nonnulla
1072 1516 1107 1574 de
1122 1513 1267 1592 passioni·

170 1621 223 1678 bus
238 1619 418 1696 adjungenda
430 1629 506 1677 sunt.
550 1621 653 1678 Passio
667 1620 742 1697 apud
756 1617 944 1696 philosophos
959 1617 1165 1692 theologosque
1178 1632 1267 1671 voca·

171 1728 216 1777 tur
229 1731 322 1778 motus
336 1721 435 1787 animi,
449 1738 501 1776 seu
522 1719 659 1777 affectus:
682 1721 742 1791 qui,
766 1727 905 1790 quatenus
926 1717 1043 1774 rationis
1067 1725 1096 1773 et
1108 1714 1266 1772 voluntatis

171 1817 294 1894 imperio
323 1820 479 1896 subjacent,
502 1819 570 1876 boni
592 1827 668 1884 sunt,
691 1818 737 1875 vel
757 1817 834 1873 mali.
877 1815 1015 1873 “Rectus
1038 1812 1150 1882 amor‚”
1171 1813 1268 1884 inquit

171 1917 360 1993 Augustinus,
376 1926 507 1975 “omnes
528 1917 596 1974 istas
611 1916 776 1974 affectiones
799 1924 888 1973 rectas
911 1914 1012 1971 habet:
1034 1920 1166 1972 metuunt
1184 1912 1266 1970 enim

172 2034 303 2092 peccare,
318 2016 439 2091 cupiunt
447 2033 641 2091 perseverare,
656 2014 753 2073 dolent
761 2015 791 2071 in
800 2015 935 2091 peccatis,
945 2012 1069 2089 gaudent
1081 2015 1111 2071 in
1124 2012 1265 2088 operibus

171 2106 300 2171 bonis.”¹
349 2113 494 2186 Equidem
517 2114 606 2171 Stoici
625 2112 755 2171 dicuntur
779 2113 864 2170 veluti
884 2112 972 2170 animi
994 2113 1117 2179 morbos,
1145 2110 1265 2167 affectus

172 2230 283 2280 omnes,
306 2232 357 2270 seu
379 2213 600 2288 perturbationes
624 2213 721 2279 animi,
734 2212 776 2269 uti
796 2232 812 2268 a
824 2211 922 2269 Tullio
935 2221 1078 2279 vocantur,
1090 2210 1263 2268 damnasse:

172 2311 224 2370 sed
249 2331 266 2368 a
287 2312 325 2369 D.
354 2312 471 2369 Thoma
495 2311 670 2387 explicantur
695 2310 730 2367 de
757 2311 879 2368 motibus
903 2318 983 2367 extra
1006 2310 1110 2369 limites
1136 2309 1265 2375 rationis,

173 2420 344 2486 quapropter
365 2421 463 2468 censet
484 2428 534 2467 eos
557 2429 636 2476 voce,
661 2410 751 2485 magis
771 2428 857 2481 quam
871 2410 1020 2478 sententia,
1035 2430 1051 2465 a
1066 2408 1264 2483 Peripateticis

172 2501 370 2565 dissensisse.²
410 2510 501 2567 Amor
510 2511 671 2585 praecipuus
682 2518 726 2566 est
735 2509 821 2565 animi
832 2519 925 2566 motus
939 2518 968 2563 et
980 2518 1145 2566 caeterorum
1160 2506 1244 2563 radix
1257 2525 1264 2573 ;

173 2624 209 2664 ex
224 2625 259 2664 eo
273 2608 378 2683 quippe
392 2605 564 2666 desiderium
579 2608 711 2676 nascitur,
726 2626 851 2683 spesque
865 2606 1050 2682 adipiscendi,
1065 2626 1130 2665 cum
1144 2604 1265 2663 andacia

173 2704 208 2762 ad
232 2706 452 2783 aggrediendum
476 2726 538 2779 quar
562 2706 598 2765 ad
617 2705 645 2763 id
668 2707 831 2774 inserviant,
846 2718 874 2765 et
896 2704 999 2782 gaudio
1012 2705 1047 2763 de
1060 2706 1135 2763 bono
1149 2703 1263 2779 adepto.

173 2804 212 2863 Ei
225 2807 377 2881 opponitur
390 2806 486 2865 odium
496 2807 574 2874 mali,
589 2825 625 2863 ex
636 2825 703 2878 quo,
718 2807 802 2864 timor
814 2806 936 2882 fugaque
947 2807 1082 2872 oriuntur,
1096 2805 1142 2861 vel
1156 2804 1265 2860 tristitia

173 2903 198 2959 si
212 2904 318 2961 malum
341 2908 532 2981 superveniat.
575 2905 745 2983 Desperatio
767 2907 852 2964 etiam
875 2904 968 2962 obruit
989 2905 1128 2970 animum,
1150 2903 1265 2976 quoties

174 2999 253 3058 nulla
271 3021 338 3077 spes
352 3002 490 3061 evadendi
504 3004 629 3078 affulget.

213 3103 262 3157 58.
284 3101 373 3159 Amor
396 3102 640 3180 concupiscentia:
663 3112 707 3159 est
728 3120 785 3178 quo
804 3104 870 3176 quis
893 3101 1012 3162 alterum
1035 3112 1151 3179 propter
1173 3121 1258 3159 suam

173 3199 319 3257 utilitatem
333 3199 441 3278 diligit:
463 3201 606 3260 amicitia:
629 3200 730 3259 dicitur
756 3202 783 3258 si
804 3201 923 3260 dilectus
946 3212 1062 3280 propter
1084 3221 1116 3259 se
1139 3213 1260 3260 ametur.

174 3297 208 3356 ln
221 3299 327 3359 bonum
348 3320 427 3360 amor
448 3302 544 3370 fertur,
568 3300 619 3359 sed
641 3320 713 3358 vana
726 3303 837 3379 species
859 3319 937 3376 saepe
960 3303 1041 3361 nobis
1064 3299 1173 3359 illudit:
1196 3319 1266 3374 qua·

173 3407 290 3473 propter
302 3418 397 3457 rerum
410 3403 559 3459 noxiarum
574 3420 669 3458 amore
684 3402 814 3478 abreptos
828 3401 981 3473 alloquitur
994 3401 1151 3458 Salomon:
1175 3410 1194 3435 “
1208 3400 1265 3458 Us-

174 3513 290 3569 quequo
304 3498 414 3573 parvuli
428 3497 543 3575 diligitis
556 3499 713 3566 infantiam,
728 3510 757 3557 et
777 3500 855 3557 stulti
877 3518 911 3556 ea
934 3520 996 3573 quae
1020 3501 1075 3557 sibi
1098 3509 1164 3556 sunt
1176 3499 1266 3557 noxia

174 3589 349 3671 copientl’'³
390 3595 498 3655 Rerum
522 3597 645 3673 cognitio
668 3596 704 3654 ad
726 3617 853 3657 amorem
867 3597 1049 3657 excitandum
1069 3599 1197 3664 niservit,
1211 3598 1266 3670 qui

174 3694 300 3752 maxime
311 3693 472 3753 accenditur
485 3714 522 3753 ex
536 3696 696 3753 animorum
710 3696 905 3764 similitudine,
920 3700 976 3756 nisi
990 3697 1056 3756 inde
1071 3698 1176 3755 oriatur
1189 3697 1265 3754 obex

174 3792 265 3862 alteri,
279 3795 319 3852 uti
332 3795 462 3872 superbis
476 3793 558 3852 facile
572 3795 718 3871 contingit.
760 3795 806 3854 Ad
828 3797 1059 3872 conjunctionem
1073 3794 1162 3855 tendit
1175 3814 1265 3861 amor,

175 3910 241 3952 nam
256 3894 357 3953 affectu
371 3906 497 3954 amantes
510 3913 599 3953 unum
613 3903 688 3952 sunt.
731 3896 838 3954 Anima
859 3907 956 3954 sancta
977 3897 1042 3955 Deo
1065 3892 1186 3953 mnando
1199 3912 1267 3951 con·

171 3992 300 4070 jungitur
313 3997 385 4053 miro
394 4014 512 4072 prorsus
523 3994 626 4052 modo:
650 4003 669 4029 “
681 3995 731 4067 qui
743 4003 838 4052 manet
847 3996 876 4053 in
886 3995 1029 4064 charitate,
1043 3996 1072 4054 in
1083 3995 1148 4053 Deo
1159 4002 1265 4062 manet,

175 4101 205 4148 et
216 4091 299 4151 Deus
312 4095 343 4152 in
364 4092 448 4153 eo.”⁴
488 4096 579 4154 Extra
597 4095 726 4170 seipsum
749 4092 960 4168 quodammodo
973 4095 1060 4154 fertur
1072 4096 1122 4168 qui
1135 4092 1268 4151 ardenter

176 4202 261 4259 amat,
275 4191 346 4250 adeo
355 4202 387 4251 ut
400 4196 445 4253 sui
457 4194 598 4254 oblitusin
612 4194 904 4268 amatoconquiescat.
947 4195 1078 4254 Studium
1099 4192 1165 4251 inde
1178 4193 1268 4250 oritur

213 4358 255 4422 (l)
275 4356 306 4407 L.
316 4359 358 4408 xiv
369 4359 474 4412 dccix.
760 4363 802 4428 (2)
824 4365 846 4413 l.
855 4365 879 4411 2.
891 4376 932 4427 qu.
942 4360 1010 4412 xxiv.
1019 4369 1062 4414 art
1073 4361 1099 4414 ii.
1131 4361 1206 4430 Κεφ.

210 4443 255 4508 (8)
275 4442 346 4497 Prov.
356 4443 373 4495 i,
385 4447 426 4494 22.
758 4446 802 4511 (4)
823 4445 836 4495 l
848 4445 920 4496 ,loan-
931 4445 963 4495 iv.
975 4447 1014 4495 16.
