2766 4996
218 433 277 494 DE
297 433 481 493 AOTUUM
502 432 784 494 HUMANORUM
805 433 967 496 Monam
986 434 1149 495 SPEOIE.
1191 441 1228 495 31

178 604 229 660 55.
251 600 307 658 Est
316 598 393 676 apud
403 598 551 676 theologos
560 608 707 676 receptum
717 607 745 657 et
754 600 939 658 verissimum
950 600 1081 658 axioma:
1104 597 1230 658 Bonum

136 717 174 757 ex
187 700 312 776 integra
325 716 428 766 causa,
443 699 558 758 molum
573 717 610 756 eu
631 716 816 775 quocumque
828 698 964 780 deffectu.-
985 699 1095 758 scilicet
1106 708 1138 756 ut
1151 709 1231 756 actus

137 800 177 856 sit
198 800 303 865 bonus,
325 817 383 865 res,
407 798 484 864 finis,
508 807 536 855 et
557 799 655 855 omnia
677 798 818 873 adjuncta,
841 799 899 875 legi
921 817 1035 856 morum
1058 800 1232 857 conveniant

137 908 270 975 oportet:
292 916 359 956 nam
373 898 399 954 si
412 896 483 970 quid
496 895 579 963 desit,
593 896 686 955 malus
709 892 856 954 habendus
876 899 938 954 erit.
981 898 1032 954 Sic
1045 897 1150 973 stipem
1164 897 1231 954 dare

138 999 251 1073 roganti
264 1015 310 1054 res
325 1006 369 1054 est
381 1014 433 1073 per
447 1015 479 1053 sa
493 996 586 1060 bona;
608 996 685 1068 quod
708 998 734 1054 si
756 997 822 1067 quis
845 1012 908 1055 eam
932 996 1058 1054 conserat
1079 998 1109 1054 in
1124 996 1232 1055 malum

139 1095 239 1162 finem,
253 1115 290 1152 v:
311 1115 349 1171 g:
371 1106 403 1151 ut
415 1094 534 1153 seducat
545 1095 681 1170 puellam,
695 1104 773 1151 actus
794 1114 900 1171 pravus
922 1104 975 1153 est.
1017 1094 1051 1151 Si
1064 1095 1130 1152 finis
1151 1113 1232 1167 aque

141 1214 176 1252 ac
188 1214 235 1253 res
248 1193 411 1270 probandus
424 1195 471 1261 sit,
485 1194 594 1251 ratione
608 1192 807 1269 adjunctorum
829 1197 943 1270 peccari
957 1194 1068 1270 poterit,
1083 1194 1132 1266 qui
1155 1195 1233 1251 enim

142 1312 208 1352 eam
221 1293 329 1350 confert
340 1312 406 1351 sese
420 1294 604 1358 inebriatum,
619 1303 736 1368 peccato
749 1292 879 1351 fomitem
894 1294 1030 1369 praebere,
1045 1304 1074 1351 et
1086 1292 1152 1350 ideo
1166 1311 1233 1370 pec·

141 1411 207 1451 carc
217 1402 358 1451 censetur.

181 1496 230 1550 56.
253 1491 394 1549 Primaria
419 1509 534 1548 morum
559 1488 658 1564 regula
683 1500 728 1546 est
752 1490 809 1547 Dei
835 1490 977 1558 voluntas,
1002 1490 1143 1550 mandatis
1170 1493 1232 1549 suis

140 1591 300 1668 praesertim
313 1589 463 1666 patefacta,
474 1587 510 1646 ad
520 1607 583 1660 quae
594 1587 734 1646 servanda
743 1591 862 1647 omnino
872 1600 1010 1648 tenemur.
1053 1590 1125 1656 Qum
1137 1599 1232 1649 autem

141 1691 262 1749 adversa
271 1690 354 1748 nobis
367 1689 546 1764 contingunt,
556 1686 620 1745 Deo
630 1687 753 1756 volente,
763 1708 846 1761 aequo
855 1692 952 1749 animo
961 1691 1102 1766 patiamur
1110 1698 1232 1766 oportet,

141 1791 274 1863 quamvis
288 1787 324 1845 ad
336 1807 477 1846 aerumnas
490 1787 666 1864 expetendas
680 1787 758 1845 nulla
778 1807 832 1845 nos
855 1799 938 1864 cogat
958 1790 1126 1846 necessitas.
1169 1787 1234 1844 Imo

142 1888 227 1946 Deus
253 1885 314 1944 vult
334 1906 389 1944 nos
411 1886 512 1945 affectu
526 1888 640 1944 sincero
672 1894 803 1962 parentes
830 1896 859 1942 et
884 1887 1061 1962 propinquos
1089 1885 1233 1959 amplecti,

144 2005 270 2059 quorum
292 1984 452 2044 infortuniis
478 1984 599 2063 proinde
626 1984 773 2043 doleamus
799 2003 919 2043 necesse
946 1995 999 2052 est,
1026 1985 1080 2042 etsi
1107 1981 1234 2043 divinam

144 2088 317 2146 voluntatem
345 2094 374 2143 et
395 2104 491 2144 rerum
514 2104 661 2145 summum
685 2085 829 2144 arbitrium
853 2094 910 2142 tota
932 2085 1020 2145 animi
1050 2086 1233 2143 veneratione

143 2186 280 2246 colamus.
332 2184 527 2256 “Aliquando
548 2187 624 2243 bona
655 2185 830 2252 voluntate,”
862 2186 958 2258 inquit
986 2185 1018 2240 S.
1043 2185 1233 2259 Augustinus,

143 2286 263 2344 “homo
274 2284 336 2342 vult
348 2283 456 2357 aliquid
470 2284 547 2357 quod
561 2285 642 2342 Deus
664 2303 723 2342 non
746 2285 815 2351 vult,
831 2294 975 2358 tamquam
995 2283 1021 2339 si
1043 2283 1135 2340 bonus
1159 2281 1234 2338 filius

144 2395 254 2462 patrem
265 2383 333 2441 velit
341 2385 449 2449 vivere,
460 2402 547 2456 quern
558 2383 639 2442 Deus
649 2385 725 2442 bona
733 2385 877 2442 voluntate
888 2385 949 2442 vult
957 2373 1078 2441 mori.”¹
1112 2380 1235 2447 Quando

144 2486 231 2560 igitur
252 2481 359 2542 orando
381 2482 525 2542 dicimus:
557 2484 636 2540 “fiat
657 2484 787 2541 voluntas
812 2493 868 2552 tua,
892 2487 967 2542 sicut
988 2482 1019 2540 in
1045 2480 1130 2549 ooelo,
1154 2481 1235 2538 etin

144 2594 215 2642 terra
226 2584 256 2651 ;'’
286 2582 385 2641 divina
416 2583 531 2660 impleri
559 2582 690 2640 mandata
721 2592 872 2659 optamus:
903 2581 955 2641 scd
980 2600 1038 2640 non
1071 2578 1234 2639 necessarii)

143 2684 276 2742 volumus
290 2701 354 2756 quae
368 2683 451 2740 nobis
465 2683 672 2759 propinquisve
686 2685 791 2740 nostris
805 2685 974 2762 contingunt
987 2679 1114 2738 adversa.

541 2849 581 2916 (l)
601 2851 629 2900 lu
643 2849 743 2900 Euchir.
757 2866 777 2900 c.
792 2849 834 2898 01.
