2766 4996
140 405 200 460 ³22
385 396 442 457 DE
464 394 675 456 PEOCA'l'IS
695 392 989 457 sarmaticus.

140 563 258 623 venialis
280 561 380 639 culpa:
402 560 528 621 mortalis
549 571 642 619 autem
665 563 691 619 si
714 562 856 638 aspiciens
877 561 916 618 sit
940 557 1025 616 valde
1051 559 1182 635 proclivis
1200 559 1228 617 sd

139 662 317 721 sodomiam:
338 661 435 719 velita
456 660 622 736 aspiciendo
642 671 768 720 moretur
780 671 810 719 ut
822 659 1020 719 delectationis
1034 658 1155 716 carnalis
1167 660 1229 735 peri·

139 761 233 820 culum
245 758 351 817 afferat
394 761 529 835 aspicere
544 758 674 834 pudenda
689 776 819 836 personas
832 759 936 817 diversi
949 774 1040 815 sexus
1055 758 1173 815 mortale
1184 768 1230 825 cst,

78 922 84 929 ,
139 859 250 918 seclusa
266 861 444 925 necessitate,
468 859 523 916 nisi
547 857 695 916 rideantur
715 876 732 914 a
753 858 849 935 longe,
863 866 893 914 et
914 865 1046 932 ternpore
1059 856 1230 914 brevissimo.

139 956 332 1019 Concubitum
353 957 509 1016 humanum
533 958 661 1032 aspicere
683 975 749 1014 cum
776 955 962 1014 delectatione
985 964 1015 1011 et
1036 973 1122 1012 mora
1147 955 1232 1027 aliqua

140 1056 258 1115 mortale
276 1067 329 1114 est.
385 1058 521 1132 aspicere
541 1056 653 1123 faciem,
674 1056 801 1130 aliasque
826 1065 920 1132 partes
945 1053 1087 1112 honestas
1113 1053 1232 1112 mulieris

141 1156 266 1233 pulchre
280 1174 345 1214 cum
359 1174 439 1214 mora
457 1155 615 1230 periculum
638 1154 731 1222 habet,
754 1165 783 1211 et
804 1170 920 1232 gravem
941 1152 1058 1229 culpam
1079 1151 1197 1219 inducit,
1214 1151 1235 1207 si

142 1266 241 1331 pergat
253 1256 318 1327 quis
331 1273 395 1312 eam
408 1256 540 1311 attentius
551 1255 689 1329 aspicere,
697 1253 765 1312 dum
778 1252 916 1330 genitales
924 1251 1042 1326 spiritus
1053 1249 1233 1315 commoveri,

142 1352 188 1409 rel
200 1371 232 1409 se
246 1352 443 1410 vehementius
452 1353 551 1410 tentari
561 1351 597 1408 ad
607 1350 867 1428 concupiscendum
876 1347 942 1407 inde
952 1349 1049 1405 sentit.
1075 1357 1096 1383 ‘⁴
1106 1350 1236 1424 Aspicere

142 1462 236 1508 autern
258 1460 351 1524 partes
381 1449 476 1505 minus
502 1449 646 1517 honestas,
670 1449 721 1507 sed
746 1448 823 1507 haud
849 1457 945 1524 turpes
971 1445 1115 1514 mulieris,
1138 1445 1237 1504 scssicct

142 1555 251 1625 pectus,
265 1547 388 1613 brachia,
399 1566 490 1615 crura,
505 1547 619 1605 secluso
630 1549 758 1623 periculo
770 1549 877 1624 lapsus,
896 1554 925 1604 et
937 1543 1025 1602 modo
1040 1554 1174 1621 aspectus
1187 1562 1236 1601 non

142 1647 180 1705 sit
192 1644 351 1713 diuturnus,
365 1645 401 1703 de
420 1664 452 1703 se
466 1665 523 1704 non
537 1657 581 1703 est
593 1639 758 1714 mortale,”¹
772 1646 902 1720 quamvis
925 1642 1009 1700 facile
1029 1643 1153 1701 mortale
1165 1642 1234 1700 sitin

143 1746 297 1822 aspiciente
311 1745 390 1803 valde
404 1745 439 1803 ad
451 1763 582 1804 venerem
595 1745 725 1822 proclivi.
767 1754 788 1780 ‘⁴
797 1745 934 1821 aspicere
954 1742 1082 1816 picturas
1096 1743 1235 1800 obscenas

143 1856 252 1903 tantum
265 1863 302 1902 ex
315 1846 487 1912 curiositate,
508 1864 566 1904 non
585 1853 628 1901 est
645 1844 772 1911 mortale,
793 1844 819 1900 si
838 1840 987 1901 delectatio
1008 1841 1113 1917 turpis,
1137 1841 1234 1917 atejus

144 1942 303 2018 periculum
326 1936 447 2002 absit.'’²
487 1945 622 2002 Morosus
642 1953 737 2000 tamen
757 1952 889 2020 aspectus
902 1938 1105 2018 pudendorum
1119 1938 1235 1998 mulieris

144 2039 262 2117 depictae
277 2043 325 2099 vix
339 2050 518 2099 excusatura
536 2041 656 2110 mortali,
671 2060 758 2114 quum
773 2041 892 2118 periculi
905 2039 1015 2116 plenus·
1023 2039 1070 2095 sit

186 2142 253 2197 lot.
276 2140 372 2197 Verba
393 2142 485 2216 turpia
506 2142 631 2218 pmserre
655 2141 700 2198 vel
723 2139 819 2197 audire
845 2140 882 2197 ob
902 2154 1006 2195 vanum
1027 2136 1174 2202 solatium,
1192 2151 1236 2190 seu

140 2240 250 2315 jocum,
261 2237 380 2298 venialis
394 2239 493 2298 saltem
507 2240 591 2317 culpa
603 2248 665 2297 est:
681 2237 806 2299 mortalis
820 2249 925 2304 autem,
934 2237 960 2293 si
974 2234 1185 2312 proferentibus
1197 2230 1235 2289 rel

145 2335 321 2395 audientibus
334 2340 392 2396 sint
403 2340 515 2395 occasio
528 2357 623 2413 prava
636 2337 828 2395 delectationis
839 2345 867 2394 et
875 2336 963 2394 ruinae
977 2334 1146 2410 spiritualis.
1176 2330 1237 2390 Ideo

145 2435 393 2508 vixaculpagravi
408 2437 538 2492 excusari
556 2444 675 2510 possunt
683 2435 731 2507 qui
741 2454 838 2493 coram
847 2432 1078 2492 adolescentibus
1088 2429 1237 2507 presertim

145 2529 181 2585 de
190 2531 278 2595 coitu,
293 2531 338 2584 vel
346 2529 486 2603 pudendis
500 2531 613 2585 alterius
627 2549 716 2589 sexus
731 2542 860 2597 tractant,
871 2531 998 2588 maxime
1012 2528 1130 2601 quando
1143 2526 1238 2586 diutiu-

145 2644 213 2684 num
227 2626 258 2683 fit
271 2625 306 2682 de
320 2626 355 2682 iia
368 2625 554 2698 colloquium.
596 2626 668 2691 Qum
683 2636 776 2683 autern
790 2630 881 2686 obiter
903 2626 1035 2685 dicuntur
1047 2626 1172 2684 venialia
1183 2640 1238 2681 esse

145 2734 275 2801 possunt.
317 2722 397 2782 Idem
411 2723 562 2783 dicendum
575 2723 610 2781 de
624 2723 772 2782 cantilenis
786 2725 946 2791 obscoenir3
970 2725 1086 2782 sienim
1101 2722 1182 2780 valde
1194 2724 1239 2779 iur-

147 2825 253 2900 pellant
265 2823 301 2882 ad
315 2842 458 2892 venerem,
473 2843 522 2881 eas
536 2832 692 2889 canentes,
707 2822 753 2880 vel
766 2843 831 2882 cum
846 2823 988 2899 voluptate
1003 2820 1162 2889 audientes,
1183 2837 1239 2896 pec·

146 2933 240 2979 catum
254 2923 371 2979 mortale
385 2923 550 2980 admittunt:
572 2924 596 2980 si
619 2923 719 2980 leviter
736 2923 794 2979 sint
812 2924 964 2988 obserans,
980 2920 1102 2978 venialis
1115 2921 1170 2976 erit
1182 2936 1240 2975 can·

147 3020 264 3075 tantiam
275 3019 367 3096 culpa,
376 3019 531 3078 dummodo
539 3022 657 3078 interius
667 3021 721 3077 sibi
732 3039 789 3077 non
799 3020 995 3096 complaceant
1005 3021 1034 3076 in
1045 3020 1131 3075 rebus
1141 3018 1238 3092 pravis.

145 3115 164 3175 J
167 3126 290 3175 aetantes
305 3136 356 3175 sua
370 3116 477 3193 flagitia
497 3117 638 3194 duplicem
659 3129 766 3176 reatum
780 3119 863 3178 sacile
877 3116 1056 3184 contrahunt,
1074 3135 1162 3189 quum
1177 3115 1240 3171 alios

146 3217 272 3275 excitent
285 3215 320 3273 ad
329 3217 515 3294 peccandum,
529 3226 558 3275 et
570 3219 599 3276 in
609 3218 668 3274 suis
677 3218 800 3295 peccatis
809 3219 862 3275 sibi
873 3216 1081 3292 complaceant
1104 3214 1241 3290 Legeutes

145 3317 232 3374 libros
252 3317 402 3376 obscoenos
424 3318 546 3394 graviter
563 3327 690 3394 peccant,
714 3319 826 3389 quotics
849 3316 939 3391 turpis
962 3313 1160 3372 delectationis
1181 3311 1241 3370 iude

146 3416 235 3473 oritur
247 3417 410 3491 proximum
423 3417 589 3492 periculum,
605 3415 681 3488 quod
695 3418 744 3473 vix
758 3415 912 3491 juvenibus
936 3413 1026 3471 deest.
1070 3413 1241 3473 Scribcntes

147 3513 353 3585 imprimentes,
369 3515 534 3583 vendentes,
556 3525 585 3572 et
606 3514 819 3573 commodantes
843 3511 1010 3589 hujusmodi
1032 3511 1122 3570 libros
1135 3509 1241 3587 peccati

148 3608 243 3684 gravis
258 3609 297 3664 rei
312 3619 385 3665 sunt.

190 3709 255 3763 105.
278 3705 413 3763 Luxuriae
439 3708 537 3765 vitium
565 3711 722 3767 coecitatem
749 3713 853 3769 mentis
880 3710 961 3786 parit,
989 3727 1057 3766 nam
1085 3706 1243 3765 “animalis

147 3807 234 3866 homo
248 3825 305 3865 non
315 3806 436 3882 percipit
448 3823 481 3862 ea
495 3825 557 3878 qum
571 3817 637 3863 sunt
647 3807 772 3883 Spiritus
787 3808 860 3868 Dei:
882 3808 1001 3865 stultitia
1014 3808 1090 3865 enim
1110 3816 1155 3863 est
1166 3805 1207 3863 illi
1219 3815 1245 3860 et

146 3925 205 3965 non
219 3917 311 3983 potest
324 3906 495 3984 intelligere:
518 3906 584 3978 quia
593 3906 774 3983 spiritualiter
787 3899 1015 3966 examinatur.”³
1057 3914 1076 3941 ‘⁴
1089 3900 1243 3966 Stultitia,”

254 4115 290 4173 (l)
310 4112 337 4159 S.
349 4110 499 4176 Alphonsur,
511 4112 527 4161 l.
537 4112 572 4162 iii.
585 4126 610 4160 n.
621 4110 679 4158 42³.
878 4112 920 4176 (2)
940 4109 1040 4167 Ibidem,
1052 4124 1077 4158 n.
1091 4109 1151 4156 424.

579 4194 619 4260 (³)
641 4195 652 4242 l
673 4194 730 4244 Cor.
741 4194 766 4244 ii.
779 4195 818 4243 14.
