2744 4980
200 413 228 468 iv
617 405 851 464 PRAEFATIO.

206 574 382 659 Servitus,
411 594 492 666 quae
510 576 566 642 tot
590 572 627 641 in
647 569 811 642 Statibus
837 572 944 665 viget,
970 579 1090 644 utrum
1116 573 1233 661 liceat,
1261 583 1298 646 et

204 728 285 800 quae
312 707 385 775 sint
410 726 595 775 servorum
621 709 658 773 et
683 703 910 774 dominorum
938 727 1088 775 munera
1112 706 1295 801 explicare

205 847 369 935 oportet:
398 841 443 911 de
466 839 596 934 quibus
613 840 651 909 in
675 838 936 909 recentioribus
963 807 1132 934 ope'ribus
1158 841 1296 914 theolo-

204 973 294 1068 gicis
310 972 519 1067 plerumque
536 970 671 1056 siletur,
691 994 798 1064 quum
818 966 1002 1042 Ecclesiae
1029 994 1137 1066 opera
1155 974 1297 1046 sublata

202 1106 249 1174 sit
273 1128 295 1173 a
318 1104 481 1199 pluribus
506 1101 649 1174 saeculis
677 1102 714 1171 in
739 1097 901 1195 Europa.
954 1101 1046 1173 Haec
1071 1103 1296 1199 plurimaque

202 1236 271 1306 alia
289 1236 382 1306 scitu
399 1233 604 1304 necessaria
630 1231 879 1302 demonstrant
903 1254 993 1324 opus
1019 1231 1063 1301 de
1093 1233 1297 1330 Theologia

202 1364 338 1438 Morali
359 1364 461 1437 valde
485 1361 700 1433 desiderari:
729 1361 950 1454 quodetiam
970 1361 1091 1455 plures
1115 1365 1294 1458 significa·

201 1503 285 1569 runt
298 1499 358 1590 qui
368 1497 485 1567 minus
500 1517 538 1565 sc
550 1493 712 1565 solicitos
726 1493 770 1563 de
783 1492 988 1588 dogmatum
999 1494 1165 1566 vindiciis
1175 1504 1295 1568 osten-

203 1626 340 1696 derant.
393 1623 437 1696 In
455 1647 545 1719 opus
565 1625 673 1717 igitur
689 1646 756 1716 pro
775 1622 894 1693 studio
907 1629 1030 1694 nostro
1044 1625 1095 1694 rei
1110 1620 1293 1698 Ecclesiae

200 1757 466 1851 promovendae,
481 1779 561 1826 curn
574 1754 674 1825 Cleri
686 1751 894 1824 Americani
905 1754 1058 1826 utilitate
1070 1757 1292 1850 etprosectu,

199 1888 433 1959 incubuimus.
488 1885 571 1958 Nec
588 1894 707 1956 tamen
734 1886 824 1956 adeo
841 1886 948 1958 nobis
964 1887 1237 1960 blandiebamur
1250 1896 1294 1962 ut

198 2023 403 2112 putaremus
432 2039 500 2087 nos
534 2038 641 2111 posse
677 2015 786 2087 veluti
821 2039 867 2087 ex
893 2016 1032 2112 tripode
1066 2016 1109 2086 de
1143 2019 1293 2113 singulis

199 2150 360 2245 proferre
387 2149 506 2282 quod
503 2149 651 2267 credili
666 2152 813 2265 ιᾷηεῖρπ
810 2172 942 2222 omnes
968 2153 1198 2246 exciperent:
1226 2152 1292 2223 sed

200 2285 359 2351 nostram
377 2264 703 2393 qunldncumque
690 2236 936 2404 opinationem
962 2281 1006 2352 de
1032 2281 1192 2376 plurimis
1209 2305 1292 2376 quae

198 2437 262 2508 per
275 2436 388 2484 annos
402 2397 591 2528 plusquam
598 2399 764 2520 vrgmfi
738 2429 779 2484 m
798 2416 889 2484 sacri
914 2416 1100 2486 ministerii
1117 2418 1292 2487 exercitio

197 2548 302 2619 nobis
328 2554 582 2652 occurrerunt,
579 2557 668 2644 leam.
679 2547 824 2631 militat
825 2570 880 2618 em
906 2548 1108 2621 habituram
1136 2553 1293 2644 speravi·

195 2703 284 2766 mus,
300 2685 340 2750 ut
356 2701 414 2749 res
440 2630 593 2773 diligent
588 2653 645 2748 ils
659 2642 888 2772 dispenderet
888 2702 942 2764 ur,
962 2685 998 2749 et
983 2679 1072 2772 tdij
1075 2680 1289 2752 udicaretur

201 2809 377 2882 Omnem
369 2834 406 2882 1n
423 2832 467 2880 eo
484 2811 668 2903 posuimus
681 2831 825 2902 operam
844 2816 884 2880 ut
869 2809 943 2882 ts.
958 2809 1112 2882 Thomae
1130 2835 1150 2880 c
1168 2811 1293 2883 schola

195 2944 317 3028 veteri,
346 2948 382 3012 et
408 2941 448 3012 S.
469 2937 647 3034 Alphonsi
675 2962 720 3011 cx
750 2942 942 3011 recentiori
971 2947 1152 3012 uteremur
1182 2942 1291 3014 docu-

195 3076 334 3158 mentis,
353 3078 390 3142 et
413 3094 459 3142 ex
486 3073 529 3143 iis
548 3069 633 3163 quid
659 3070 703 3140 de
730 3071 878 3165 singulis
899 3072 1042 3143 casibus
1063 3072 1289 3144 sentiendum

197 3205 244 3274 sit
258 3200 514 3296 colligeremus.
556 3199 664 3293 Saepe
678 3198 822 3292 quidem
837 3199 1127 3286 acatholicorum,
1139 3224 1290 3295 praeser·

195 3336 258 3405 tim
276 3331 569 3426 Anglicanorum,
588 3331 793 3400 testimonia
818 3329 864 3400 ad
879 3333 1020 3425 paginae
1048 3331 1180 3402 calcem
1207 3331 1290 3402 sub-

189 3466 355 3556 jecimus
371 3485 478 3554 quum
493 3464 595 3552 juvet
606 3481 685 3552 quae
701 3483 788 3531 sana
799 3460 843 3531 ab
858 3463 901 3532 iis
916 3464 1037 3556 agnita
1052 3469 1136 3532 sunt
1149 3485 1289 3533 morum

195 3597 369 3692 principia
401 3615 476 3689 prae
511 3592 624 3663 oculis
649 3615 795 3688 ponere,
830 3601 870 3664 ut
901 3597 1007 3667 animi
1034 3593 1079 3664 ad
1113 3597 1288 3689 integram

195 3730 231 3799 in
257 3724 422 3796 omnibus
442 3722 670 3796 concordiam
695 3722 939 3818 disponantur.
992 3723 1288 3816 Jurisperitorum

195 3859 444 3952 usurpavimus
473 3856 579 3925 etiam
613 3853 719 3939 dicta,
746 3856 847 3925 utin
875 3853 1015 3949 legibus
1041 3853 1214 3939 civilibus,
1249 3862 1287 3924 et

188 3988 281 4082 juris
315 3990 464 4072 ratione,
494 3983 699 4056 sacerdotes
727 4007 799 4055 non
833 3986 905 4055 sint
933 3986 1080 4055 omnino
1105 3983 1285 4079 hospites:

195 4145 287 4215 quos
319 4128 437 4191 tamen
471 4124 676 4189 sanctorum
710 4122 850 4211 patrum
884 4115 1111 4188 documentis
1143 4119 1283 4202 instrui,

194 4259 232 4322 et
252 4251 438 4335 inhaerere,
457 4251 637 4343 praecipue
656 4247 768 4319 decct.
823 4245 912 4319 Non
934 4246 1138 4318 dubitamus
1152 4248 1288 4342 pleros·
