2744 4980
14 4338 93 4483 0

188 408 228 461 26
269 401 326 459 DE
348 398 529 458 ncTUUM
551 397 832 456 HUMANORUM
853 395 1014 456 Monam
1034 395 1198 455 SPECIE.

191 566 299 631 vitium,
315 564 390 637 quod
403 565 510 620 crimen
524 562 633 629 dicitur,
648 564 707 618 sive
730 569 875 637 peccatum
895 560 1022 626 mortale,
1037 560 1125 617 inficit
1137 561 1286 618 universa·

190 664 254 722 liter
266 675 343 720 actus
357 663 481 720 hominis
504 662 614 727 vitiosi3
636 662 677 717 sie
697 662 782 717 virtus
802 660 925 717 vivificat
943 677 1042 715 omnes
1065 670 1141 716 aetus
1156 659 1286 716 hominis

191 757 355 820 viruosi.’'¹
388 760 509 818 Constat
522 779 537 816 e
551 771 656 825 contra,
671 778 707 815 ex
722 759 916 834 theologorum
930 775 1081 823 consensu,
1096 759 1175 833 pium
1189 757 1286 815 homi·

192 880 258 918 nem
280 858 430 931 aliquando
450 878 565 934 peccare
589 858 750 923 venialiter;
774 866 949 932 peecatorem
973 868 1065 913 alitem
1085 867 1163 913 actus
1185 857 1285 931 plures

193 959 295 1016 elicere
319 957 402 1033 culpa
423 967 566 1014 carentes:
591 956 640 1012 sed
662 975 718 1012 non
739 956 803 1012 ideo
826 965 902 1011 aetus
916 955 1016 1026 aliquis
1031 953 1227 1029 agnoscendus
1242 965 1287 1009 est

194 1059 242 1130 qui
267 1057 343 1113 omni
367 1066 447 1112 vacet
472 1064 537 1112 nota
559 1055 668 1119 morali,
683 1066 765 1129 prout
786 1054 894 1112 elicitur
916 1054 952 1110 ob
974 1054 1060 1110 finem
1084 1052 1217 1109 idoneum
1240 1052 1285 1108 vel

194 1168 314 1231 turpem.
369 1153 512 1225 Equidem
540 1154 736 1228 Hieronymus
762 1154 817 1208 ait:
853 1152 994 1208 “Bonum
1026 1163 1069 1207 est
1093 1151 1285 1214 continentia3

194 1255 299 1312 malum
313 1264 356 1309 est
367 1254 488 1310 luxuria.
511 1252 587 1310 lnter
600 1261 749 1323 utrumque
763 1250 926 1307 indifferens
935 1251 1092 1315 ambularc;
1108 1292 1115 1305 .
1131 1292 1138 1305 .
1155 1292 1162 1306 .
1179 1292 1185 1306 .
1216 1248 1286 1306 Hoc

195 1371 249 1409 nee
262 1353 377 1417 bonum,
392 1370 445 1407 nce
458 1351 564 1407 malurn
584 1360 643 1406 est:
667 1352 727 1406 sive
748 1350 823 1406 eninr
837 1349 946 1413 seceris,
961 1350 1021 1405 sive
1034 1368 1091 1405 non
1104 1348 1215 1413 seceris,
1231 1366 1286 1404 nee

98 1528 101 1533 Ι
137 1446 145 1459 “’
191 1451 330 1527 justitiam
350 1450 475 1515 habebis,
497 1468 549 1505 nee
571 1443 784 1524 injustitiam.'’²
822 1447 894 1504 Haee
917 1446 951 1502 de
973 1447 1157 1503 ambulatione
1177 1448 1230 1502 rite
1245 1446 1287 1502 di·

196 1560 305 1615 cuntur,
320 1567 385 1604 nam
399 1567 435 1604 ex
450 1567 483 1605 ea
496 1567 548 1604 nee
557 1547 666 1623 justitia
679 1566 731 1604 nec
744 1546 879 1622 injustitia
892 1544 1047 1602 derivatur:
1068 1564 1120 1601 nec
1130 1544 1194 1601 ideo
1204 1545 1286 1601 omni

196 1658 271 1704 caret
292 1659 356 1703 nota
379 1646 488 1712 morali,
503 1647 528 1702 si
549 1646 624 1702 enirn
645 1647 708 1717 quis
729 1644 850 1702 ambulet
869 1643 903 1699 ad
923 1644 1071 1702 honestam
1093 1644 1177 1700 animi
1191 1643 1288 1700 oblec-

198 1747 341 1810 tationem,
365 1756 442 1802 actus
465 1745 555 1800 bonus
578 1753 630 1810 est,
655 1744 783 1815 quamvis
802 1743 939 1818 justitiam
962 1761 1018 1799 non
1042 1741 1106 1798 inde
1129 1751 1287 1817 comparet,

198 1844 333 1916 qrramdiu
347 1844 411 1900 finis
425 1843 571 1900 sublimior
584 1841 671 1898 deest.
700 1841 842 1898 Cae‘terum
862 1841 886 1895 si
906 1840 1027 1897 ambulet
1040 1841 1103 1913 quis
1116 1839 1150 1895 ad
1164 1852 1288 1915 egrotos

199 1941 371 2008 invisendos,
396 1941 528 1997 charitate
552 1941 723 2014 impellente,
750 1941 801 1995 erit
826 1948 903 1994 actus
929 1958 986 1995 non
1013 1949 1117 1995 tantum
1143 1938 1290 1995 moraliter

198 2041 299 2106 bonus,
314 2038 462 2094 sedetiam
477 2038 704 2112 supematnralis
745 2037 777 2093 Si
800 2036 924 2093 ambulet
945 2036 1092 2094 adranam
1107 2039 1151 2094 sui
1164 2046 1289 2094 ostenta·

198 2139 315 2203 tionem,
330 2137 382 2193 erit
395 2136 502 2201 malns3
527 2137 585 2192 imo
604 2137 723 2210 graviter
736 2134 901 2212 culpandus
916 2136 940 2191 si
953 2135 1069 2192 insidias
1083 2136 1179 2192 alienae
1193 2136 1289 2191 virtuti

193 2237 343 2293 sicstruat.

236 2338 284 2392 39.
309 2335 383 2391 Sunt
405 2337 455 2406 qui
478 2333 652 2392 contendunt
672 2355 738 2392 cum
758 2335 974 2410 Augustinianis
995 2352 1108 2392 omnem
1135 2343 1229 2390 aetum
1255 2333 1289 2389 ad

198 2431 294 2489 Deum
315 2432 504 2498 referendum,
526 2433 596 2490 adeo
616 2443 648 2490 ut
669 2434 779 2491 delectu
800 2434 876 2500 finis,
891 2443 978 2498 actus,
993 2433 1119 2505 alioquin
1138 2432 1289 2497 honestus,

198 2532 282 2606 eulpa
302 2532 405 2588 veniali
427 2531 584 2588 inficiatur:
614 2532 689 2604 quod
713 2552 750 2589 ex
773 2534 836 2607 ipsa
859 2532 1016 2588 necessaria
1038 2550 1131 2589 rerum
1158 2532 1289 2588 omnium

198 2640 352 2687 creatarum
369 2629 403 2686 ad
418 2638 560 2687 auctorem
585 2649 751 2707 supremum
774 2632 908 2687 relatione
930 2631 1059 2707 probant,
1074 2641 1102 2687 ct
1122 2649 1159 2685 ex
1173 2632 1290 2688 recitato

199 2730 331 2805 Apostoli
353 2731 525 2786 testimonie.
569 2729 628 2786 Sed
649 2729 683 2786 ad
705 2729 799 2787 Deum
824 2731 886 2805 ipsa
908 2748 960 2787 sua
979 2731 1007 2786 vi
1022 2742 1049 2785 et
1062 2729 1293 2786 naturarcsertur

199 2839 278 2886 actus
301 2829 395 2886 omnis
417 2829 521 2904 probus
545 2837 573 2883 et
595 2829 742 2895 honestae,
766 2828 886 2899 ideoque
914 2829 1025 2901 quoties
1049 2847 1134 2903 pravo
1154 2827 1211 2884 sure
1232 2847 1290 2885 non

197 2928 320 2992 vitiatur,
335 2927 423 3002 eulpa
436 2927 547 2984 videtur
560 2946 664 2984 carere.
707 2927 791 2993 Quod
805 2926 838 2982 ad
852 2927 1021 3002 Apostolum
1036 2928 1141 2991 attinet,
1155 2927 1185 2984 in
1200 2946 1235 2983 eo
1249 2939 1292 2982 est

198 3035 231 3082 ut
241 3024 342 3081 'fideles
357 3036 470 3082 moneat
484 3025 627 3098 quomodo
640 3027 765 3083 libertate
779 3044 831 3081 sua
843 3025 897 3082 srui
912 3034 1038 3101 oporteat
1051 3026 1155 3095 absque
1170 3026 1290 3083 aliorum

200 3122 360 3182 offensione
381 3125 409 3180 in
433 3123 598 3198 idolothytis
619 3123 833 3190 manducandis,
853 3136 885 3180 ut
904 3124 962 3201 Del
980 3125 1069 3201 gloria
1086 3143 1143 3199 pree
1158 3125 1292 3181 omnibus

201 3221 367 3289 attendatur,
381 3241 435 3279 nec
450 3223 519 3295 quid
537 3223 593 3289 liat,
608 3223 734 3279 ciborum
755 3224 914 3289 occasione,
936 3220 1012 3294 quod
1032 3223 1061 3280 in
1081 3223 1191 3279 ruinam
1211 3223 1293 3279 cedat

200 3323 367 3380 animamur.
396 3321 464 3379 ldco
479 3323 585 3400 pergit:
603 3332 621 3357 ‘⁶
631 3323 701 3379 Sine
715 3322 873 3379 offensione
884 3332 971 3378 estote
982 3319 1100 3387 Judaeis,
1111 3333 1139 3378 et
1152 3323 1291 3397 gentibus,

200 3431 229 3477 et
242 3421 382 3478 Ecclesiae
398 3416 502 3478 Dei.'’³

242 3522 291 3574 40.
314 3520 459 3576 Externus
480 3528 567 3583 actus,
589 3537 675 3590 quum
696 3539 711 3574 a
732 3519 872 3575 voluntate
894 3528 978 3575 totam
998 3538 1078 3576 suam
1099 3519 1234 3578 malitiam
1248 3520 1293 3576 vel

201 3616 354 3672 bonitatem
375 3615 491 3682 derivet,
509 3633 564 3692 per
585 3634 697 3672 secam
718 3635 775 3673 non
796 3627 893 3691 auget:
914 3617 1080 3691 plerumque
1096 3628 1188 3676 tamen
1208 3637 1244 3675 ex
1259 3637 1294 3674 eo

203 3714 398 3771 vehementior
418 3714 568 3771 voluntatis
588 3713 704 3770 affectus
725 3716 884 3780 innotescit,
906 3725 990 3772 etex
1014 3717 1153 3792 adjunctis
1167 3726 1293 3792 augetur.

203 3813 260 3878 Qui
282 3831 396 3888 pravam
419 3813 591 3887 voluptatem
612 3813 707 3869 animo
728 3814 899 3890 concupivit,
922 3815 983 3890 jam
1005 3815 1133 3873 adulterii
1153 3816 1183 3872 in
1209 3814 1294 3873 corde

202 3929 266 3969 reus
286 3922 337 3980 est,
361 3911 477 3969 Christo
500 3912 538 3968 ita
561 3903 712 3968 docente:⁴
731 3909 782 3968 sed
802 3914 837 3980 si,
861 3915 1011 3971 occasione
1032 3915 1132 3981 oblata,
1147 3933 1219 3989 opus
1236 3932 1295 3972 non

403 4112 445 4177 (1)
466 4109 537 4174 Prop.
551 4110 599 4160 xvi.
614 4109 639 4158 in
652 4108 717 4159 Sese.
729 4126 770 4159 xr.
783 4109 860 4187 Cone.
873 4109 958 4161 Const

402 4196 443 4260 (Ξ)
463 4195 511 4258 Bp.
523 4195 598 4244 lxxiv.
610 4195 639 4244 ad
652 4196 829 4259 Augustinum.
849 4198 854 4207 “
933 4194 975 4262 (3)
998 4199 1009 4244 l
1024 4195 1082 4246 Cor.
1094 4196 1165 4248 x.³·2.

406 4282 448 4345 (t)
470 4281 539 4330 Matt.
551 4296 574 4329 r.
584 4281 625 4329 28.
