2744 4980
431 407 488 466 DE
509 406 650 466 SEXTO
671 407 922 468 PRAECEPTO.
1163 418 1220 475 120

128 583 154 630 et
165 571 260 630 adhuc
274 572 351 649 spnd
363 573 468 631 inferos
489 575 589 649 punire
609 574 709 650 pergit.
752 572 929 654 Imperfectus
948 575 1085 634 sodomia
1105 589 1220 638 vocatur

129 673 215 730 coitus
230 690 418 747 personarum
430 670 536 730 diversi
549 690 636 730 sexus
649 683 728 729 extra
741 672 866 730 debitum
881 693 940 731 vas.
982 675 1217 735 Animadvertunt

130 770 251 846 theologi
265 770 471 828 confessarium
485 790 542 828 non
555 770 657 828 debere
677 772 846 847 interrogare
866 774 1051 847 poenitentem
1071 794 1129 846 quo
1142 775 1216 843 loco,

130 869 170 926 rel
184 868 341 941 quomodo,
361 879 440 926 extra
461 888 511 926 vas
530 870 644 927 coierit:
665 869 769 927 sufficit
788 871 865 927 enim
884 889 968 928 nosse
989 891 1055 930 eum
1075 882 1155 931 extra
1167 892 1217 930 vas

129 970 229 1025 coisse.
272 968 347 1024 Satis
361 968 445 1025 etiam
459 986 490 1025 se
510 977 643 1025 accusant
656 968 777 1043 juvenes
798 970 847 1040 qui
860 967 958 1026 dicunt
970 988 1001 1028 se
1014 991 1079 1029 cum
1093 972 1155 1029 aliis
1171 973 1217 1048 ju·

129 1066 245 1123 renibus
255 1065 469 1124 concumbendo
480 1085 623 1142 peccasse,
634 1068 704 1138 quin
713 1076 807 1125 utrum
820 1068 904 1142 plene
914 1069 1041 1137 coierint,
1056 1070 1214 1145 explicant:

128 1162 205 1221 adest
216 1166 295 1222 enim
309 1165 338 1221 in
351 1166 552 1241 conjunctione
572 1163 689 1222 affectus
709 1165 907 1234 sodomiticus,
927 1167 962 1224 ad
983 1167 1138 1225 indebitum
1152 1187 1217 1226 sex·

125 1281 183 1319 um.
226 1263 360 1321 Polluere
373 1281 405 1319 se
418 1263 558 1340 tangendo
574 1282 705 1339 puerum,
726 1275 773 1321 aut
792 1264 939 1322 mulierem
959 1264 1156 1333 dormientem,
1171 1276 1218 1324 aut

126 1360 183 1419 doli
195 1362 371 1437 incapacem,
386 1372 434 1420 aut
446 1362 579 1438 pudenda
591 1363 754 1429 bestiarum,
768 1363 872 1434 absque
886 1364 1046 1432 concubitu,
1062 1383 1079 1420 a
1090 1365 1215 1440 simplici

127 1460 282 1535 pollutione
295 1461 440 1518 nonnullis
453 1460 565 1518 differre
579 1479 636 1518 non
650 1461 769 1527 videtur,
790 1460 946 1519 dummodo
966 1463 1084 1520 abluerit
1096 1463 1215 1520 affectus

127 1557 160 1615 ad
174 1561 370 1617 concubitum:
393 1578 553 1636 quaproper
568 1560 636 1615 satis
655 1561 716 1617 fieri
728 1561 893 1617 existimant
906 1573 1046 1637 praecepto
1060 1562 1215 1619 consessio·

128 1659 180 1722 nis,
194 1658 220 1714 si
230 1659 294 1729 quis
308 1657 382 1714 dicat
395 1677 426 1714 se
439 1659 624 1734 pollutionem
639 1658 796 1716 admisisse.
838 1657 897 1714 Sed
910 1659 934 1715 si
948 1660 1027 1716 alteri
1041 1661 1123 1717 luerit
1136 1679 1215 1717 scan-

127 1755 200 1821 dalo,
213 1757 259 1814 vel
273 1757 298 1813 si
311 1757 425 1831 ligatam
445 1757 619 1814 matrimonii
632 1757 757 1824 vinculo,
772 1757 817 1814 vel
830 1758 899 1823 voti,
915 1758 1049 1832 tetigerit,
1064 1777 1138 1814 nova
1151 1756 1216 1814 inde

127 1865 245 1930 exurget
259 1854 371 1912 malitie
390 1855 512 1930 species.
555 1855 768 1931 Explicandum
781 1855 930 1920 asteriam,
947 1855 1031 1931 juxta
1050 1855 1213 1922 nonnullos,

126 1964 223 2010 utrum
236 1954 300 2032 quis
312 1952 394 2013 fiterit
412 1954 533 2029 patiens,
549 1954 592 2010 vel
606 1973 703 2028 agens,
723 1954 760 2011 ob
773 1955 864 2030 majus
884 1953 1046 2028 pollutionis
1060 1953 1218 2032 periculum

127 2053 155 2109 in
168 2061 280 2127 agente.
302 2051 438 2109 Sodomis
451 2053 524 2109 inter
536 2036 764 2128 consanguineos
777 2051 918 2109 staffines
932 2070 1023 2124 nsque
1037 2053 1071 2110 ad
1084 2062 1217 2126 quartum

128 2150 242 2226 gradum
257 2150 343 2208 habet
353 2151 480 2226 speciem
493 2152 628 2219 incestus,
643 2162 726 2227 prout
738 2151 823 2208 sentit
833 2151 865 2207 S.
876 2150 1042 2226 alphonsus
1052 2171 1117 2210 curn
1128 2145 1217 2216 aliis,¹

129 2251 193 2321 quia
205 2249 253 2307 lex
267 2249 408 2307 Ecclesiae
422 2268 485 2320 quae
505 2251 715 2308 matrimonium
735 2249 771 2306 iis
791 2248 911 2325 denegat
923 2250 959 2305 ob
979 2251 1124 2325 sanguinis
1138 2266 1217 2306 reve·

130 2349 255 2417 rentiam,
270 2367 385 2406 omnem
399 2349 486 2405 alium
500 2350 605 2406 coitum
619 2350 709 2424 magis
723 2347 872 2424 prohibere
892 2346 1034 2404 censenda
1046 2358 1098 2406 est.
1142 2346 1220 2404 Hinc

130 2447 209 2523 pueri
228 2447 450 2504 concumbentes
464 2448 590 2523 turpiter,
605 2447 707 2504 debent
720 2429 862 2521 suplicans
881 2456 974 2503 utrum
987 2464 1052 2502 curn
1067 2447 1160 2514 fratre,
1174 2443 1220 2502 vel

128 2546 312 2612 consobrinis,
320 2544 366 2601 vel
379 2545 480 2602 alicnis
502 2547 619 2604 omnino
632 2546 760 2603 coierint:
783 2551 802 2578 “
814 2544 855 2600 sic
868 2545 951 2601 ctiam
959 2543 1057 2603 dicunt
1067 2543 1218 2604 Salmanti-

130 2661 225 2700 oenses
239 2644 378 2701 incestum
393 2645 578 2709 committere,
594 2646 643 2716 qui
658 2643 792 2720 polluitur
807 2641 927 2699 lactibus
941 2643 1060 2719 alicujus
1073 2643 1219 2719 conjuncti

129 2743 155 2799 in
168 2750 268 2813 quarto
281 2741 401 2817 gradu.’'
444 2741 487 2799 lta
506 2742 538 2798 S.
553 2742 736 2817 Alphonsus:
760 2739 960 2798 “Notandum
980 2738 1045 2796 verb
1060 2751 1091 2797 ut
1109 2750 1218 2798 certum

130 2838 327 2915 explicandum
341 2858 405 2896 esse
418 2841 448 2898 in
461 2839 652 2907 consessione,
673 2841 698 2896 si
718 2837 848 2895 sodomia
867 2838 904 2894 sit
925 2837 1019 2894 habita
1032 2856 1098 2895 cum
1111 2837 1218 2895 violen-

129 2939 172 3004 tia,
188 2937 233 2994 vel
246 2958 311 2996 curn
331 2956 452 3013 persona
470 2939 554 3014 ligata
573 2948 639 2995 voto
659 2936 804 3002 castitatis,
825 2944 854 2992 et
865 2937 982 3010 insuper
995 2936 1020 2992 si
1039 2955 1104 2993 cum
1118 2938 1216 3013 conju·

130 3046 205 3112 gata;
227 3037 295 3109 qnia
307 3036 378 3093 fides
392 3037 563 3094 matrimonii
577 3037 707 3113 postulat,
727 3046 759 3092 ut
778 3034 884 3110 conjux
904 3034 981 3091 nullo
994 3035 1145 3092 concubitu
1158 3054 1217 3093 car·

132 3153 194 3192 nem
208 3154 291 3192 suam
304 3154 370 3193 curn
383 3135 444 3192 aliis
458 3129 612 3192 dividat'’²

169 3238 236 3290 150.
265 3233 419 3292 Sodomita
438 3235 503 3309 jure
526 3235 604 3292 civili
626 3233 815 3309 puniebantur
835 3230 968 3287 flammis.
1009 3230 1094 3287 Bulla
1114 3231 1146 3287 S.
1172 3231 1217 3287 Pii

132 3331 166 3388 V.
177 3332 300 3390 declarat
312 3342 369 3389 tam
382 3333 501 3390 clericos
515 3351 601 3405 qnam
610 3333 698 3389 laicos
712 3330 873 3404 Religiosos
884 3326 1042 3385 sodomiam
1053 3338 1218 3385 exercentes

130 3432 206 3489 otnni
220 3431 369 3506 privilegio
392 3431 525 3499 clericali,
541 3431 647 3496 officio,
662 3428 801 3487 beneficio
816 3424 927 3501 privari.
971 3425 1069 3483 Poenae
1093 3425 1137 3482 hae
1156 3427 1220 3484 latts

129 3531 272 3587 sententiae
287 3529 426 3598 videntur,
445 3529 496 3586 sed
518 3548 592 3605 opus
615 3538 658 3585 est
673 3526 862 3585 declaratione
872 3523 979 3600 judicis
1003 3545 1060 3598 qua
1082 3542 1129 3582 eas
1150 3542 1216 3582 con·

130 3639 229 3685 tractas
242 3646 306 3686 csse
320 3637 444 3695 constet3
466 3638 532 3686 sunt
544 3629 621 3685 enirn
635 3626 706 3686 adeo
719 3644 820 3702 graves
833 3634 865 3681 ut
884 3641 969 3681 nemo
989 3625 1019 3682 in
1038 3642 1069 3680 se
1089 3643 1137 3681 eas
1157 3643 1219 3681 sus·

133 3729 225 3802 cipere
239 3737 398 3784 censeatur.

171 3829 238 3883 151.
270 3825 441 3890 Bestialitas,
463 3844 515 3882 seu
539 3827 631 3883 coitus
657 3824 783 3882 hominis
809 3841 875 3880 cum
900 3820 999 3886 bestia,
1026 3821 1150 3876 immane
1176 3829 1220 3874 est

130 3924 237 3980 facinus
264 3934 368 3982 naturae
395 3942 510 3999 prorsus
536 3925 717 3988 contrarium,
743 3921 820 3994 quod
845 3929 947 3977 catera
971 3917 1067 3975 omnia
1092 3915 1218 3973 libidinis

131 4021 236 4097 flagitia
255 4021 425 4098 turpitudine
439 4032 562 4097 superat.
604 4022 682 4096 Lege
706 4019 835 4077 Mosaica
848 4035 925 4075 mors
942 4034 990 4074 reo
1015 4008 1218 4089 irrogabaturt³

130 4119 191 4197 lege
215 4122 408 4178 ecclesiastica
429 4121 594 4196 penitentia
613 4120 796 4178 severissima
814 4117 884 4174 olim
904 4116 1030 4193 injuncta
1049 4122 1109 4170 est:
1133 4131 1219 4186 quam

235 4318 471 4387 (nunnus.
609 4318 651 4384 (a)
672 4314 770 4365 tarnem.
903 4312 945 4380 (a)
958 4311 1018 4363 nav.
1030 4327 1072 4363 xx.
1087 4315 1125 4360 15.

1300 4357 1315 4385 Λ
