2744 4980
131 371 194 426 2⁷2
295 360 354 423 DE
372 360 524 421 LEGUM
547 356 743 419 ClVlLlUM
763 353 1069 416 OBLIGATIONE.

133 537 286 606 preeunte,
300 544 399 585 omnes
413 526 491 602 leges
495 527 587 604 justas
600 523 804 583 conscientiam
816 521 906 599 ligare
925 511 1129 588 contendunt,¹
1145 539 1229 594 quum

133 628 258 704 legitima
271 635 409 702 potestate
422 623 546 684 feramur
559 623 594 681 ad
607 623 755 681 utilitatem
769 621 930 697 reipublicae
943 640 951 688 ς
966 621 1033 679 Deo
1046 623 1116 698 ipso
1129 622 1188 679 vim
1197 621 1228 678 iis

134 727 274 785 tribuente
299 743 337 782 ne
365 742 430 781 cum
456 720 626 780 detrimento
651 722 839 798 plurimorum
866 719 1054 796 negligantur.
1108 719 1225 798 “leges

135 825 233 902 positae
247 821 444 888 humanitus,”
458 822 551 895 inquit
564 821 596 877 S.
612 820 753 888 Thomas,
776 826 871 877 “sunt
879 818 964 893 justae
974 818 1022 875 vel
1035 820 1160 896 injuste.
1199 816 1228 875 Si

135 921 251 996 quidem
260 923 345 998 justoe
359 923 426 985 sint,
441 919 544 976 habent
557 920 615 978 vim
636 917 778 995 obligandi
800 918 830 975 in
850 918 912 976 soro
933 917 1120 975 conscientiae
1138 917 1226 993 alege

136 1032 239 1079 eterna
252 1039 269 1076 a
282 1038 338 1093 qua
351 1018 523 1087 derivantur,
536 1017 692 1077 secundum
705 1015 774 1074 illud
798 1017 883 1074 Prov.
898 1015 957 1072 viii.
1000 1016 1078 1075 ‘Per
1092 1034 1141 1075 me
1154 1033 1226 1092 reges

136 1128 265 1196 regnant,
279 1129 308 1175 et
319 1118 415 1194 legum
429 1116 588 1175 conditores
597 1119 677 1194 justa
689 1112 864 1173 decernunt'
888 1112 1033 1172 Dicuntur
1046 1124 1143 1172 antem
1156 1114 1227 1192 leges

132 1221 218 1295 juste
232 1229 309 1274 etex
323 1216 390 1284 tine,
405 1214 519 1289 qnando
532 1216 641 1274 scilicet
659 1213 823 1273 ordinantur
845 1213 881 1271 ad
892 1213 999 1270 bonum
1012 1231 1187 1273 commune:
1206 1225 1230 1271 et

135 1336 173 1374 ex
186 1326 291 1383 actore,
306 1313 421 1388 qnando
434 1313 541 1371 scilicet
553 1314 600 1372 lex
614 1314 669 1371 lata
678 1332 736 1371 non
750 1311 864 1371 excedit
875 1320 1044 1388 potesmem
1058 1311 1193 1377 serentis;
1205 1324 1229 1370 et

135 1434 172 1473 ex
185 1415 287 1480 forma,
302 1395 419 1485 quando
430 1414 541 1471 seilicet
553 1412 710 1471 secundum
731 1411 920 1483 equalitatem
936 1410 1134 1487 proportionis
1147 1411 1230 1488 impo-

135 1523 240 1574 nuntur
249 1510 369 1570 subditis
383 1531 470 1570 onera
483 1513 512 1569 in
525 1511 623 1569 ordine
637 1509 672 1567 ad
685 1511 793 1568 bonum
807 1526 976 1567 commune:
991 1529 1059 1568 cum
1073 1511 1155 1569 enirn
1165 1528 1231 1568 nnus

137 1613 224 1670 borno
242 1612 282 1668 eit
301 1628 366 1686 pars
386 1610 585 1678 multitudinis,
609 1610 728 1682 quilibet
747 1609 835 1667 homo
854 1609 910 1666 hoc
930 1607 1026 1684 ipsum
1048 1607 1130 1682 quod
1148 1616 1234 1666 estet

139 1710 215 1783 quod
228 1709 323 1777 habet,
338 1721 382 1768 est
395 1707 602 1768 multitudinis:
624 1709 697 1771 sicut
709 1717 738 1766 et
750 1707 882 1780 quaelibet
894 1725 960 1784 pars
982 1706 1012 1765 id
1035 1706 1117 1781 qnod
1130 1719 1183 1774 est,
1196 1719 1234 1765 est

139 1811 243 1876 totius;
264 1807 340 1867 unde
361 1819 390 1867 et
409 1818 508 1866 natura
530 1806 645 1881 aliquod
666 1806 864 1865 detrimentum
884 1805 968 1864 insert
990 1807 1075 1883 parti,
1099 1817 1132 1864 ut
1152 1806 1235 1865 salvet

139 1919 239 1997 Qut.
282 1907 323 1966 Et
344 1906 500 1966 secundum
525 1908 580 1966 hoc
594 1907 672 1982 leges
685 1904 850 1984 hujusmodi
863 1923 949 1963 onera
962 1905 1236 1982 proportionabiliter

137 2007 299 2073 inferenter,
310 2009 395 2082 juatae
409 2017 484 2072 sunt,
499 2017 528 2063 et
540 2007 667 2082 obligant
680 2007 710 2064 in
724 2005 785 2063 soro
795 1997 1027 2062 conscientiae*
1049 2003 1235 2063 Gravissimis

137 2106 291 2163 rationibus
320 2105 393 2162 lranc
419 2106 588 2163 sententiam
610 2107 703 2163 munit
732 2097 911 2164 Suaresius.³
951 2106 1086 2162 Attamen
1113 2104 1236 2180 theologi

143 2204 273 2263 nonnulli
287 2205 413 2262 sentiunt
421 2203 498 2280 leges
513 2204 621 2272 civiles,
632 2205 788 2280 praesertirn
797 2220 860 2274 que
868 2220 968 2278 poenas
981 2204 1237 2280 transgressoribus

140 2305 287 2370 intentant,
302 2303 506 2361 conscientiam
520 2321 578 2361 non
591 2302 689 2379 ligare,
704 2319 791 2376 quum
805 2319 853 2358 cas
867 2301 988 2359 serentes
1001 2304 1072 2360 satis
1087 2303 1238 2360 habeantsi

140 2401 278 2460 officiales
293 2401 411 2459 mulctas
424 2403 541 2477 exigant
550 2402 585 2458 ab
599 2402 634 2459 iis
648 2402 696 2473 qui
710 2402 750 2458 rei
759 2400 867 2457 inventi
877 2400 989 2469 suerint,
1003 2401 1076 2459 iisve
1090 2401 1238 2474 aliasqnas

140 2499 186 2557 lex
201 2499 329 2557 decernit
341 2501 467 2574 irrogent
480 2517 596 2574 poenas:
619 2497 697 2570 quod
717 2500 842 2556 maxime
862 2498 1013 2558 dicendum
1034 2499 1126 2558 videri
1146 2510 1240 2576 posset

140 2598 175 2655 de
188 2599 298 2675 legibus
312 2598 342 2654 in
356 2597 474 2654 coetibus
489 2597 609 2672 publicis
623 2597 697 2664 latis,
712 2597 811 2669 quales
832 2597 907 2672 apud
928 2616 981 2656 nos
1001 2610 1077 2667 eunt,
1091 2601 1240 2658 nonenim

142 2698 322 2757 conscientie
337 2696 457 2755 multum
472 2695 563 2753 fidunt
574 2696 785 2773 legumlatores,
800 2695 850 2752 sed
869 2698 1080 2774 magistratibus
1094 2709 1124 2754 et
1137 2697 1243 2756 officia·

141 2797 216 2856 libus
231 2815 353 2871 quorum
367 2814 453 2872 opera
473 2795 551 2871 leges
574 2797 736 2854 executioni
757 2794 971 2855 demandentur.
1014 2796 1087 2856 llaec
1101 2798 1242 2857 sententia

143 2896 295 2954 admodum
307 2895 460 2971 probabilis
475 2904 618 2953 auctorum
632 2887 767 2953 numcr0⁴
780 2905 809 2951 et
826 2895 965 2953 rationum
986 2896 1124 2972 pondere,
1139 2896 1243 2955 Black·

140 2992 248 3051 stonio⁵
267 2994 409 3070 probatur,
433 2983 560 3051 Clrittio⁶
576 2994 695 3067 aliisque
721 2992 985 3053 contradicentibus.
1027 2995 1062 3054 ln
1085 2995 1151 3055 l'oro
1168 2995 1244 3054 civili

141 3229 208 3289 hold,
221 3245 247 3279 or
258 3238 283 3279 to
294 3228 382 3280 invade
394 3230 421 3280 it.
457 3229 491 3280 So
504 3231 554 3279 also
567 3230 592 3280 in
605 3229 689 3293 regard
702 3239 727 3280 to
738 3229 844 3280 natural
854 3229 943 3290 delier,
957 3230 1005 3281 end
1017 3230 1080 3281 such
1097 3230 1209 3281 offences
1219 3247 1247 3281 aa

142 3330 183 3363 ere
195 3317 263 3366 mela
274 3315 303 3366 in
314 3331 357 3366 se.-
376 3316 433 3366 bere
445 3332 480 3365 we
493 3332 531 3365 are
542 3315 624 3366 bound
638 3317 664 3365 in
676 3313 843 3366 conscience.”
862 3313 1031 3366 Blackstoue's
1042 3315 1144 3366 Corum.
1154 3316 1246 3367 lotrad.

143 3408 201 3447 rect.
213 3399 237 3457 2.
249 3416 275 3449 n.
288 3401 328 3448 58.

179 3483 190 3541 (
196 3483 221 3545 t)
242 3482 310 3532 Dens
322 3492 376 3546 post
388 3484 501 3547 Sylvium
515 3493 581 3535 tract
592 3484 622 3533 de
637 3485 740 3546 legibus,
751 3500 792 3548 qn.
802 3500 824 3531 v.
833 3499 857 3533 n.
869 3482 910 3534 ³³.

99 3538 167 3641 3*
177 3567 214 3622 (2)
237 3568 257 3611 1.
269 3569 292 3612 2.
302 3582 342 3627 qn.
353 3568 417 3616 xcvi.
431 3579 474 3616 ert.
486 3570 518 3617 iv.
554 3568 628 3635 Καρ.

132 3640 149 3655 ’“
179 3650 221 3713 (3)
241 3647 280 3697 De
292 3648 406 3711 Legibus,
419 3653 434 3699 l.
446 3653 480 3700 iii.
493 3668 513 3700 c.
525 3653 579 3700 xxi.

180 3734 222 3798 (4)
242 3733 345 3783 Navarr.
358 3733 439 3797 Cajet,
452 3733 554 3784 Maeaot.
566 3736 640 3785 etalii
652 3738 717 3801 apud
729 3738 754 3784 S.
767 3737 890 3803 Alpbons.
902 3741 918 3790 l.
931 3743 947 3791 i.
959 3757 983 3791 n.
998 3744 1053 3791 147.

180 3819 223 3882 (ὁ)
242 3824 258 3849 “
266 3816 296 3867 ln
308 3817 408 3866 relation
420 3829 445 3866 to
457 3818 526 3868 those
538 3818 600 3868 lawe
612 3819 694 3869 which
706 3821 790 3885 enjoin
808 3821 867 3886 only
879 3824 981 3887 positive
997 3823 1085 3884 dutiae,
1101 3823 1151 3874 end
1170 3824 1251 3875 forbid

144 3902 202 3966 only
215 3902 277 3953 suob
288 3901 372 3964 things
383 3917 410 3951 es
422 3918 461 3951 ere
474 3911 517 3951 not
529 3901 598 3953 meh
608 3903 638 3954 t'n
647 3918 681 3964 oe,
692 3904 736 3953 but
748 3901 816 3954 melo
823 3904 955 3971 prohibita
967 3908 1066 3971 merely,
1077 3906 1188 3958 without
1199 3923 1251 3972 any

145 3986 252 4036 mixture
264 3988 292 4036 ol
305 3988 381 4037 morel
393 3987 456 4049 guilt
467 3988 593 4050 annexing
604 4005 619 4039 e
630 3989 730 4053 penalty
743 3998 767 4039 to
779 4005 830 4039 non
842 3991 1002 4055 complienoe,
1012 3991 1069 4041 bere
1080 3991 1093 4041 1
1105 3991 1252 4057 approbend

146 4074 292 4121 conmissae
303 4073 325 4122 is
335 4088 370 4122 no
379 4072 470 4122 further
481 4073 624 4134 concerned,
634 4073 694 4124 than
705 4075 737 4139 by
745 4074 864 4149 directius
871 4092 885 4126 e
893 4075 1041 4128 submissiora
1049 4083 1075 4127 te
1086 4076 1129 4127 tbe
1138 4077 1252 4143 peneby,

148 4154 172 4201 in
186 4153 281 4202 caseos
294 4169 339 4204 onr
350 4155 438 4205 breech
450 4158 478 4205 ol
492 4157 560 4208 those
572 4156 656 4208 lew
695 4157 741 4208 Ubi
749 4173 835 4226 supra.

185 4237 231 4303 (b)
249 4236 353 4288 ibidem.
388 4240 457 4289 Note.
