2744 4980
186 422 224 477 64
536 414 592 473 DE
614 414 728 474 LEGE
750 414 921 474 VETERI.

186 582 281 640 datum
294 580 408 638 seduxit
430 599 486 649 me,
501 593 529 638 et
549 601 601 658 per
620 580 689 639 illud
712 571 862 637 oceidit.’'¹
904 579 982 638 Hinc
1009 578 1085 654 apud
1108 579 1280 654 Apostolum

185 680 285 739 dicitur
304 681 492 739 ministratio
505 681 623 747 mortis,
644 690 673 737 et
691 673 926 737 damnationis?
965 678 1088 736 Deleetu
1109 688 1202 735 autem
1224 698 1282 735 non

186 780 312 837 carebat:
356 781 464 837 “Nam
484 781 509 836 si
530 780 599 837 illud
619 780 697 854 prius
711 779 794 854 culpa
807 789 942 845 vacasset,
964 796 1022 836 nen
1042 779 1140 849 ntique
1163 777 1283 834 secundi

185 879 264 936 locus
285 871 530 950 inquireretur:”³
549 878 600 934 sed
620 877 689 933 nulli
709 877 935 952 patrocinabatur
953 878 1032 934 vitio.
1076 877 1148 942 Qua
1169 876 1282 933 duritiei

186 977 277 1035 cordis
290 976 457 1034 ludaeorum
470 974 681 1033 accommodata
700 976 730 1032 in
744 995 779 1032 ea
800 975 986 1050 reperiuntur,
1009 977 1132 1033 auctoris
1156 975 1281 1032 divinam

187 1075 366 1151 sapientiam,
381 1092 444 1145 qua
458 1076 549 1151 gentis
564 1073 652 1132 indoli
665 1092 696 1131 se
711 1073 920 1149 attemperabat,
935 1073 1137 1131 demonstrant.

228 1178 277 1230 20.
300 1173 371 1229 Tria
384 1182 590 1250 praeceptorum
603 1191 706 1249 genera
716 1172 955 1248 complectebatur
968 1173 1031 1230 Lex
1045 1170 1285 1237 Vetuamoralia

188 1290 302 1347 nempe,
318 1271 538 1330 caeremonialia
557 1280 586 1327 et
596 1268 789 1350 jurlicielio.⁴
831 1271 903 1336 Qua
924 1270 959 1328 ad
979 1290 1074 1329 mores
1088 1271 1285 1328 informandos

188 1371 337 1446 pertinent,
352 1381 379 1426 et
392 1372 455 1445 ipso
469 1380 572 1427 naturae
588 1371 653 1446 jure
667 1370 863 1445 injunguntur,
878 1369 1014 1446 decalogo
1035 1372 1180 1447 praecipue
1195 1370 1285 1446 expli·

187 1476 301 1533 cantum
324 1486 411 1539 quum
425 1470 504 1527 enim
525 1468 606 1526 Deus
626 1466 733 1525 videret
756 1468 889 1526 hemines
910 1469 970 1525 suis
990 1468 1193 1546 cupiditatibus
1214 1469 1285 1526 adeo

188 1567 327 1642 abreptos,
342 1577 373 1622 ut
386 1568 476 1641 prima
498 1568 583 1624 etiam
605 1585 717 1624 morum
737 1577 879 1643 praecepta
901 1568 1110 1634 conculcarent,
1125 1587 1168 1633 ea,
1185 1567 1286 1625 tabulis

187 1663 307 1740 lapideis
328 1665 473 1741 inscripta,
497 1665 598 1741 Moysi
618 1665 647 1722 in
669 1665 750 1723 Sinai
769 1676 864 1724 monte
886 1665 1006 1735 tradidit,
1030 1666 1137 1742 populo
1160 1667 1244 1723 altius
1260 1678 1288 1722 et

188 1780 265 1839 saepe
280 1764 493 1839 promulganda,
507 1783 543 1822 ne
557 1783 614 1838 qua
626 1783 677 1822 eos
691 1775 798 1822 teneret
811 1766 975 1842 ignorantia.
1018 1765 1063 1823 Ad
1076 1765 1168 1841 legem
1192 1775 1289 1822 tamen

189 1872 295 1921 naturae
309 1882 366 1920 non
380 1866 509 1938 pertinet,
523 1876 554 1921 ut
576 1864 698 1920 Sabbata
720 1866 878 1940 praesertim
892 1864 973 1922 Deus
994 1865 1109 1930 colatur,
1123 1884 1158 1920 ea
1178 1864 1287 1921 ratione

189 1979 274 2032 quam
297 1964 452 2036 prescribit
464 1961 633 2039 decalogum
656 1963 788 2034 quamvis
806 1964 856 2039 jus
877 1963 1001 2022 naturale
1016 1963 1111 2038 exigat
1123 1961 1218 2019 Deum
1240 1963 1288 2019 ali·

189 2058 301 2131 quando
309 2059 470 2118 colendum.
507 2061 720 2128 ceremoniae,
731 2081 781 2119 seu
790 2063 859 2120 ritus
871 2061 983 2121 colendi
991 2062 1097 2128 Deum,
1109 2060 1192 2118 tradit
1201 2063 1286 2118 etiam

189 2157 236 2213 lex
250 2158 279 2215 in
291 2159 362 2215 libro
376 2159 497 2217 Levitiei
510 2162 663 2237 praecipue.
705 2159 901 2219 ,iudiciorum
915 2159 1112 2236 verorcgulasr,
1129 2179 1287 2235 poenasque

190 2254 417 2329 delinquentibus
432 2258 604 2334 irrogandas,
618 2260 713 2316 statuit
726 2258 816 2326 Deus,
831 2279 901 2332 quas
921 2259 951 2316 in
966 2259 1082 2335 Moysis
1096 2259 1174 2315 libris
1188 2257 1286 2314 videre

190 2365 242 2411 est.
285 2355 358 2411 Haec
373 2366 466 2412 tamen
479 2368 621 2433 praecepta
630 2356 739 2433 judicia
751 2359 877 2430 ritusque
897 2359 1060 2432 spectantia,
1077 2358 1153 2414 solos
1168 2356 1289 2414 adstrin-

190 2453 293 2528 gebant
311 2453 447 2519 Judaeos;
469 2473 542 2526 quos
563 2455 669 2511 idcirco
687 2455 783 2512 beatos
803 2454 936 2528 predicat
958 2455 1091 2529 Moyses,
1112 2454 1288 2527 singularem

190 2569 258 2627 erga
270 2569 320 2607 eos
335 2551 391 2609 Dei
404 2552 605 2628 benignitatem
615 2561 643 2610 et
656 2551 866 2610 solicitudinem
880 2551 1084 2609 commendans
1097 2572 1104 2607 :
1127 2560 1147 2586 “
1158 2553 1229 2617 Qure
1245 2563 1290 2609 est

192 2649 269 2706 enim
283 2650 337 2706 alia
349 2669 420 2727 gens
434 2652 476 2709 sic
490 2652 606 2728 inclyta,
620 2650 761 2708 uthabeat
773 2653 966 2718 caeremonias,
977 2654 1110 2729 justaque
1128 2650 1246 2727 judicia,
1263 2664 1291 2708 et

192 2748 355 2807 universam
367 2750 461 2826 legem
475 2769 561 2822 quam
575 2770 628 2828 ego
646 2769 804 2827 proponam
817 2749 902 2807 hodie
922 2760 985 2808 ante
1006 2751 1105 2808 oculos
1119 2761 1229 2808 vestros
1240 2747 1290 2805 t”⁵

193 2855 212 2883 “
224 2848 292 2906 Nou
316 2848 383 2907 lecit
403 2849 526 2918 taliter,’'
549 2851 641 2922 inquit
662 2849 783 2916 Psaltes,
807 2858 825 2884 “
837 2851 915 2907 omni
930 2850 1048 2916 nationi,
1070 2860 1098 2906 ct
1113 2849 1225 2926 judicia
1237 2869 1289 2905 sua

192 2963 250 3003 non
276 2948 467 3006 manifestavit
487 2941 578 3006 eis.”⁶
597 2949 716 3006 Caeterae
740 2950 834 3020 itaque
863 2951 992 3008 nationes
1012 2960 1141 3025 poterant
1167 2948 1289 3005 salutem

191 3046 305 3117 assequi
319 3047 424 3118 absque
438 3048 534 3124 legum
555 3048 747 3105 Mosaicarum
768 3048 956 3115 observantia,
978 3046 1133 3106 dummodo
1153 3046 1289 3103 divinitus

191 3141 333 3201 illustrate
360 3144 446 3202 fidem
480 3146 661 3221 conciperent
686 3149 715 3205 in
748 3146 844 3205 Deum
870 3149 1007 3206 bonorum
1035 3154 1289 3209 remuneratorem,

192 3250 221 3297 et
233 3243 352 3300 salutem
365 3244 399 3300 ab
413 3245 477 3320 ipso
491 3264 542 3321 per
556 3244 789 3321 Redemptorem,
804 3244 949 3323 implicite
969 3246 1078 3312 saltem,
1093 3254 1291 3319 expectarent,

192 3339 328 3417 legesque
342 3355 485 3401 servarent
496 3344 625 3402 omnium
639 3344 770 3403 cordibus
779 3345 949 3421 insculptas:
972 3344 1039 3402 fidei
1049 3354 1142 3401 autem
1157 3344 1290 3401 veritates

191 3439 236 3497 eis
249 3459 300 3516 per
314 3442 397 3499 totius
410 3444 521 3518 generis
535 3443 653 3501 humani
668 3444 858 3511 traditionem,
874 3442 932 3523 (eui
952 3455 1045 3501 tamen
1067 3461 1169 3518 magna
1182 3443 1290 3514 ubique

193 3535 286 3595 offusa
298 3539 465 3619 estcaligo,)
479 3552 507 3598 et
520 3561 570 3617 per
580 3543 696 3599 interius
707 3543 831 3619 Spiritus
846 3543 943 3600 Sancti
951 3543 1059 3609 lumen,
1069 3549 1198 3618 poterant
1211 3541 1291 3599 inno·

192 3643 310 3695 tescere.
353 3638 447 3698 Licuit
459 3643 543 3699 etiam
564 3642 693 3716 gentibus
713 3641 888 3709 circumcidi,
902 3653 931 3698 et
950 3644 987 3700 ita
1006 3641 1133 3700 Judaieae
1153 3639 1225 3715 legis
1240 3640 1289 3696 ob·

192 3738 340 3794 servantia>
360 3756 391 3796 se
413 3734 579 3818 subjicerc.⁷
620 3741 747 3798 Fuerunt
766 3741 885 3817 proinde
906 3740 980 3817 apud
1000 3739 1118 3799 ludaeos
1139 3736 1292 3817 proselyti

185 3833 331 3912 justitiae,
346 3839 405 3910 qui,
420 3840 636 3899 circumcisione
657 3850 781 3916 accepta,
796 3841 872 3917 genti
886 3839 1012 3898 Judaieae
1033 3838 1289 3916 conjungebantur,

228 4024 270 4086 (t)
291 4022 411 4074 Romuli.
427 4029 464 4078 ll.
832 4028 874 4092 (b)
894 4028 909 4077 2
923 4026 981 4076 Cor.
990 4027 1024 4076 iii.
1034 4031 1058 4085 t,
1072 4029 1095 4075 9.

231 4105 273 4171 (³)
294 4108 357 4159 Heb.
370 4111 419 4160 viii.
434 4116 457 4160 7.
603 4164 613 4175 ,

230 4190 273 4255 (t)
294 4191 357 4242 Vide
368 4193 458 4256 Dogm.
470 4195 557 4248 Theoi.
571 4198 653 4248 Tract.
664 4197 694 4248 de
707 4197 871 4250 Reveletione.
879 4213 901 4247 c.
914 4197 946 4247 vi.

233 4275 276 4340 (5)
296 4274 370 4327 Deut.
382 4278 412 4326 ir.
423 4281 446 4331 8.
833 4283 875 4348 (6)
896 4280 937 4332 Ps.
947 4280 1026 4331 cxlvii.
1040 4284 1064 4330 8.

633 4367 675 4430 (7)
695 4365 776 4416 Ered.
787 4367 831 4416 xii.
845 4366 885 4415 ts.
