<?xml version="1.0" encoding="UTF-8"?>
<!DOCTYPE html PUBLIC "-//W3C//DTD XHTML 1.0 Transitional//EN"
    "http://www.w3.org/TR/xhtml1/DTD/xhtml1-transitional.dtd">
<html xmlns="http://www.w3.org/1999/xhtml" xml:lang="en" lang="en">
 <head>
  <title>
</title>
<meta http-equiv="Content-Type" content="text/html;charset=utf-8" />
  <meta name='ocr-system' content='tesseract 3.04.00' />
  <meta name='ocr-capabilities' content='ocr_page ocr_carea ocr_par ocr_line ocrx_word'/>
</head>
<body>
  <div class='ocr_page' id='page_1' title='image "./theologiaemoral00kenrgoog_0322.png"; bbox 0 0 2744 4980; ppageno 0'>
   <div class='ocr_carea' id='block_1_1' title="bbox 379 402 1238 474">
    <p class='ocr_par' dir='ltr' id='par_1_1' title="bbox 379 402 1238 474">
     <span class='ocr_line' id='line_1_1' title="bbox 379 402 1238 474; baseline 0.009 -11"><span class='ocrx_word' id='word_1_1' title='bbox 379 403 437 463; x_wconf 81' lang='lat' dir='ltr'><strong>DE</strong></span> <span class='ocrx_word' id='word_1_2' title='bbox 457 402 668 466; x_wconf 76' lang='lat' dir='ltr'><strong>Pnccsrls</strong></span> <span class='ocrx_word' id='word_1_3' title='bbox 689 406 977 468; x_wconf 78' lang='lat' dir='ltr'><strong>cnPITsLfflUS.</strong></span> <span class='ocrx_word' id='word_1_4' title='bbox 1163 419 1238 474; x_wconf 71' lang='lat'><strong>301.</strong></span> 
     </span>
    </p>
   </div>
   <div class='ocr_carea' id='block_1_2' title="bbox 126 568 1238 1346">
    <p class='ocr_par' dir='ltr' id='par_1_2' title="bbox 126 568 1238 1346">
     <span class='ocr_line' id='line_1_2' title="bbox 128 568 1238 653; baseline 0.006 -26"><span class='ocrx_word' id='word_1_5' title='bbox 128 569 297 645; x_wconf 76' lang='lat' dir='ltr'><strong>subrepens,</strong></span> <span class='ocrx_word' id='word_1_6' title='bbox 311 568 469 627; x_wconf 89' lang='lat' dir='ltr'><strong>nonhabet</strong></span> <span class='ocrx_word' id='word_1_7' title='bbox 486 570 641 628; x_wconf 86' lang='lat' dir='ltr'><strong>maximam</strong></span> <span class='ocrx_word' id='word_1_8' title='bbox 655 573 831 647; x_wconf 79' lang='lat' dir='ltr'><strong>gravitatem,</strong></span> <span class='ocrx_word' id='word_1_9' title='bbox 846 580 997 647; x_wconf 66' lang='lat' dir='ltr'><strong>amquam</strong></span> <span class='ocrx_word' id='word_1_10' title='bbox 1018 594 1068 652; x_wconf 85' lang='lat' dir='ltr'><strong>per</strong></span> <span class='ocrx_word' id='word_1_11' title='bbox 1082 576 1238 653; x_wconf 48' lang='lat' dir='ltr'><strong>judici*</strong></span> 
     </span>
     <span class='ocr_line' id='line_1_3' title="bbox 126 667 1223 752; baseline 0.012 -28"><span class='ocrx_word' id='word_1_12' title='bbox 126 668 246 727; x_wconf 89' lang='lat' dir='ltr'><strong>rationis</strong></span> <span class='ocrx_word' id='word_1_13' title='bbox 259 667 497 745; x_wconf 78' lang='lat' dir='ltr'><strong>deprehendatur.</strong></span> <span class='ocrx_word' id='word_1_14' title='bbox 539 667 600 727; x_wconf 85' lang='lat' dir='ltr'><strong>Sed</strong></span> <span class='ocrx_word' id='word_1_15' title='bbox 618 682 770 747; x_wconf 89' lang='lat' dir='ltr'><strong>postquam</strong></span> <span class='ocrx_word' id='word_1_16' title='bbox 790 671 984 750; x_wconf 84' lang='lat' dir='ltr'><strong>deprehensus</strong></span> <span class='ocrx_word' id='word_1_17' title='bbox 1006 674 1090 733; x_wconf 82' lang='lat' dir='ltr'><strong>fuerit</strong></span> <span class='ocrx_word' id='word_1_18' title='bbox 1111 696 1163 752; x_wconf 92' lang='lat' dir='ltr'><strong>per</strong></span> <span class='ocrx_word' id='word_1_19' title='bbox 1180 697 1223 736; x_wconf 89' lang='lat' dir='ltr'><strong>ra·</strong></span> 
     </span>
     <span class='ocr_line' id='line_1_4' title="bbox 126 766 1223 849; baseline 0.007 -24"><span class='ocrx_word' id='word_1_20' title='bbox 126 768 246 835; x_wconf 90' lang='lat' dir='ltr'><strong>tionem,</strong></span> <span class='ocrx_word' id='word_1_21' title='bbox 260 776 328 826; x_wconf 85' lang='lat' dir='ltr'><strong>tune</strong></span> <span class='ocrx_word' id='word_1_22' title='bbox 340 766 423 826; x_wconf 84' lang='lat' dir='ltr'><strong>facile</strong></span> <span class='ocrx_word' id='word_1_23' title='bbox 433 769 562 836; x_wconf 82' lang='lat' dir='ltr'><strong>evitatru,</strong></span> <span class='ocrx_word' id='word_1_24' title='bbox 577 778 636 828; x_wconf 91' lang='lat' dir='ltr'><strong>tum</strong></span> <span class='ocrx_word' id='word_1_25' title='bbox 652 789 689 828; x_wconf 85' lang='lat' dir='ltr'><strong>ex</strong></span> <span class='ocrx_word' id='word_1_26' title='bbox 702 770 929 831; x_wconf 86' lang='lat' dir='ltr'><strong>consideratione</strong></span> <span class='ocrx_word' id='word_1_27' title='bbox 943 775 1065 849; x_wconf 76' lang='lat' dir='ltr'><strong>proprie</strong></span> <span class='ocrx_word' id='word_1_28' title='bbox 1079 775 1223 834; x_wconf 86' lang='lat' dir='ltr'><strong>infirmita-</strong></span> 
     </span>
     <span class='ocr_line' id='line_1_5' title="bbox 129 865 1222 948; baseline 0.009 -25"><span class='ocrx_word' id='word_1_29' title='bbox 129 868 179 935; x_wconf 86' lang='lat' dir='ltr'><strong>tis,</strong></span> <span class='ocrx_word' id='word_1_30' title='bbox 193 866 353 925; x_wconf 86' lang='lat' dir='ltr'><strong>secundum</strong></span> <span class='ocrx_word' id='word_1_31' title='bbox 366 865 437 925; x_wconf 90' lang='lat' dir='ltr'><strong>illud</strong></span> <span class='ocrx_word' id='word_1_32' title='bbox 446 866 645 927; x_wconf 84' lang='lat' dir='ltr'><strong>Ecclesiastici</strong></span> <span class='ocrx_word' id='word_1_33' title='bbox 658 889 688 927; x_wconf 89' lang='lat' dir='ltr'><strong>x.</strong></span> <span class='ocrx_word' id='word_1_34' title='bbox 731 870 826 937; x_wconf 85' lang='lat' dir='ltr'><strong>‘Quid</strong></span> <span class='ocrx_word' id='word_1_35' title='bbox 839 873 980 948; x_wconf 77' lang='lat' dir='ltr'><strong>superbie,</strong></span> <span class='ocrx_word' id='word_1_36' title='bbox 995 883 1068 931; x_wconf 85' lang='lat' dir='ltr'><strong>terra</strong></span> <span class='ocrx_word' id='word_1_37' title='bbox 1080 883 1108 930; x_wconf 89' lang='lat' dir='ltr'><strong>et</strong></span> <span class='ocrx_word' id='word_1_38' title='bbox 1120 875 1191 933; x_wconf 85' lang='lat' dir='ltr'><strong>cinis</strong></span> <span class='ocrx_word' id='word_1_39' title='bbox 1200 875 1222 932; x_wconf 84' lang='lat' dir='ltr'><strong>l’</strong></span> 
     </span>
     <span class='ocr_line' id='line_1_6' title="bbox 128 965 1225 1046; baseline 0.006 -22"><span class='ocrx_word' id='word_1_40' title='bbox 128 976 191 1024; x_wconf 85' lang='lat' dir='ltr'><strong>turn</strong></span> <span class='ocrx_word' id='word_1_41' title='bbox 207 967 292 1024; x_wconf 89' lang='lat' dir='ltr'><strong>etiam</strong></span> <span class='ocrx_word' id='word_1_42' title='bbox 311 985 349 1024; x_wconf 84' lang='lat' dir='ltr'><strong>ex</strong></span> <span class='ocrx_word' id='word_1_43' title='bbox 369 965 596 1026; x_wconf 79' lang='lat' dir='ltr'><strong>consideratione</strong></span> <span class='ocrx_word' id='word_1_44' title='bbox 619 969 822 1046; x_wconf 77' lang='lat' dir='ltr'><strong>magnitudinis</strong></span> <span class='ocrx_word' id='word_1_45' title='bbox 842 970 955 1040; x_wconf 79' lang='lat' dir='ltr'><strong>divina,</strong></span> <span class='ocrx_word' id='word_1_46' title='bbox 976 971 1134 1032; x_wconf 89' lang='lat' dir='ltr'><strong>secundum</strong></span> <span class='ocrx_word' id='word_1_47' title='bbox 1152 970 1225 1033; x_wconf 83' lang='lat' dir='ltr'><strong>illud</strong></span> 
     </span>
     <span class='ocr_line' id='line_1_7' title="bbox 126 1063 1218 1146; baseline 0.01 -24"><span class='ocrx_word' id='word_1_48' title='bbox 126 1063 188 1123; x_wconf 86' lang='lat' dir='ltr'><strong>Job</strong></span> <span class='ocrx_word' id='word_1_49' title='bbox 200 1083 248 1122; x_wconf 85' lang='lat' dir='ltr'><strong>xv.</strong></span> <span class='ocrx_word' id='word_1_50' title='bbox 291 1065 388 1132; x_wconf 86' lang='lat' dir='ltr'><strong>‘Quid</strong></span> <span class='ocrx_word' id='word_1_51' title='bbox 401 1075 492 1123; x_wconf 89' lang='lat' dir='ltr'><strong>tumet</strong></span> <span class='ocrx_word' id='word_1_52' title='bbox 510 1077 608 1125; x_wconf 90' lang='lat' dir='ltr'><strong>contra</strong></span> <span class='ocrx_word' id='word_1_53' title='bbox 627 1066 723 1127; x_wconf 88' lang='lat' dir='ltr'><strong>Deum</strong></span> <span class='ocrx_word' id='word_1_54' title='bbox 743 1070 860 1146; x_wconf 87' lang='lat' dir='ltr'><strong>spiritus</strong></span> <span class='ocrx_word' id='word_1_55' title='bbox 881 1079 946 1129; x_wconf 92' lang='lat' dir='ltr'><strong>tuus</strong></span> <span class='ocrx_word' id='word_1_56' title='bbox 958 1069 979 1127; x_wconf 77' lang='lat' dir='ltr'><strong>l’</strong></span> <span class='ocrx_word' id='word_1_57' title='bbox 1002 1081 1060 1129; x_wconf 82' lang='lat' dir='ltr'><strong>nrm</strong></span> <span class='ocrx_word' id='word_1_58' title='bbox 1082 1070 1218 1133; x_wconf 71' lang='lat' dir='ltr'><strong>etiamen</strong></span> 
     </span>
     <span class='ocr_line' id='line_1_8' title="bbox 126 1163 1222 1245; baseline 0.013 -25"><span class='ocrx_word' id='word_1_59' title='bbox 126 1163 344 1240; x_wconf 80' lang='lat' dir='ltr'><strong>imperfectione</strong></span> <span class='ocrx_word' id='word_1_60' title='bbox 365 1164 504 1223; x_wconf 90' lang='lat' dir='ltr'><strong>bonorum</strong></span> <span class='ocrx_word' id='word_1_61' title='bbox 524 1165 559 1223; x_wconf 90' lang='lat' dir='ltr'><strong>de</strong></span> <span class='ocrx_word' id='word_1_62' title='bbox 580 1167 684 1237; x_wconf 88' lang='lat' dir='ltr'><strong>quibus</strong></span> <span class='ocrx_word' id='word_1_63' title='bbox 704 1167 792 1227; x_wconf 89' lang='lat' dir='ltr'><strong>horno</strong></span> <span class='ocrx_word' id='word_1_64' title='bbox 813 1170 949 1245; x_wconf 88' lang='lat' dir='ltr'><strong>superbit,</strong></span> <span class='ocrx_word' id='word_1_65' title='bbox 972 1169 1131 1229; x_wconf 89' lang='lat' dir='ltr'><strong>secundum</strong></span> <span class='ocrx_word' id='word_1_66' title='bbox 1151 1171 1222 1235; x_wconf 86' lang='lat' dir='ltr'><strong>illud</strong></span> 
     </span>
     <span class='ocr_line' id='line_1_9' title="bbox 129 1262 1223 1346; baseline 0.005 -23"><span class='ocrx_word' id='word_1_67' title='bbox 129 1262 214 1323; x_wconf 82' lang='lat' dir='ltr'><strong>lsaire</strong></span> <span class='ocrx_word' id='word_1_68' title='bbox 235 1262 471 1339; x_wconf 83' lang='lat' dir='ltr'><strong>quadragesimo:</strong></span> <span class='ocrx_word' id='word_1_69' title='bbox 501 1262 625 1322; x_wconf 78' lang='lat' dir='ltr'><strong>‘Omnis</strong></span> <span class='ocrx_word' id='word_1_70' title='bbox 647 1285 713 1325; x_wconf 87' lang='lat' dir='ltr'><strong>caro</strong></span> <span class='ocrx_word' id='word_1_71' title='bbox 734 1267 852 1336; x_wconf 81' lang='lat' dir='ltr'><strong>foenum,</strong></span> <span class='ocrx_word' id='word_1_72' title='bbox 875 1278 905 1326; x_wconf 88' lang='lat' dir='ltr'><strong>et</strong></span> <span class='ocrx_word' id='word_1_73' title='bbox 925 1270 1019 1327; x_wconf 85' lang='lat' dir='ltr'><strong>omnis</strong></span> <span class='ocrx_word' id='word_1_74' title='bbox 1041 1268 1129 1346; x_wconf 87' lang='lat' dir='ltr'><strong>gloria</strong></span> <span class='ocrx_word' id='word_1_75' title='bbox 1150 1271 1223 1346; x_wconf 85' lang='lat' dir='ltr'><strong>ejus,</strong></span> 
     </span>
    </p>
   </div>
   <div class='ocr_carea' id='block_1_3' title="bbox 120 1360 1222 1536">
    <p class='ocr_par' dir='ltr' id='par_1_3' title="bbox 120 1360 1222 1536">
     <span class='ocr_line' id='line_1_10' title="bbox 128 1360 1222 1442; baseline 0.007 -24"><span class='ocrx_word' id='word_1_76' title='bbox 128 1362 213 1434; x_wconf 85' lang='lat' dir='ltr'><strong>qnasi</strong></span> <span class='ocrx_word' id='word_1_77' title='bbox 221 1360 276 1419; x_wconf 83' lang='lat' dir='ltr'><strong>flos</strong></span> <span class='ocrx_word' id='word_1_78' title='bbox 290 1361 370 1438; x_wconf 65' lang='lat' dir='ltr'><strong>agri!</strong></span> <span class='ocrx_word' id='word_1_79' title='bbox 406 1362 446 1421; x_wconf 90' lang='lat' dir='ltr'><strong>Et</strong></span> <span class='ocrx_word' id='word_1_80' title='bbox 459 1362 533 1421; x_wconf 88' lang='lat' dir='ltr'><strong>insra</strong></span> <span class='ocrx_word' id='word_1_81' title='bbox 544 1363 615 1421; x_wconf 84' lang='lat' dir='ltr'><strong>lxiv.</strong></span> <span class='ocrx_word' id='word_1_82' title='bbox 638 1365 748 1429; x_wconf 83' lang='lat' dir='ltr'><strong>‘Quasi</strong></span> <span class='ocrx_word' id='word_1_83' title='bbox 762 1385 872 1442; x_wconf 90' lang='lat' dir='ltr'><strong>pannus</strong></span> <span class='ocrx_word' id='word_1_84' title='bbox 887 1377 1067 1425; x_wconf 77' lang='lat' dir='ltr'><strong>menstruata</strong></span> <span class='ocrx_word' id='word_1_85' title='bbox 1080 1369 1222 1426; x_wconf 76' lang='lat' dir='ltr'><strong>universe</strong></span> 
     </span>
     <span class='ocr_line' id='line_1_11' title="bbox 120 1458 406 1536; baseline 0.01 -19"><span class='ocrx_word' id='word_1_86' title='bbox 120 1460 242 1536; x_wconf 79' lang='lat' dir='ltr'><strong>justitie</strong></span> <span class='ocrx_word' id='word_1_87' title='bbox 255 1458 406 1519; x_wconf 77' lang='lat' dir='ltr'><strong>nostrae.”¹</strong></span> 
     </span>
    </p>
   </div>
   <div class='ocr_carea' id='block_1_4' title="bbox 520 1624 827 1700">
    <p class='ocr_par' dir='ltr' id='par_1_4' title="bbox 520 1624 827 1700">
     <span class='ocr_line' id='line_1_12' title="bbox 520 1624 827 1700; baseline 0.007 -17"><span class='ocrx_word' id='word_1_88' title='bbox 520 1625 535 1700; x_wconf 93' lang='lat'>§</span> <span class='ocrx_word' id='word_1_89' title='bbox 549 1624 589 1684; x_wconf 90' lang='lat'><strong>11.</strong></span> <span class='ocrx_word' id='word_1_90' title='bbox 610 1625 658 1684; x_wconf 79' lang='lat' dir='ltr'><strong>Dr</strong></span> <span class='ocrx_word' id='word_1_91' title='bbox 672 1646 827 1687; x_wconf 77' lang='lat' dir='ltr'><strong>svsarrm.</strong></span> 
     </span>
    </p>
   </div>
   <div class='ocr_carea' id='block_1_5' title="bbox 127 1760 1226 2432">
    <p class='ocr_par' dir='ltr' id='par_1_5' title="bbox 127 1760 1226 2432">
     <span class='ocr_line' id='line_1_13' title="bbox 171 1760 1223 1840; baseline 0.006 -23"><span class='ocrx_word' id='word_1_92' title='bbox 171 1765 222 1818; x_wconf 79' lang='grc'><strong>48.</strong></span> <span class='ocrx_word' id='word_1_93' title='bbox 243 1761 369 1819; x_wconf 81' lang='lat' dir='ltr'><strong>Avaritia</strong></span> <span class='ocrx_word' id='word_1_94' title='bbox 383 1771 427 1819; x_wconf 87' lang='lat' dir='ltr'><strong>est</strong></span> <span class='ocrx_word' id='word_1_95' title='bbox 445 1760 621 1819; x_wconf 88' lang='lat' dir='ltr'><strong>inordinatus</strong></span> <span class='ocrx_word' id='word_1_96' title='bbox 641 1764 783 1840; x_wconf 86' lang='lat' dir='ltr'><strong>appetitus</strong></span> <span class='ocrx_word' id='word_1_97' title='bbox 804 1763 974 1821; x_wconf 86' lang='lat' dir='ltr'><strong>divitiarum.</strong></span> <span class='ocrx_word' id='word_1_98' title='bbox 1016 1763 1139 1830; x_wconf 90' lang='lat' dir='ltr'><strong>Quando</strong></span> <span class='ocrx_word' id='word_1_99' title='bbox 1159 1766 1223 1838; x_wconf 90' lang='lat' dir='ltr'><strong>quis</strong></span> 
     </span>
     <span class='ocr_line' id='line_1_14' title="bbox 131 1858 1222 1939; baseline 0.004 -22"><span class='ocrx_word' id='word_1_100' title='bbox 131 1861 162 1917; x_wconf 93' lang='lat' dir='ltr'><strong>in</strong></span> <span class='ocrx_word' id='word_1_101' title='bbox 175 1858 282 1918; x_wconf 82' lang='lat' dir='ltr'><strong>divitiis</strong></span> <span class='ocrx_word' id='word_1_102' title='bbox 294 1869 382 1918; x_wconf 90' lang='lat' dir='ltr'><strong>totum</strong></span> <span class='ocrx_word' id='word_1_103' title='bbox 396 1860 478 1937; x_wconf 86' lang='lat' dir='ltr'><strong>ponit</strong></span> <span class='ocrx_word' id='word_1_104' title='bbox 489 1859 627 1929; x_wconf 88' lang='lat' dir='ltr'><strong>studium,</strong></span> <span class='ocrx_word' id='word_1_105' title='bbox 641 1872 670 1919; x_wconf 90' lang='lat' dir='ltr'><strong>et</strong></span> <span class='ocrx_word' id='word_1_106' title='bbox 680 1863 767 1921; x_wconf 88' lang='lat' dir='ltr'><strong>finem</strong></span> <span class='ocrx_word' id='word_1_107' title='bbox 778 1863 919 1930; x_wconf 87' lang='lat' dir='ltr'><strong>ultimum,</strong></span> <span class='ocrx_word' id='word_1_108' title='bbox 934 1863 1101 1938; x_wconf 84' lang='lat' dir='ltr'><strong>gravissime</strong></span> <span class='ocrx_word' id='word_1_109' title='bbox 1114 1874 1222 1939; x_wconf 82' lang='lat' dir='ltr'><strong>peecat3</strong></span> 
     </span>
     <span class='ocr_line' id='line_1_15' title="bbox 131 1958 1223 2037; baseline 0.004 -21"><span class='ocrx_word' id='word_1_110' title='bbox 131 1977 200 2017; x_wconf 89' lang='lat' dir='ltr'><strong>nam</strong></span> <span class='ocrx_word' id='word_1_111' title='bbox 214 1959 407 2018; x_wconf 84' lang='lat' dir='ltr'><strong>Denmreluti</strong></span> <span class='ocrx_word' id='word_1_112' title='bbox 425 1960 527 2037; x_wconf 85' lang='lat' dir='ltr'><strong>rejicit,</strong></span> <span class='ocrx_word' id='word_1_113' title='bbox 548 1958 660 2019; x_wconf 85' lang='lat' dir='ltr'><strong>dicente</strong></span> <span class='ocrx_word' id='word_1_114' title='bbox 680 1959 818 2019; x_wconf 84' lang='lat' dir='ltr'><strong>Christo:</strong></span> <span class='ocrx_word' id='word_1_115' title='bbox 841 1969 860 1996; x_wconf 96' lang='lat'>“</span> <span class='ocrx_word' id='word_1_116' title='bbox 871 1980 928 2020; x_wconf 91' lang='lat' dir='ltr'><strong>non</strong></span> <span class='ocrx_word' id='word_1_117' title='bbox 949 1963 1067 2037; x_wconf 86' lang='lat' dir='ltr'><strong>potestis</strong></span> <span class='ocrx_word' id='word_1_118' title='bbox 1080 1961 1146 2020; x_wconf 90' lang='lat' dir='ltr'><strong>Deo</strong></span> <span class='ocrx_word' id='word_1_119' title='bbox 1165 1981 1223 2021; x_wconf 93' lang='lat' dir='ltr'><strong>ser·</strong></span> 
     </span>
     <span class='ocr_line' id='line_1_16' title="bbox 132 2051 1223 2134; baseline 0.005 -20"><span class='ocrx_word' id='word_1_120' title='bbox 132 2058 193 2115; x_wconf 84' lang='lat' dir='ltr'><strong>rire</strong></span> <span class='ocrx_word' id='word_1_121' title='bbox 205 2069 235 2116; x_wconf 85' lang='lat' dir='ltr'><strong>ct</strong></span> <span class='ocrx_word' id='word_1_122' title='bbox 254 2051 475 2117; x_wconf 81' lang='lat' dir='ltr'><strong>mammone.&#39;’²</strong></span> <span class='ocrx_word' id='word_1_123' title='bbox 515 2058 594 2118; x_wconf 86' lang='lat' dir='ltr'><strong>Hinc</strong></span> <span class='ocrx_word' id='word_1_124' title='bbox 614 2067 635 2094; x_wconf 95' lang='lat'>“</span> <span class='ocrx_word' id='word_1_125' title='bbox 646 2079 755 2128; x_wconf 83' lang='lat' dir='ltr'><strong>avarus,</strong></span> <span class='ocrx_word' id='word_1_126' title='bbox 770 2059 848 2134; x_wconf 88' lang='lat' dir='ltr'><strong>quod</strong></span> <span class='ocrx_word' id='word_1_127' title='bbox 867 2061 1071 2120; x_wconf 89' lang='lat' dir='ltr'><strong>estidolorum</strong></span> <span class='ocrx_word' id='word_1_128' title='bbox 1091 2061 1223 2130; x_wconf 86' lang='lat' dir='ltr'><strong>servitus,</strong></span> 
     </span>
     <span class='ocr_line' id='line_1_17' title="bbox 132 2150 1225 2236; baseline 0.002 -22"><span class='ocrx_word' id='word_1_129' title='bbox 132 2174 192 2215; x_wconf 90' lang='lat' dir='ltr'><strong>non</strong></span> <span class='ocrx_word' id='word_1_130' title='bbox 205 2156 290 2215; x_wconf 89' lang='lat' dir='ltr'><strong>habet</strong></span> <span class='ocrx_word' id='word_1_131' title='bbox 302 2157 494 2217; x_wconf 78' lang='lat' dir='ltr'><strong>hereditatem</strong></span> <span class='ocrx_word' id='word_1_132' title='bbox 509 2159 538 2215; x_wconf 91' lang='lat' dir='ltr'><strong>in</strong></span> <span class='ocrx_word' id='word_1_133' title='bbox 550 2176 640 2236; x_wconf 85' lang='lat' dir='ltr'><strong>regno</strong></span> <span class='ocrx_word' id='word_1_134' title='bbox 654 2157 763 2217; x_wconf 84' lang='lat' dir='ltr'><strong>Christi</strong></span> <span class='ocrx_word' id='word_1_135' title='bbox 776 2169 805 2217; x_wconf 90' lang='lat' dir='ltr'><strong>et</strong></span> <span class='ocrx_word' id='word_1_136' title='bbox 816 2150 922 2217; x_wconf 76' lang='lat' dir='ltr'><strong>Dei.’&#39;³</strong></span> <span class='ocrx_word' id='word_1_137' title='bbox 963 2168 983 2194; x_wconf 93' lang='lat'><strong>“</strong></span> <span class='ocrx_word' id='word_1_138' title='bbox 992 2160 1168 2219; x_wconf 83' lang='lat' dir='ltr'><strong>Auaronihil</strong></span> <span class='ocrx_word' id='word_1_139' title='bbox 1181 2169 1225 2218; x_wconf 89' lang='lat' dir='ltr'><strong>est</strong></span> 
     </span>
     <span class='ocr_line' id='line_1_18' title="bbox 131 2254 1224 2334; baseline 0.003 -21"><span class='ocrx_word' id='word_1_140' title='bbox 131 2254 330 2314; x_wconf 78' lang='lat' dir='ltr'><strong>scelestiuu.”⁴</strong></span> <span class='ocrx_word' id='word_1_141' title='bbox 370 2255 515 2316; x_wconf 78' lang='lat' dir='ltr'><strong>Ceterum</strong></span> <span class='ocrx_word' id='word_1_142' title='bbox 527 2257 689 2317; x_wconf 83' lang='lat' dir='ltr'><strong>divitiarum</strong></span> <span class='ocrx_word' id='word_1_143' title='bbox 703 2258 842 2334; x_wconf 87' lang='lat' dir='ltr'><strong>cupiditas</strong></span> <span class='ocrx_word' id='word_1_144' title='bbox 856 2276 922 2315; x_wconf 89' lang='lat' dir='ltr'><strong>cum</strong></span> <span class='ocrx_word' id='word_1_145' title='bbox 935 2258 1031 2316; x_wconf 89' lang='lat' dir='ltr'><strong>studio</strong></span> <span class='ocrx_word' id='word_1_146' title='bbox 1044 2259 1143 2316; x_wconf 86' lang='lat' dir='ltr'><strong>salutis</strong></span> <span class='ocrx_word' id='word_1_147' title='bbox 1157 2277 1224 2317; x_wconf 84' lang='lat' dir='ltr'><strong>oon·</strong></span> 
     </span>
     <span class='ocr_line' id='line_1_19' title="bbox 127 2338 1226 2432; baseline 0.004 -20"><span class='ocrx_word' id='word_1_148' title='bbox 127 2355 241 2431; x_wconf 85' lang='lat' dir='ltr'><strong>juncta,</strong></span> <span class='ocrx_word' id='word_1_149' title='bbox 255 2355 341 2432; x_wconf 87' lang='lat' dir='ltr'><strong>culpa</strong></span> <span class='ocrx_word' id='word_1_150' title='bbox 352 2365 459 2414; x_wconf 78' lang='lat' dir='ltr'><strong>hrntmn</strong></span> <span class='ocrx_word' id='word_1_151' title='bbox 473 2366 517 2414; x_wconf 86' lang='lat' dir='ltr'><strong>est</strong></span> <span class='ocrx_word' id='word_1_152' title='bbox 531 2356 670 2424; x_wconf 82' lang='lat' dir='ltr'><strong>venialis;</strong></span> <span class='ocrx_word' id='word_1_153' title='bbox 691 2355 804 2430; x_wconf 91' lang='lat' dir='ltr'><strong>quando</strong></span> <span class='ocrx_word' id='word_1_154' title='bbox 825 2357 935 2416; x_wconf 88' lang='lat' dir='ltr'><strong>scilicet</strong></span> <span class='ocrx_word' id='word_1_155' title='bbox 953 2358 1017 2429; x_wconf 91' lang='lat' dir='ltr'><strong>quis</strong></span> <span class='ocrx_word' id='word_1_156' title='bbox 1037 2338 1125 2414; x_wconf 88' lang='lat' dir='ltr'><strong>nollet</strong></span> <span class='ocrx_word' id='word_1_157' title='bbox 1144 2355 1226 2416; x_wconf 91' lang='lat' dir='ltr'><strong>ditari</strong></span> 
     </span>
    </p>
   </div>
   <div class='ocr_carea' id='block_1_6' title="bbox 131 2454 1229 4016">
    <p class='ocr_par' dir='ltr' id='par_1_6' title="bbox 131 2454 1228 3324">
     <span class='ocr_line' id='line_1_20' title="bbox 131 2454 1225 2532; baseline 0.002 -20"><span class='ocrx_word' id='word_1_158' title='bbox 131 2463 232 2513; x_wconf 86' lang='lat' dir='ltr'><strong>contra</strong></span> <span class='ocrx_word' id='word_1_159' title='bbox 244 2454 370 2514; x_wconf 67' lang='lat' dir='ltr'><strong>dianam</strong></span> <span class='ocrx_word' id='word_1_160' title='bbox 382 2455 494 2532; x_wconf 87' lang='lat' dir='ltr'><strong>legem:</strong></span> <span class='ocrx_word' id='word_1_161' title='bbox 511 2458 566 2514; x_wconf 92' lang='lat' dir='ltr'><strong>“si</strong></span> <span class='ocrx_word' id='word_1_162' title='bbox 580 2454 751 2516; x_wconf 90' lang='lat' dir='ltr'><strong>inordinatio</strong></span> <span class='ocrx_word' id='word_1_163' title='bbox 761 2457 865 2514; x_wconf 85' lang='lat' dir='ltr'><strong>amoris</strong></span> <span class='ocrx_word' id='word_1_164' title='bbox 878 2455 951 2513; x_wconf 90' lang='lat' dir='ltr'><strong>intra</strong></span> <span class='ocrx_word' id='word_1_165' title='bbox 963 2455 1019 2513; x_wconf 89' lang='lat' dir='ltr'><strong>hoc</strong></span> <span class='ocrx_word' id='word_1_166' title='bbox 1028 2455 1117 2524; x_wconf 87' lang='lat' dir='ltr'><strong>sistat,</strong></span> <span class='ocrx_word' id='word_1_167' title='bbox 1126 2464 1159 2513; x_wconf 91' lang='lat' dir='ltr'><strong>ut</strong></span> <span class='ocrx_word' id='word_1_168' title='bbox 1170 2455 1225 2514; x_wconf 90' lang='lat' dir='ltr'><strong>sci·</strong></span> 
     </span>
     <span class='ocr_line' id='line_1_21' title="bbox 131 2553 1227 2632; baseline 0.001 -21"><span class='ocrx_word' id='word_1_169' title='bbox 131 2553 203 2611; x_wconf 88' lang='lat' dir='ltr'><strong>licet</strong></span> <span class='ocrx_word' id='word_1_170' title='bbox 221 2553 319 2622; x_wconf 91' lang='lat' dir='ltr'><strong>homo,</strong></span> <span class='ocrx_word' id='word_1_171' title='bbox 342 2555 473 2628; x_wconf 87' lang='lat' dir='ltr'><strong>quamvis</strong></span> <span class='ocrx_word' id='word_1_172' title='bbox 496 2556 639 2630; x_wconf 88' lang='lat' dir='ltr'><strong>superflue</strong></span> <span class='ocrx_word' id='word_1_173' title='bbox 658 2554 770 2614; x_wconf 83' lang='lat' dir='ltr'><strong>divitias</strong></span> <span class='ocrx_word' id='word_1_174' title='bbox 793 2563 878 2622; x_wconf 87' lang='lat' dir='ltr'><strong>amet,</strong></span> <span class='ocrx_word' id='word_1_175' title='bbox 901 2573 959 2613; x_wconf 89' lang='lat' dir='ltr'><strong>non</strong></span> <span class='ocrx_word' id='word_1_176' title='bbox 981 2565 1075 2613; x_wconf 83' lang='lat' dir='ltr'><strong>tamen</strong></span> <span class='ocrx_word' id='word_1_177' title='bbox 1096 2555 1227 2632; x_wconf 80' lang='lat' dir='ltr'><strong>preferat</strong></span> 
     </span>
     <span class='ocr_line' id='line_1_22' title="bbox 132 2652 1226 2732; baseline 0.002 -22"><span class='ocrx_word' id='word_1_178' title='bbox 132 2670 232 2710; x_wconf 88' lang='lat' dir='ltr'><strong>earum</strong></span> <span class='ocrx_word' id='word_1_179' title='bbox 246 2671 371 2711; x_wconf 86' lang='lat' dir='ltr'><strong>amorem</strong></span> <span class='ocrx_word' id='word_1_180' title='bbox 385 2655 475 2713; x_wconf 87' lang='lat' dir='ltr'><strong>amori</strong></span> <span class='ocrx_word' id='word_1_181' title='bbox 487 2654 596 2724; x_wconf 89' lang='lat' dir='ltr'><strong>divino,</strong></span> <span class='ocrx_word' id='word_1_182' title='bbox 611 2663 642 2713; x_wconf 92' lang='lat' dir='ltr'><strong>ut</strong></span> <span class='ocrx_word' id='word_1_183' title='bbox 659 2656 684 2713; x_wconf 91' lang='lat' dir='ltr'><strong>si</strong></span> <span class='ocrx_word' id='word_1_184' title='bbox 705 2663 820 2732; x_wconf 88' lang='lat' dir='ltr'><strong>propter</strong></span> <span class='ocrx_word' id='word_1_185' title='bbox 836 2653 948 2711; x_wconf 87' lang='lat' dir='ltr'><strong>divitias</strong></span> <span class='ocrx_word' id='word_1_186' title='bbox 967 2673 1024 2711; x_wconf 90' lang='lat' dir='ltr'><strong>non</strong></span> <span class='ocrx_word' id='word_1_187' title='bbox 1039 2654 1105 2711; x_wconf 85' lang='lat' dir='ltr'><strong>velit</strong></span> <span class='ocrx_word' id='word_1_188' title='bbox 1117 2652 1226 2727; x_wconf 89' lang='lat' dir='ltr'><strong>aliquid</strong></span> 
     </span>
     <span class='ocr_line' id='line_1_23' title="bbox 132 2751 1226 2829; baseline -0.001 -20"><span class='ocrx_word' id='word_1_189' title='bbox 132 2751 228 2810; x_wconf 76' lang='lat' dir='ltr'><strong>lacere</strong></span> <span class='ocrx_word' id='word_1_190' title='bbox 241 2763 339 2810; x_wconf 85' lang='lat' dir='ltr'><strong>contra</strong></span> <span class='ocrx_word' id='word_1_191' title='bbox 358 2753 453 2811; x_wconf 89' lang='lat' dir='ltr'><strong>Deum</strong></span> <span class='ocrx_word' id='word_1_192' title='bbox 474 2762 503 2810; x_wconf 89' lang='lat' dir='ltr'><strong>et</strong></span> <span class='ocrx_word' id='word_1_193' title='bbox 522 2755 697 2829; x_wconf 82' lang='lat' dir='ltr'><strong>proximum,</strong></span> <span class='ocrx_word' id='word_1_194' title='bbox 718 2754 760 2810; x_wconf 89' lang='lat' dir='ltr'><strong>sie</strong></span> <span class='ocrx_word' id='word_1_195' title='bbox 782 2752 898 2809; x_wconf 88' lang='lat' dir='ltr'><strong>avaritia</strong></span> <span class='ocrx_word' id='word_1_196' title='bbox 917 2762 961 2808; x_wconf 88' lang='lat' dir='ltr'><strong>est</strong></span> <span class='ocrx_word' id='word_1_197' title='bbox 980 2759 1128 2826; x_wconf 89' lang='lat' dir='ltr'><strong>peccatum</strong></span> <span class='ocrx_word' id='word_1_198' title='bbox 1149 2751 1226 2808; x_wconf 89' lang='lat' dir='ltr'><strong>veni·</strong></span> 
     </span>
     <span class='ocr_line' id='line_1_24' title="bbox 134 2845 1228 2929; baseline -0.002 -21"><span class='ocrx_word' id='word_1_199' title='bbox 134 2845 230 2909; x_wconf 79' lang='lat' dir='ltr'><strong>alc.”⁵</strong></span> <span class='ocrx_word' id='word_1_200' title='bbox 271 2852 402 2910; x_wconf 77' lang='lat' dir='ltr'><strong>Peniculo</strong></span> <span class='ocrx_word' id='word_1_201' title='bbox 422 2861 516 2910; x_wconf 72' lang='lat' dir='ltr'><strong>tamem</strong></span> <span class='ocrx_word' id='word_1_202' title='bbox 536 2853 627 2929; x_wconf 89' lang='lat' dir='ltr'><strong>legem</strong></span> <span class='ocrx_word' id='word_1_203' title='bbox 650 2851 774 2909; x_wconf 87' lang='lat' dir='ltr'><strong>divinam</strong></span> <span class='ocrx_word' id='word_1_204' title='bbox 796 2851 916 2928; x_wconf 88' lang='lat' dir='ltr'><strong>graviter</strong></span> <span class='ocrx_word' id='word_1_205' title='bbox 934 2847 1057 2907; x_wconf 85' lang='lat' dir='ltr'><strong>violandi</strong></span> <span class='ocrx_word' id='word_1_206' title='bbox 1078 2850 1128 2906; x_wconf 83' lang='lat' dir='ltr'><strong>vix</strong></span> <span class='ocrx_word' id='word_1_207' title='bbox 1146 2858 1228 2906; x_wconf 82' lang='lat' dir='ltr'><strong>vacat</strong></span> 
     </span>
     <span class='ocr_line' id='line_1_25' title="bbox 133 2934 1226 3023; baseline -0.002 -15"><span class='ocrx_word' id='word_1_208' title='bbox 133 2969 216 3008; x_wconf 89' lang='lat' dir='ltr'><strong>amor</strong></span> <span class='ocrx_word' id='word_1_209' title='bbox 228 2934 405 3009; x_wconf 86' lang='lat' dir='ltr'><strong>divitiarum:</strong></span> <span class='ocrx_word' id='word_1_210' title='bbox 428 2959 448 2986; x_wconf 97' lang='lat'>“</span> <span class='ocrx_word' id='word_1_211' title='bbox 460 2969 526 3008; x_wconf 89' lang='lat' dir='ltr'><strong>nam</strong></span> <span class='ocrx_word' id='word_1_212' title='bbox 540 2953 589 3023; x_wconf 93' lang='lat' dir='ltr'><strong>qui</strong></span> <span class='ocrx_word' id='word_1_213' title='bbox 603 2951 701 3009; x_wconf 87' lang='lat' dir='ltr'><strong>volunt</strong></span> <span class='ocrx_word' id='word_1_214' title='bbox 713 2950 816 3008; x_wconf 83' lang='lat' dir='ltr'><strong>divites</strong></span> <span class='ocrx_word' id='word_1_215' title='bbox 828 2949 901 3016; x_wconf 87' lang='lat' dir='ltr'><strong>fieri,</strong></span> <span class='ocrx_word' id='word_1_216' title='bbox 916 2947 1045 3006; x_wconf 90' lang='lat' dir='ltr'><strong>incidunt</strong></span> <span class='ocrx_word' id='word_1_217' title='bbox 1056 2949 1086 3006; x_wconf 91' lang='lat' dir='ltr'><strong>in</strong></span> <span class='ocrx_word' id='word_1_218' title='bbox 1099 2948 1226 3007; x_wconf 85' lang='lat' dir='ltr'><strong>tentatio·</strong></span> 
     </span>
     <span class='ocr_line' id='line_1_26' title="bbox 134 3048 1226 3123; baseline -0.002 -15"><span class='ocrx_word' id='word_1_219' title='bbox 134 3067 212 3118; x_wconf 89' lang='lat' dir='ltr'><strong>nem,</strong></span> <span class='ocrx_word' id='word_1_220' title='bbox 227 3058 257 3105; x_wconf 88' lang='lat' dir='ltr'><strong>et</strong></span> <span class='ocrx_word' id='word_1_221' title='bbox 268 3051 298 3109; x_wconf 91' lang='lat' dir='ltr'><strong>in</strong></span> <span class='ocrx_word' id='word_1_222' title='bbox 311 3050 446 3123; x_wconf 90' lang='lat' dir='ltr'><strong>laqueum</strong></span> <span class='ocrx_word' id='word_1_223' title='bbox 459 3049 575 3119; x_wconf 91' lang='lat' dir='ltr'><strong>diaboli,</strong></span> <span class='ocrx_word' id='word_1_224' title='bbox 586 3058 615 3108; x_wconf 89' lang='lat' dir='ltr'><strong>et</strong></span> <span class='ocrx_word' id='word_1_225' title='bbox 627 3048 767 3108; x_wconf 87' lang='lat' dir='ltr'><strong>desideria</strong></span> <span class='ocrx_word' id='word_1_226' title='bbox 779 3049 866 3107; x_wconf 85' lang='lat' dir='ltr'><strong>multa</strong></span> <span class='ocrx_word' id='word_1_227' title='bbox 879 3048 987 3106; x_wconf 91' lang='lat' dir='ltr'><strong>inutilia</strong></span> <span class='ocrx_word' id='word_1_228' title='bbox 1000 3057 1029 3105; x_wconf 85' lang='lat' dir='ltr'><strong>et</strong></span> <span class='ocrx_word' id='word_1_229' title='bbox 1040 3048 1151 3114; x_wconf 87' lang='lat' dir='ltr'><strong>nociva,</strong></span> <span class='ocrx_word' id='word_1_230' title='bbox 1163 3065 1226 3119; x_wconf 80' lang='lat' dir='ltr'><strong>que</strong></span> 
     </span>
     <span class='ocr_line' id='line_1_27' title="bbox 133 3145 1227 3226; baseline -0.003 -19"><span class='ocrx_word' id='word_1_231' title='bbox 133 3158 269 3226; x_wconf 86' lang='lat' dir='ltr'><strong>mergunt</strong></span> <span class='ocrx_word' id='word_1_232' title='bbox 279 3147 412 3207; x_wconf 89' lang='lat' dir='ltr'><strong>homines</strong></span> <span class='ocrx_word' id='word_1_233' title='bbox 426 3149 454 3206; x_wconf 93' lang='lat' dir='ltr'><strong>in</strong></span> <span class='ocrx_word' id='word_1_234' title='bbox 470 3149 610 3207; x_wconf 83' lang='lat' dir='ltr'><strong>interitum</strong></span> <span class='ocrx_word' id='word_1_235' title='bbox 620 3161 649 3206; x_wconf 88' lang='lat' dir='ltr'><strong>et</strong></span> <span class='ocrx_word' id='word_1_236' title='bbox 662 3147 858 3225; x_wconf 87' lang='lat' dir='ltr'><strong>perditionem.</strong></span> <span class='ocrx_word' id='word_1_237' title='bbox 900 3145 995 3204; x_wconf 86' lang='lat' dir='ltr'><strong>Radix</strong></span> <span class='ocrx_word' id='word_1_238' title='bbox 1008 3147 1085 3204; x_wconf 89' lang='lat' dir='ltr'><strong>enim</strong></span> <span class='ocrx_word' id='word_1_239' title='bbox 1099 3145 1227 3204; x_wconf 87' lang='lat' dir='ltr'><strong>omnium</strong></span> 
     </span>
     <span class='ocr_line' id='line_1_28' title="bbox 134 3242 551 3324; baseline -0.002 -18"><span class='ocrx_word' id='word_1_240' title='bbox 134 3248 276 3306; x_wconf 88' lang='lat' dir='ltr'><strong>malorum</strong></span> <span class='ocrx_word' id='word_1_241' title='bbox 290 3257 335 3306; x_wconf 89' lang='lat' dir='ltr'><strong>est</strong></span> <span class='ocrx_word' id='word_1_242' title='bbox 346 3242 551 3324; x_wconf 82' lang='lat' dir='ltr'><strong>cupiditas.&#39;’⁰&#39;</strong></span> 
     </span>
    </p>

    <p class='ocr_par' dir='ltr' id='par_1_7' title="bbox 134 3341 1229 4016">
     <span class='ocr_line' id='line_1_29' title="bbox 174 3341 1226 3417; baseline -0.007 -12"><span class='ocrx_word' id='word_1_243' title='bbox 174 3351 225 3405; x_wconf 79' lang='grc'><strong>49.</strong></span> <span class='ocrx_word' id='word_1_244' title='bbox 247 3345 295 3405; x_wconf 82' lang='lat' dir='ltr'><strong>Ex</strong></span> <span class='ocrx_word' id='word_1_245' title='bbox 308 3348 423 3404; x_wconf 90' lang='lat' dir='ltr'><strong>avaritia</strong></span> <span class='ocrx_word' id='word_1_246' title='bbox 436 3347 560 3406; x_wconf 87' lang='lat' dir='ltr'><strong>nascitur</strong></span> <span class='ocrx_word' id='word_1_247' title='bbox 572 3344 716 3404; x_wconf 88' lang='lat' dir='ltr'><strong>obduratio</strong></span> <span class='ocrx_word' id='word_1_248' title='bbox 730 3341 833 3410; x_wconf 87' lang='lat' dir='ltr'><strong>cordis,</strong></span> <span class='ocrx_word' id='word_1_249' title='bbox 855 3360 910 3414; x_wconf 91' lang='lat' dir='ltr'><strong>qua</strong></span> <span class='ocrx_word' id='word_1_250' title='bbox 923 3358 1079 3417; x_wconf 86' lang='lat' dir='ltr'><strong>pauperum</strong></span> <span class='ocrx_word' id='word_1_251' title='bbox 1094 3341 1226 3398; x_wconf 84' lang='lat' dir='ltr'><strong>levamen</strong></span> 
     </span>
     <span class='ocr_line' id='line_1_30' title="bbox 134 3439 1228 3523; baseline -0.005 -21"><span class='ocrx_word' id='word_1_252' title='bbox 134 3445 297 3523; x_wconf 80' lang='lat' dir='ltr'><strong>negligitur,</strong></span> <span class='ocrx_word' id='word_1_253' title='bbox 321 3456 350 3503; x_wconf 86' lang='lat' dir='ltr'><strong>et</strong></span> <span class='ocrx_word' id='word_1_254' title='bbox 365 3447 414 3523; x_wconf 90' lang='lat' dir='ltr'><strong>jus</strong></span> <span class='ocrx_word' id='word_1_255' title='bbox 437 3464 579 3504; x_wconf 87' lang='lat' dir='ltr'><strong>summum</strong></span> <span class='ocrx_word' id='word_1_256' title='bbox 598 3445 628 3501; x_wconf 93' lang='lat' dir='ltr'><strong>in</strong></span> <span class='ocrx_word' id='word_1_257' title='bbox 641 3442 782 3500; x_wconf 87' lang='lat' dir='ltr'><strong>debitores</strong></span> <span class='ocrx_word' id='word_1_258' title='bbox 796 3450 952 3499; x_wconf 81' lang='lat' dir='ltr'><strong>excreetur.</strong></span> <span class='ocrx_word' id='word_1_259' title='bbox 995 3439 1083 3503; x_wconf 89' lang='lat' dir='ltr'><strong>“Qui</strong></span> <span class='ocrx_word' id='word_1_260' title='bbox 1096 3439 1228 3498; x_wconf 86' lang='lat' dir='ltr'><strong>habuerit</strong></span> 
     </span>
     <span class='ocr_line' id='line_1_31' title="bbox 135 3538 1227 3623; baseline -0.005 -21"><span class='ocrx_word' id='word_1_261' title='bbox 135 3545 321 3604; x_wconf 84' lang='lat' dir='ltr'><strong>substantiam</strong></span> <span class='ocrx_word' id='word_1_262' title='bbox 335 3544 545 3623; x_wconf 88' lang='lat' dir='ltr'><strong>hujusmundi,</strong></span> <span class='ocrx_word' id='word_1_263' title='bbox 567 3553 596 3600; x_wconf 90' lang='lat' dir='ltr'><strong>et</strong></span> <span class='ocrx_word' id='word_1_264' title='bbox 607 3542 709 3601; x_wconf 86' lang='lat' dir='ltr'><strong>viderit</strong></span> <span class='ocrx_word' id='word_1_265' title='bbox 728 3541 841 3599; x_wconf 81' lang='lat' dir='ltr'><strong>fratrem</strong></span> <span class='ocrx_word' id='word_1_266' title='bbox 862 3558 946 3597; x_wconf 89' lang='lat' dir='ltr'><strong>sunm</strong></span> <span class='ocrx_word' id='word_1_267' title='bbox 967 3540 1164 3597; x_wconf 83' lang='lat' dir='ltr'><strong>necessitatem</strong></span> <span class='ocrx_word' id='word_1_268' title='bbox 1178 3538 1227 3597; x_wconf 83' lang='lat' dir='ltr'><strong>ha·</strong></span> 
     </span>
     <span class='ocr_line' id='line_1_32' title="bbox 135 3637 1229 3714; baseline -0.004 -13"><span class='ocrx_word' id='word_1_269' title='bbox 135 3643 213 3712; x_wconf 87' lang='lat' dir='ltr'><strong>bere,</strong></span> <span class='ocrx_word' id='word_1_270' title='bbox 227 3653 256 3702; x_wconf 90' lang='lat' dir='ltr'><strong>et</strong></span> <span class='ocrx_word' id='word_1_271' title='bbox 267 3644 400 3703; x_wconf 82' lang='lat' dir='ltr'><strong>clauserit</strong></span> <span class='ocrx_word' id='word_1_272' title='bbox 411 3645 521 3703; x_wconf 84' lang='lat' dir='ltr'><strong>viscera</strong></span> <span class='ocrx_word' id='word_1_273' title='bbox 533 3661 585 3701; x_wconf 88' lang='lat' dir='ltr'><strong>sus</strong></span> <span class='ocrx_word' id='word_1_274' title='bbox 597 3643 632 3701; x_wconf 91' lang='lat' dir='ltr'><strong>ab</strong></span> <span class='ocrx_word' id='word_1_275' title='bbox 653 3658 698 3709; x_wconf 93' lang='lat' dir='ltr'><strong>eo,</strong></span> <span class='ocrx_word' id='word_1_276' title='bbox 712 3639 857 3714; x_wconf 91' lang='lat' dir='ltr'><strong>quomodo</strong></span> <span class='ocrx_word' id='word_1_277' title='bbox 877 3638 997 3697; x_wconf 86' lang='lat' dir='ltr'><strong>charitas</strong></span> <span class='ocrx_word' id='word_1_278' title='bbox 1015 3637 1071 3696; x_wconf 87' lang='lat' dir='ltr'><strong>Dei</strong></span> <span class='ocrx_word' id='word_1_279' title='bbox 1091 3647 1187 3697; x_wconf 89' lang='lat' dir='ltr'><strong>manet</strong></span> <span class='ocrx_word' id='word_1_280' title='bbox 1198 3638 1229 3697; x_wconf 91' lang='lat' dir='ltr'><strong>in</strong></span> 
     </span>
     <span class='ocr_line' id='line_1_33' title="bbox 136 3737 1228 3816; baseline -0.006 -16"><span class='ocrx_word' id='word_1_281' title='bbox 136 3737 232 3800; x_wconf 79' lang='lat' dir='ltr'><strong>eol”⁷</strong></span> <span class='ocrx_word' id='word_1_282' title='bbox 273 3743 443 3816; x_wconf 86' lang='lat' dir='ltr'><strong>inquietudo</strong></span> <span class='ocrx_word' id='word_1_283' title='bbox 464 3755 493 3801; x_wconf 88' lang='lat' dir='ltr'><strong>et</strong></span> <span class='ocrx_word' id='word_1_284' title='bbox 513 3742 603 3800; x_wconf 88' lang='lat' dir='ltr'><strong>nimia</strong></span> <span class='ocrx_word' id='word_1_285' title='bbox 624 3737 1049 3812; x_wconf 88' lang='lat' dir='ltr'><strong>solicitudo&#39;conquirendarum</strong></span> <span class='ocrx_word' id='word_1_286' title='bbox 1067 3746 1095 3795; x_wconf 89' lang='lat' dir='ltr'><strong>et</strong></span> <span class='ocrx_word' id='word_1_287' title='bbox 1114 3753 1228 3795; x_wconf 85' lang='lat' dir='ltr'><strong>conser-</strong></span> 
     </span>
     <span class='ocr_line' id='line_1_34' title="bbox 134 3831 1228 3923; baseline -0.005 -25"><span class='ocrx_word' id='word_1_288' title='bbox 134 3840 293 3900; x_wconf 79' lang='lat' dir='ltr'><strong>vandamm</strong></span> <span class='ocrx_word' id='word_1_289' title='bbox 306 3840 465 3901; x_wconf 79' lang='lat' dir='ltr'><strong>divitiarum</strong></span> <span class='ocrx_word' id='word_1_290' title='bbox 479 3842 602 3923; x_wconf 76' lang='lat' dir='ltr'><strong>avaritie</strong></span> <span class='ocrx_word' id='word_1_291' title='bbox 622 3849 665 3898; x_wconf 89' lang='lat' dir='ltr'><strong>est</strong></span> <span class='ocrx_word' id='word_1_292' title='bbox 677 3840 745 3907; x_wconf 87' lang='lat' dir='ltr'><strong>filia,</strong></span> <span class='ocrx_word' id='word_1_293' title='bbox 759 3858 822 3912; x_wconf 79' lang='lat' dir='ltr'><strong>que</strong></span> <span class='ocrx_word' id='word_1_294' title='bbox 842 3838 1000 3916; x_wconf 88' lang='lat' dir='ltr'><strong>spinarum,</strong></span> <span class='ocrx_word' id='word_1_295' title='bbox 1021 3836 1129 3909; x_wconf 88' lang='lat' dir='ltr'><strong>quibus</strong></span> <span class='ocrx_word' id='word_1_296' title='bbox 1139 3831 1228 3893; x_wconf 82' lang='lat' dir='ltr'><strong>suffo-</strong></span> 
     </span>
     <span class='ocr_line' id='line_1_35' title="bbox 136 3927 1229 4016; baseline -0.008 -18"><span class='ocrx_word' id='word_1_297' title='bbox 136 3949 216 3999; x_wconf 85' lang='lat' dir='ltr'><strong>catur</strong></span> <span class='ocrx_word' id='word_1_298' title='bbox 227 3956 340 4008; x_wconf 78' lang='lat' dir='ltr'><strong>remen,</strong></span> <span class='ocrx_word' id='word_1_299' title='bbox 354 3939 538 4000; x_wconf 86' lang='lat' dir='ltr'><strong>sirnilitudine</strong></span> <span class='ocrx_word' id='word_1_300' title='bbox 550 3938 581 3999; x_wconf 84' lang='lat' dir='ltr'><strong>in</strong></span> <span class='ocrx_word' id='word_1_301' title='bbox 592 3939 752 4016; x_wconf 84' lang='lat' dir='ltr'><strong>Evangelio</strong></span> <span class='ocrx_word' id='word_1_302' title='bbox 765 3927 960 4014; x_wconf 74' lang='lat' dir='ltr'><strong>designatur:8</strong></span> <span class='ocrx_word' id='word_1_303' title='bbox 972 3933 1111 4009; x_wconf 86' lang='lat' dir='ltr'><strong>contingit</strong></span> <span class='ocrx_word' id='word_1_304' title='bbox 1122 3933 1229 4009; x_wconf 88' lang='lat' dir='ltr'><strong>quippe</strong></span> 
     </span>
    </p>
   </div>
   <div class='ocr_carea' id='block_1_7' title="bbox 168 4090 1197 4507">
    <p class='ocr_par' dir='ltr' id='par_1_8' title="bbox 168 4090 1197 4507">
     <span class='ocr_line' id='line_1_36' title="bbox 168 4090 1166 4168; baseline -0.011 -18"><span class='ocrx_word' id='word_1_305' title='bbox 168 4102 207 4168; x_wconf 89' lang='lat' dir='ltr'><strong>(l)</strong></span> <span class='ocrx_word' id='word_1_306' title='bbox 221 4101 246 4150; x_wconf 81' lang='lat'><strong>2.</strong></span> <span class='ocrx_word' id='word_1_307' title='bbox 258 4103 415 4167; x_wconf 74' lang='lat' dir='ltr'><strong>2.qn.clxii.</strong></span> <span class='ocrx_word' id='word_1_308' title='bbox 427 4110 470 4152; x_wconf 82' lang='lat' dir='ltr'><strong>art.</strong></span> <span class='ocrx_word' id='word_1_309' title='bbox 483 4102 505 4152; x_wconf 88' lang='grc'><strong>6.</strong></span> <span class='ocrx_word' id='word_1_310' title='bbox 518 4099 684 4168; x_wconf 80' lang='lat' dir='ltr'><strong>adprimum.</strong></span> <span class='ocrx_word' id='word_1_311' title='bbox 958 4095 1000 4159; x_wconf 71' lang='lat'><strong>(2)</strong></span> <span class='ocrx_word' id='word_1_312' title='bbox 1013 4090 1166 4142; x_wconf 54' lang='lat' dir='ltr'><strong>Metrias.</strong></span> 
     </span>
     <span class='ocr_line' id='line_1_37' title="bbox 170 4176 1161 4253; baseline -0.014 -16"><span class='ocrx_word' id='word_1_313' title='bbox 170 4187 211 4252; x_wconf 78' lang='lat'><strong>(³)</strong></span> <span class='ocrx_word' id='word_1_314' title='bbox 229 4187 295 4253; x_wconf 82' lang='lat' dir='ltr'><strong>Eph.</strong></span> <span class='ocrx_word' id='word_1_315' title='bbox 307 4202 330 4236; x_wconf 83' lang='lat' dir='ltr'><strong>r.</strong></span> <span class='ocrx_word' id='word_1_316' title='bbox 343 4189 368 4237; x_wconf 80' lang='lat' dir='ltr'><strong>b,</strong></span> <span class='ocrx_word' id='word_1_317' title='bbox 961 4178 1001 4243; x_wconf 71' lang='lat'><strong>(4)</strong></span> <span class='ocrx_word' id='word_1_318' title='bbox 1021 4176 1089 4227; x_wconf 82' lang='lat' dir='ltr'><strong>Eecl.</strong></span> <span class='ocrx_word' id='word_1_319' title='bbox 1101 4191 1126 4224; x_wconf 87' lang='lat' dir='ltr'><strong>x.</strong></span> <span class='ocrx_word' id='word_1_320' title='bbox 1138 4177 1161 4224; x_wconf 78' lang='grc'><strong>9.</strong></span> 
     </span>
     <span class='ocr_line' id='line_1_38' title="bbox 169 4260 1193 4338; baseline -0.01 -18"><span class='ocrx_word' id='word_1_321' title='bbox 169 4272 212 4338; x_wconf 83' lang='lat'><strong>(5)</strong></span> <span class='ocrx_word' id='word_1_322' title='bbox 226 4272 253 4321; x_wconf 80' lang='grc'><strong>8.</strong></span> <span class='ocrx_word' id='word_1_323' title='bbox 265 4273 384 4333; x_wconf 83' lang='lat' dir='ltr'><strong>Thomas,</strong></span> <span class='ocrx_word' id='word_1_324' title='bbox 396 4274 421 4321; x_wconf 74' lang='lat'><strong>2.</strong></span> <span class='ocrx_word' id='word_1_325' title='bbox 432 4275 457 4323; x_wconf 65' lang='grc' dir='ltr'><strong>Ξ.</strong></span> <span class='ocrx_word' id='word_1_326' title='bbox 468 4278 554 4337; x_wconf 69' lang='lat' dir='ltr'><strong>quast.</strong></span> <span class='ocrx_word' id='word_1_327' title='bbox 565 4269 646 4320; x_wconf 79' lang='lat' dir='ltr'><strong>cxviii</strong></span> <span class='ocrx_word' id='word_1_328' title='bbox 658 4275 703 4318; x_wconf 78' lang='lat' dir='ltr'><strong>art.</strong></span> <span class='ocrx_word' id='word_1_329' title='bbox 714 4267 746 4317; x_wconf 83' lang='lat' dir='ltr'><strong>ir.</strong></span> <span class='ocrx_word' id='word_1_330' title='bbox 761 4264 837 4334; x_wconf 74' lang='lat' dir='ltr'><strong>Resp.</strong></span> <span class='ocrx_word' id='word_1_331' title='bbox 957 4263 1000 4328; x_wconf 75' lang='lat' dir='ltr'><strong>(b)</strong></span> <span class='ocrx_word' id='word_1_332' title='bbox 1017 4264 1025 4309; x_wconf 92' lang='grc'>1</span> <span class='ocrx_word' id='word_1_333' title='bbox 1042 4261 1110 4311; x_wconf 83' lang='lat' dir='ltr'><strong>Tim.</strong></span> <span class='ocrx_word' id='word_1_334' title='bbox 1122 4260 1154 4310; x_wconf 83' lang='lat' dir='ltr'><strong>vi.</strong></span> <span class='ocrx_word' id='word_1_335' title='bbox 1169 4261 1193 4311; x_wconf 88' lang='grc'><strong>9.</strong></span> 
     </span>
     <span class='ocr_line' id='line_1_39' title="bbox 171 4344 1197 4424; baseline -0.012 -18"><span class='ocrx_word' id='word_1_336' title='bbox 171 4359 214 4424; x_wconf 88' lang='grc'><strong>(7)</strong></span> <span class='ocrx_word' id='word_1_337' title='bbox 229 4356 241 4406; x_wconf 86' lang='lat' dir='ltr'><strong>l</strong></span> <span class='ocrx_word' id='word_1_338' title='bbox 254 4354 327 4406; x_wconf 84' lang='lat' dir='ltr'><strong>Josn.</strong></span> <span class='ocrx_word' id='word_1_339' title='bbox 338 4354 371 4406; x_wconf 86' lang='lat' dir='ltr'><strong>iii.</strong></span> <span class='ocrx_word' id='word_1_340' title='bbox 385 4359 424 4406; x_wconf 85' lang='grc'><strong>17.</strong></span> <span class='ocrx_word' id='word_1_341' title='bbox 959 4347 1002 4414; x_wconf 79' lang='lat'><strong>(8)</strong></span> <span class='ocrx_word' id='word_1_342' title='bbox 1022 4344 1082 4397; x_wconf 81' lang='lat' dir='ltr'><strong>Mat.</strong></span> <span class='ocrx_word' id='word_1_343' title='bbox 1093 4344 1145 4396; x_wconf 85' lang='lat' dir='ltr'><strong>xiii.</strong></span> <span class='ocrx_word' id='word_1_344' title='bbox 1155 4348 1197 4395; x_wconf 60' lang='grc' dir='ltr'><strong>π.</strong></span> 
     </span>
     <span class='ocr_line' id='line_1_40' title="bbox 175 4434 381 4507; baseline 0.01 -15"><span class='ocrx_word' id='word_1_345' title='bbox 175 4434 253 4495; x_wconf 83' lang='lat' dir='ltr'><strong>Ver..</strong></span> <span class='ocrx_word' id='word_1_346' title='bbox 274 4435 381 4507; x_wconf 76' lang='lat' dir='ltr'><strong>1.-a·1</strong></span> 
     </span>
    </p>
   </div>
   <div class='ocr_carea' id='block_1_8' title="bbox 0 0 1386 4980">
    <p class='ocr_par' dir='ltr' id='par_1_9' title="bbox 0 0 1386 4980">
     <span class='ocr_line' id='line_1_41' title="bbox 0 0 1386 4980; baseline 0 0"><span class='ocrx_word' id='word_1_347' title='bbox 0 0 1386 4980; x_wconf 95' lang='lat' dir='ltr'><strong> </strong></span> 
     </span>
    </p>
   </div>
  </div>
 </body>
</html>
