2766 4996
563 373 798 435 PRAEFATIO.
1208 397 1227 434 v

132 556 205 629 que
237 555 304 605 nos
336 533 458 607 faciles
493 536 609 621 nimis,
636 540 674 606 et
710 534 991 632 indulgentiores
1026 533 1224 620 habituros,

134 674 172 742 in
201 669 380 765 aliquibus
413 672 594 743 severiora
628 679 817 759 sectantes,
841 695 981 745 morum
1013 675 1225 746 nostratium

134 798 233 870 haud
249 797 372 871 habita
396 802 556 871 ratione:
584 799 648 870 sed
674 799 711 871 id
728 800 902 872 affirmare
920 806 1000 872 tuto
1023 824 1225 896 possumus,

135 953 205 1003 nos
230 930 318 1003 nibil
343 932 530 1027 oaptandae
548 934 673 1027 gratioe
700 955 808 1004 causa
824 933 1028 1027 protulisse,
1044 957 1111 1004 neo
1122 937 1227 1026 justi·

136 1066 198 1134 tiae
216 1065 334 1136 nimine
351 1064 539 1138 affectasse
565 1064 715 1137 laudem.
769 1063 952 1137 Ceterum
969 1089 1077 1159 quum
1104 1064 1147 1136 de
1173 1071 1230 1137 tot

137 1196 247 1268 rebus
274 1220 378 1292 agere
405 1199 614 1293 oportuerit,
643 1219 723 1290 quae
750 1195 850 1269 nullo
877 1192 1058 1268 Ecclesiae
1085 1190 1230 1268 decreto

139 1327 296 1401 definite
307 1334 401 1414 sunt,
416 1328 519 1400 laoile
530 1329 735 1423 contingere
752 1331 869 1422 potuit
885 1334 926 1399 ut
943 1352 964 1399 a
988 1334 1088 1400 reete
1104 1331 1231 1401 semite

139 1461 272 1552 saepius
290 1459 579 1531 deflecteremus:
607 1458 760 1550 ideoque
775 1456 931 1530 libenter
947 1461 1122 1553 potiemur
1139 1463 1231 1554 supi-

139 1594 316 1664 entiorum
328 1593 467 1686 judicio
477 1595 663 1665 maturiori
675 1614 744 1663 nos
758 1594 886 1664 instrui
903 1597 940 1662 et
955 1591 1146 1662 emendari.
1186 1590 1230 1664 In

141 1722 307 1794 omuibus
341 1729 459 1795 autern
493 1722 708 1818 Apostolico
734 1721 880 1817 praesuli
912 1717 1090 1794 Romanae
1118 1720 1231 1794 Urbis

141 1855 381 1948 obsequentes
411 1878 479 1928 nos
513 1878 653 1950 semper
682 1854 823 1925 suturos
858 1859 982 1922 sunete
1011 1853 1230 1946 pollicemur,

144 1987 275 2078 quippe
291 1988 351 2078 qui
368 2008 448 2059 eum
474 1987 701 2081 agnoscimus
730 1989 751 2021 “
766 1984 923 2054 omnium
942 1982 1232 2056 Christianorum

144 2114 364 2203 dootorem‚’'
382 2116 466 2187 fidei
486 2124 524 2187 et
539 2138 677 2188 morum
695 2115 865 2188 divinitus
884 2116 1117 2188 constitutum
1140 2115 1234 2207 judi·

144 2271 223 2320 eem
240 2254 278 2320 et
291 2248 488 2321 custodem.

191 2620 398 2671 Prrrnnnrnrnm

254 2725 326 2775 Ferte
338 2724 364 2773 S.
375 2721 461 2775 Caroli
472 2722 614 2784 Borromm',
628 2726 700 2775 rell.
