2744 4980
310 413 368 473 DE
389 412 685 474 PECCATORUM
705 413 1030 477 DISTINCTIONE.
1125 464 1140 493 :-
1157 426 1218 485 289

158 583 213 637 19.
236 577 360 645 Quando
372 579 475 638 endem
489 591 553 637 actu
567 579 687 639 diversis
699 580 857 639 rationibus
870 582 934 654 quis
953 581 1073 653 laeditur,
1094 586 1175 662 plura
1185 607 1220 648 eo

108 680 266 738 contineri
286 677 418 737 videntur
437 688 563 755 peccata.
606 680 655 737 Sic
678 681 727 751 qui
748 680 866 737 alterum
886 680 959 738 salso
981 693 1095 742 accusat
1105 685 1222 755 intrudis,

108 779 202 845 furti,
225 778 355 856 perjurii,
377 779 465 836 tribus
491 779 648 836 rationibus
669 779 754 837 infert
773 779 906 855 injuriam
930 780 1022 839 same.
1065 783 1222 845 Nonnullis

108 889 223 936 tamen
244 876 356 935 videmr
380 878 497 935 unicum
524 887 672 954 peccatum
699 879 813 955 gravius
839 897 891 955 pro
913 879 1078 955 injuriarum
1104 885 1221 944 ratione.

108 973 276 1035 Ceterum
290 994 354 1049 que
368 977 399 1034 in
408 977 512 1053 jurgiis
526 976 708 1053 proferuntur
720 976 756 1035 ad
768 995 859 1035 unum
872 985 1023 1054 peccatum
1043 979 1223 1052 reducuntur,

108 1093 219 1149 quum
233 1093 272 1132 ex
285 1074 387 1133 eudem
400 1076 448 1133 irae
463 1075 571 1152 impetu
582 1076 807 1152 proficiscantur,
817 1085 846 1132 et
857 1077 1045 1154 injuriauulla
1057 1080 1225 1157 plerumque

108 1173 283 1236 inferant:
304 1175 459 1233 nonenim
482 1174 554 1232 fides
577 1176 620 1232 eis
641 1175 797 1234 adhibetur.
841 1175 919 1234 Inter
938 1195 987 1235 eos
1008 1179 1057 1251 qui
1075 1180 1141 1239 vilis
1161 1193 1228 1240 suut

111 1273 305 1332 venditionis
318 1292 335 1330 a
347 1273 432 1350 culpe
450 1274 531 1349 gravi
544 1274 627 1332 facile
648 1283 822 1333 excusantur
841 1273 959 1334 dicteria
980 1285 1086 1337 temere
1107 1281 1225 1357 prolata,

113 1373 188 1433 nisi
202 1373 338 1450 specialis
351 1372 480 1431 criminis
494 1374 636 1432 accusatio
649 1368 722 1431 fiat¹

167 1475 223 1530 20.
245 1473 334 1530 Actus
356 1472 515 1548 respiciens
538 1472 647 1549 objecta
668 1472 760 1549 plura,
774 1490 841 1545 qum
864 1473 952 1530 instar
969 1475 1054 1533 unius
1068 1478 1227 1548 cubabunt,

120 1572 253 1630 unicum
263 1580 472 1648 estpeccatum.
507 1571 557 1630 Sic
570 1570 615 1628 fur
624 1571 914 1648 ausereuspecuniam
924 1573 954 1630 in
963 1591 1061 1632 mensa
1069 1577 1229 1635 nummula·

124 1672 244 1730 riorum
254 1691 270 1728 a
281 1670 411 1746 plurimis
420 1672 574 1748 repositam
581 1671 700 1729 unicum
710 1666 832 1729 admittit
838 1681 996 1747 peccatum3
1011 1672 1063 1730 sed
1072 1676 1229 1733 nummula·

127 1772 193 1829 rius
202 1771 233 1828 in
244 1787 312 1827 suus
322 1789 392 1828 usus
401 1781 514 1828 vertens
525 1788 588 1843 quae
597 1789 614 1825 a
623 1769 753 1845 plurimis
764 1770 874 1845 accepit
883 1769 1029 1837 servanda,
1037 1773 1157 1849 singulis
1165 1774 1232 1832 facit

132 1869 280 1947 injuriam.
322 1868 535 1928 Eucharistiam
557 1867 756 1939 administrans
776 1867 893 1945 indigne
913 1868 1044 1944 plurimis
1067 1870 1102 1928 ad
1122 1890 1230 1931 sacram

133 1985 268 2027 mensam
281 1968 368 2026 simul
381 1967 589 2034 accedentibus,
603 1967 689 2026 unius
702 1967 811 2044 peccati
824 1985 890 2025 reus
901 1966 1045 2043 plerisque
1058 1968 1178 2040 ametur,
1188 1983 1233 2029 est

135 2067 216 2127 enim
242 2068 366 2125 convivii
388 2068 486 2125 instar.
529 2067 556 2124 E
578 2075 685 2134 contra,
708 2066 803 2143 plures
824 2067 974 2125 absolvens
996 2067 1114 2146 indigne
1135 2081 1234 2146 peccat

137 2168 236 2234 toties,
250 2185 338 2240 quum
353 2165 496 2243 judicium
516 2165 680 2242 perficiatur
699 2164 793 2238 quoad
812 2165 952 2240 singulos,
965 2176 994 2225 et
1013 2175 1091 2225 actus
1110 2168 1189 2226 sitin
1202 2188 1233 2227 sc

138 2266 311 2342 completus.

399 2476 484 2551 5111.
506 2475 554 2534 Du
576 2495 747 2535 unuvrrsrs
768 2491 977 2535 succinuntur.

177 2661 229 2714 21.
251 2654 341 2714 Error
355 2655 518 2713 Stoicorum
533 2654 690 2713 iuitomuia
707 2665 824 2729 peccata
840 2673 905 2712 esse
920 2656 1014 2730 paria;
1035 2654 1086 2713 sed
1099 2666 1238 2733 repugnat

144 2756 227 2821 ratio,
240 2755 288 2813 cui
301 2755 393 2831 magis
407 2754 593 2812 adversantur
612 2753 719 2829 flagitia
738 2751 862 2811 nefanda
880 2762 979 2810 contra
996 2763 1133 2823 naturam,
1155 2772 1240 2825 quam

143 2854 246 2913 delicta
278 2864 375 2911 contra
403 2855 548 2911 caritatem
579 2853 711 2928 pmximo
737 2851 870 2910 debitam.
918 2851 1063 2926 Scriptura
1090 2853 1175 2910 etiam
1203 2851 1239 2909 de

145 2952 317 3027 quibusdam
331 2953 418 3011 veluti
439 2953 613 3010 immanibus
635 2951 802 3009 criminibus
825 2951 928 3026 sapius
951 2948 1084 3022 loquitur,
1097 2950 1188 3008 levius
1211 2952 1242 3009 in

146 3052 244 3129 culpas
265 3053 416 3128 plerasque
437 3051 682 3109 animadvertens:
706 3051 788 3107 “Vre
801 3048 912 3108 homini
931 3048 972 3105 illi
992 3067 1043 3125 per
1062 3069 1147 3123 quem
1165 3049 1242 3108 filius

147 3152 273 3210 huminis
299 3145 471 3209 tradetur.'’²
511 3149 608 3227 Hujus
628 3149 738 3208 facinus
760 3149 868 3207 malitia
892 3148 978 3223 longe
1001 3158 1131 3224 prestare
1157 3149 1243 3207 Pilati

149 3252 248 3324 iniquo
266 3249 376 3328 judicio
390 3249 488 3308 docuit
508 3249 660 3307 Christus:
682 3249 772 3315 “Qui
792 3266 838 3305 me
858 3244 972 3304 tradidit
991 3247 1050 3314 tibi,
1072 3247 1163 3323 majus
1177 3265 1243 3323 pec·

149 3365 243 3408 catum
258 3344 390 3406 babet”³
432 3347 625 3407 Protestantes
639 3358 756 3425 peccata
768 3347 840 3404 inter
853 3363 884 3402 se
897 3342 1013 3403 differre
1032 3343 1163 3414 iatenbrr,
1178 3365 1245 3419 qus-

149 3459 232 3508 tenus
246 3447 377 3520 quoedam
397 3450 489 3525 magis
511 3455 671 3524 repugnant
691 3447 793 3504 rationi
816 3455 844 3502 et
865 3444 923 3521 legi
944 3443 1063 3502 divinar:
1084 3443 1136 3503 sed
1149 3449 1246 3506 omnia

150 3547 204 3607 Dei
217 3549 289 3606 iram
303 3557 331 3604 et
342 3548 490 3606 interitum
503 3557 639 3605 aternum
652 3546 756 3622 pariter
774 3546 876 3604 mereri
895 3544 1023 3621 plerique
1043 3544 1244 3606 centendunt.⁴

185 3736 228 3799 (1)
246 3733 311 3783 Vide
323 3733 350 3783 S.
364 3734 437 3800 Alpb.
450 3737 465 3785 1.
479 3751 500 3785 v.
512 3750 534 3784 c.
546 3734 564 3785 i.
598 3733 664 3785 Dub.
676 3734 702 3784 ii.
713 3741 755 3783 art.
764 3732 788 3782 ii.
799 3748 825 3782 u.
837 3730 879 3780 ts.

186 3821 226 3885 (2)
246 3820 306 3869 Mar
319 3821 434 3870 uvidi.
704 3819 746 3885 (³)
765 3817 840 3869 Joun.
851 3817 905 3867 xix.
917 3818 955 3867 10.

187 3909 230 3972 (l)
250 3906 363 3957 Recituto
385 3907 470 3957 Jucobi
495 3906 643 3965 testimonio,
663 3905 721 3956 nii.
745 3905 782 3953 10.
799 3904 859 3953 dicit
878 3901 1000 3952 Nenlcnd
1021 3910 1076 3967 port
1095 3901 1249 3954 Bumetum:

147 3998 165 4022 ⁴⁴
175 3989 264 4042 lienes
277 4007 315 4041 ne
326 3991 453 4051 conclude,
465 3991 516 4042 tbut
528 3991 561 4041 ull
573 3989 710 4056 opposition
723 3996 748 4038 to
759 3987 801 4037 the
818 3986 964 4036 commenda
973 3985 1002 4034 ot
1014 3985 1078 4045 God,
1089 3985 1213 4052 isnortby
1225 3990 1254 4038 ci

149 4072 236 4133 death,
246 4073 342 4136 though
355 4082 380 4123 ut
391 4074 433 4124 the
444 4089 511 4124 nme
522 4073 581 4124 time
593 4088 631 4122 wc
640 4071 742 4122 sdmita
758 4073 826 4132 grett
842 4067 935 4130 variety
949 4065 976 4116 in
993 4065 1034 4117 tlte
1044 4066 1131 4130 degree
1148 4069 1177 4119 os
1189 4071 1252 4133 guilt

151 4157 265 4208 mensu
278 4165 303 4207 to
314 4157 427 4208 different
443 4155 520 4208 rinn''
554 4155 673 4220 Auslyris
684 4152 711 4204 ui
725 4149 841 4203 Burnet’s
853 4150 947 4216 Expor-
959 4157 1002 4199 art
1015 4149 1063 4201 xvi.
1076 4165 1101 4217 p.
1112 4153 1172 4201 208.
1189 4152 1252 4204 Vidn

154 4251 180 4293 et
191 4241 285 4306 longer
297 4241 353 4292 Get.
366 4241 450 4295 Presb.
461 4258 487 4294 u.
501 4244 557 4291 1⁶2.

198 4338 276 4396 Vor.
297 4337 405 4396 1.-2u
