2766 4996
320 435 376 496 DE
398 435 664 497 FORENSIBUS
685 438 1056 501 OBLIGATIONIBUS.
1176 447 1235 501 389

138 600 227 669 endo,
242 602 423 680 effringendo
437 624 589 671 carcerem,
604 605 726 681 doloque
739 617 768 665 et
780 609 809 665 vi
822 608 967 666 moderata
979 607 1095 676 utendo,
1110 625 1167 681 qua
1179 608 1233 666 sibi

138 701 289 758 consulat:
311 703 397 759 utitur·
418 705 495 762 enim
517 705 634 763 naturali
652 707 718 782 jure
739 706 825 763 vitam
846 707 987 775 servandi,
1009 709 1165 779 obicesque
1181 707 1235 763 sibi

139 798 271 873 objectos
285 800 355 858 tollit
368 801 476 875 absque
490 803 580 861 nimio
598 804 716 862 aliorum
727 798 856 861 damno.l
897 804 1040 866 Caeterum
1053 816 1183 882 peccaret
1195 805 1236 862 iu·

138 897 290 957 ceudendo
310 917 452 958 carcerem
472 921 537 959 cum
559 902 710 960 manifesto
733 902 896 960 discrimine
917 905 1015 961 mortis
1037 906 1165 972 aliorum,
1187 903 1232 960 vel

138 996 298 1055 occidendo
321 998 468 1056 custodem
491 1000 536 1056 vel
556 1001 643 1058 alium
663 1018 845 1074 quemquam,
860 1011 890 1059 ut
909 1001 1051 1060 evaderet.
1093 1000 1177 1068 Quod
1198 1000 1234 1058 ad

139 1093 212 1152 alios
227 1098 325 1153 attinet
338 1097 387 1168 qui
408 1099 593 1156 iustrumenta
607 1099 647 1156 illi
661 1099 843 1178 suppeditant
861 1101 963 1172 quibus
981 1119 1122 1159 carcerem
1136 1098 1232 1157 effrin-

139 1203 198 1269 gat,
212 1194 258 1250 vel
271 1213 377 1266 equum
392 1214 448 1268 quo
462 1196 571 1263 evadat,
586 1199 676 1255 semel
694 1218 709 1255 e
723 1216 834 1256 carcere
852 1217 993 1275 egressus,
1008 1199 1053 1256 vel
1067 1199 1138 1256 alias
1151 1215 1232 1254 suam

138 1304 275 1366 praestant
287 1312 413 1368 operam,
426 1293 555 1353 videntur
565 1299 693 1355 excusari
705 1315 801 1372 posse,
813 1316 902 1369 quum
915 1298 982 1373 fuga
995 1298 1037 1355 illi
1050 1298 1143 1364 liceat,
1154 1295 1231 1354 ideo·

139 1408 196 1461 que
210 1409 326 1466 operam
339 1405 473 1468 praestant
481 1395 546 1470 jure
560 1412 613 1452 suo
628 1397 725 1453 utenti.
757 1395 891 1468 Plerique
907 1408 1000 1453 umen
1013 1396 1148 1454 damnant
1160 1396 1231 1453 alios

139 1500 241 1563 praeter
254 1509 336 1547 reum
349 1510 490 1550 carcerem
512 1493 705 1570 effringentes,
728 1495 772 1551 vel
793 1496 853 1552 vim
874 1494 1050 1562 adhibentes,
1065 1514 1153 1567 quum
1176 1494 1231 1570 ipsi

139 1587 250 1644 nullum
260 1590 309 1665 jus
323 1590 444 1646 habeant
455 1591 605 1648 resistendi
622 1594 768 1649 sententiae
790 1594 964 1658 executioni,
979 1604 1008 1650 et
1020 1593 1149 1650 ordinem
1163 1587 1231 1667 pub

138 1686 202 1743 licae
211 1687 329 1762 justitiae
343 1689 460 1746 violent.

182 1788 249 1843 130.
271 1788 328 1853 Qui
346 1788 449 1864 injuste
463 1785 612 1845 damnatus
626 1800 670 1844 est
683 1798 775 1863 potest
794 1787 957 1844 executioni
970 1788 1127 1854 sententiae,
1141 1786 1170 1842 vi
1183 1786 1230 1843 ad·

139 1882 239 1950 hibita,
253 1888 393 1953 resistere,
407 1887 448 1943 uti
462 1884 545 1943 docet
557 1886 589 1943 S.
605 1887 746 1951 Thomas,
771 1904 858 1957 quum
880 1886 958 1942 enim
977 1885 1138 1943 damnasset
1151 1903 1244 1959 reus}

137 1982 315 2042 resistentem
332 1988 416 2062 justae
440 1987 597 2052 sententia,
619 1984 784 2060 subjunxit:
808 1984 902 2050 “Alio
923 1983 1010 2042 modo
1029 1983 1231 2042 condemnatur

138 2080 243 2153 aliquis
257 2084 379 2160 injuste:
401 2092 431 2139 et
450 2084 504 2140 tale
520 2082 661 2158 judicium
681 2082 773 2140 simile
793 2093 837 2139 est
849 2082 990 2140 notente
1009 2084 1165 2142 latronum:
1187 2100 1231 2137 se·

139 2179 265 2238 cundum
287 2182 366 2249 illud,
381 2182 492 2239 Ezech.
514 2183 593 2238 xxii:
617 2181 785 2256 ‘Principes
808 2182 870 2256 ejus
893 2182 923 2238 in
946 2181 1041 2239 medio
1062 2182 1136 2239 illius
1151 2181 1231 2252 quasi

136 2278 198 2353 lupi
219 2281 360 2356 rapientes
380 2279 503 2355 praedam
518 2279 552 2336 ad
573 2279 775 2337 effundendum
796 2279 985 2354 sanguinem!
1028 2279 1069 2336 Et
1080 2278 1145 2336 ideo
1158 2279 1232 2335 sicut

136 2378 205 2435 licet
218 2379 347 2433 resistere
368 2378 531 2444 latronibus,
547 2379 584 2434 ita
597 2379 664 2436 licet
675 2379 805 2435 resistere
820 2380 849 2435 in
863 2379 909 2435 tali
923 2395 989 2436 casu
1004 2377 1085 2434 malis
1099 2375 1232 2452 principi·

138 2477 204 2542 bus,
219 2475 274 2532 uisi
289 2476 359 2533 sorte
373 2487 487 2552 propter
496 2476 658 2535 scandalum
671 2477 826 2544 vitandum,
838 2496 902 2535 curn
913 2495 950 2533 ex
964 2477 1018 2535 hoc
1032 2476 1125 2548 aliqua
1138 2475 1230 2552 gravis

140 2574 262 2632 turbatio
277 2568 468 2633 timeretur.”²

180 2677 247 2731 131.
270 2675 403 2747 Plerique
431 2674 555 2750 theologi
575 2687 691 2731 censent
711 2695 789 2731 reum
810 2674 846 2730 ad
862 2677 1010 2733 ¹mitiorem
1031 2690 1144 2748 poenam
1165 2673 1229 2728 sub·

138 2771 260 2831 eundarn
276 2775 373 2839 teneri,
389 2790 473 2844 quant
490 2771 581 2848 judex
602 2773 638 2827 ob
658 2773 766 2828 crimen
783 2773 860 2846 juste
881 2771 1056 2837 decreverit;
1077 2787 1130 2825 nec
1142 2784 1229 2842 posse

137 2889 201 2928 eam
229 2873 335 2941 absque
362 2878 478 2944 peccato
505 2867 634 2924 evadere.
677 2868 735 2934 Qui
755 2885 866 2924 carcere
889 2866 1074 2925 includendus
1096 2876 1155 2922 erat
1180 2882 1231 2938 per

137 2981 250 3043 ternpus
270 2967 345 3024 haud
359 2966 532 3033 diuturnum,
547 2976 654 3041 peccat,
671 2967 753 3042 juxta
763 2966 837 3032 illos,
852 2965 987 3042 fugiendo
1000 2982 1036 3022 ue
1049 2963 1226 3022 detineatur:

138 3069 187 3139 qui
203 3067 336 3125 mulctam
350 3066 458 3123 solvere
473 3085 508 3122 ex
525 3064 632 3141 judicis
646 3065 786 3122 sententia
805 3076 924 3131 tenetur,
939 3064 1046 3141 peccati
1060 3079 1125 3120 reus
1138 3071 1190 3129 est,
1205 3061 1230 3117 si

137 3184 200 3222 cam
224 3165 358 3222 detrectet
379 3165 499 3231 solvere,
524 3175 552 3220 et
571 3163 635 3221 dolo
659 3165 705 3220 vel
728 3165 755 3220 ri
776 3163 885 3220 evadat.
929 3163 1071 3220 Caeterum
1093 3161 1227 3217 existimo

138 3282 237 3340 poenas
251 3283 350 3321 omnes
364 3264 402 3320 ita
415 3283 431 3319 a
444 3264 506 3340 lege
521 3263 615 3328 statui,
630 3272 658 3319 et
671 3283 687 3319 a
702 3261 801 3339 judice
815 3261 938 3327 decerni,
952 3269 983 3317 ut
1002 3257 1158 3335 irrogandas
1172 3258 1229 3314 sint

139 3383 155 3419 a
178 3363 294 3439 justitiae
321 3361 477 3428 mirristris;
498 3361 618 3434 ideoque
642 3361 774 3418 damnare
796 3379 852 3418 non
875 3358 969 3427 audeo
988 3377 1064 3424 eum,
1088 3356 1147 3428 qui,
1164 3356 1229 3431 jure

137 3461 231 3519 alieno
244 3462 344 3529 illaeso,
359 3481 390 3518 se
404 3459 544 3528 subducit,
560 3460 714 3517 dummodo
729 3459 890 3515 tamensim
903 3476 961 3515 nun
971 3455 1110 3522 adhibeat,
1119 3464 1146 3512 et
1158 3455 1227 3530 pub

136 3559 224 3617 licuru
238 3560 366 3618 ordinent
382 3579 437 3617 uon
455 3560 608 3635 perturbet.

381 3789 448 3863 §V.
470 3788 517 3846 Du
538 3804 792 3846 ostronurouraus
812 3805 975 3846 suvocn'rr.

187 3969 254 4023 132.
276 3965 437 4022 Advocatus
451 3964 535 4023 debet
548 3965 634 4040 probe
648 3981 733 4022 nosse
752 3962 842 4036 leges,
863 3970 892 4017 et
906 3959 1079 4035 judiciorum
1099 3956 1229 4021 sormam,

138 4072 166 4119 et
188 4065 436 4122 instrumentorum
458 4060 701 4121 conficiendorum
723 4060 871 4126 rationem,
893 4066 924 4114 ut
943 4055 1091 4114 clientibus
1114 4071 1229 4130 operam

240 4251 280 4315 (l)
295 4249 357 4298 Vide
368 4248 525 4313 Jon'l'aylor,
537 4247 609 4296 Duct.
621 4246 686 4296 Dub.
698 4245 715 4295 l.
726 4244 760 4294 iii.
772 4259 792 4292 c.
804 4247 828 4292 2.
840 4243 887 4292 vol.
901 4241 926 4292 ii.
938 4258 961 4306 p.
974 4240 1014 4290 72.

241 4333 282 4399 (2)
302 4337 327 4384 2.
338 4337 363 4383 2.
373 4349 415 4397 qu.
425 4333 484 4383 lxix.
495 4341 539 4383 art.
550 4331 583 4381 iv.
611 4329 688 4396 Καρ.

662 4425 720 4483 34*

1155 4562 1381 4696 ·“Ἰ
