2744 4980
633 1126 775 1188 CAPUT
796 1128 833 1184 V.

554 1344 593 1383 DE
614 1343 737 1383 DECIUS
757 1342 930 1383 sonvsums.

242 1530 290 1585 61.
320 1525 467 1591 Qumruu
493 1522 570 1594 quod
596 1521 722 1579 diximus
749 1521 889 1579 Ecclesiae
916 1531 1089 1596 praeeeptum
1116 1520 1298 1579 deeimarum

203 1627 321 1701 respicit
334 1624 517 1688 solutionem,
533 1640 597 1697 pars
610 1620 718 1678 seilicet
731 1619 841 1678 decima
854 1619 994 1677 fructuum
1015 1630 1094 1678 terrae
1107 1632 1136 1677 et
1149 1619 1297 1696 pecudum

205 1725 268 1799 lege
283 1717 496 1798 praecipiebatur
509 1718 699 1776 sacerdotibus
713 1717 814 1784 danda,
828 1728 913 1793 prout
927 1717 1008 1776 Deus
1021 1720 1084 1796 ipse
1098 1737 1151 1795 per
1164 1719 1297 1794 Moysen

205 1822 312 1899 populo
332 1819 485 1878 lsmelitioo
499 1811 693 1894 praeeepemt.¹
736 1816 809 1874 Haec
828 1815 944 1888 quidem
965 1817 1023 1884 lex,
1038 1837 1126 1891 quum
1147 1817 1184 1874 ed
1197 1834 1297 1876 mores

200 1939 258 1978 nou
278 1927 396 1994 spectet,
419 1936 484 1975 eum
509 1917 607 1974 ritibus
627 1926 656 1973 et
674 1915 784 1992 legibus
807 1914 935 1973 Judaicis
961 1915 1055 1984 desiit,
1078 1917 1144 1993 jure
1164 1927 1297 1974 tamena

202 2016 320 2075 Christo
334 2017 461 2074 Domino
475 2016 562 2071 sacris
575 2014 713 2072 ministris
727 2032 874 2082 concesso,
882 2023 913 2070 ut
921 2016 1132 2074 sustentationis
1142 2014 1297 2073 subsidiaa

199 2115 331 2174 fidelibus
341 2116 509 2190 acciperent:
522 2112 646 2188 “dignus
654 2123 697 2169 est
704 2113 781 2171 enim
791 2103 935 2190 operarius
946 2113 1075 2172 mercede
1083 2105 1186 2173 sua.'’²
1198 2116 1296 2189 Apos-

200 2216 273 2274 tolus
288 2214 317 2272 id
330 2213 480 2271 manifesto
493 2211 594 2269 tradit:
619 2211 800 2284 “Numquid
812 2229 871 2269 non
884 2212 1020 2271 habemus
1034 2222 1203 2290 potestatem
1212 2230 1295 2269 man·

200 2313 331 2381 ducendi,
347 2324 376 2370 et
387 2309 523 2369 bibendit
540 2352 547 2367 .
564 2353 571 2368 .
588 2353 595 2367 .
611 2311 684 2377 Quis
694 2311 795 2368 militat
806 2311 865 2368 suis
879 2311 1026 2387 stipendiis
1040 2312 1197 2384 umquam?
1218 2310 1296 2377 Quis

200 2411 308 2487 plantat
323 2413 446 2476 vineam,
461 2420 489 2465 et
501 2408 537 2465 de
551 2409 640 2467 fructu
654 2409 717 2485 ejus
738 2428 796 2468 non
809 2408 886 2466 editt
927 2410 1000 2476 Quis
1018 2411 1108 2487 pascit
1120 2429 1251 2487 gregem,
1267 2421 1297 2465 et

198 2507 232 2566 de
247 2510 319 2566 laete
333 2510 428 2585 gregis
442 2525 499 2565 nou
514 2507 686 2565 manducat?
728 2506 877 2580 Numquid
898 2509 1054 2568 secundum
1067 2508 1215 2567 hominem
1231 2509 1294 2565 haec

198 2606 282 2665 dico?
324 2609 370 2665 An
384 2617 412 2663 et
423 2606 471 2663 lex
486 2605 547 2663 haee
561 2625 618 2663 non
632 2605 722 2663 dicut
748 2606 893 2682 Scriptum
907 2619 951 2664 est
963 2610 1040 2666 euim
1053 2609 1083 2665 in
1095 2607 1158 2685 lege
1167 2608 1291 2683 Moysi:

200 2704 269 2764 Non
284 2707 410 2783 alligabis
424 2725 456 2763 os
470 2705 536 2762 bovi
551 2705 696 2762 trituranti.
740 2703 891 2776 Numquid
905 2706 941 2764 de
961 2707 1052 2764 bobus
1065 2725 1132 2764 eura
1145 2717 1190 2764 est
1202 2707 1270 2764 Deo
1282 2706 1294 2759 l

199 2804 246 2862 An
260 2817 373 2882 propter
385 2823 438 2862 nos
458 2805 555 2875 utique
577 2804 633 2862 hoc
653 2802 744 2861 dicitt
785 2804 862 2860 Nam
883 2816 998 2882 propter
1016 2824 1069 2863 nos
1090 2807 1194 2881 scripta
1215 2815 1294 2870 sunt,

200 2905 336 2976 quoniam
351 2904 433 2961 debet
452 2904 480 2961 in
501 2922 563 2978 spe,
578 2902 708 2975 quierat,
723 2920 817 2960 arare:
840 2913 868 2958 et
881 2905 930 2976 qui
944 2905 1059 2971 triturat,
1073 2905 1103 2962 in
1116 2923 1168 2981 spe
1183 2905 1293 2962 fructus

196 3001 380 3079 percipiendi.
424 3003 457 3059 Si
481 3020 533 3058 nos
553 3002 634 3059 vobis
655 3000 809 3076 spiritualia
827 3003 1040 3069 seminavimus,
1055 3022 1190 3079 magnum
1206 3012 1254 3059 est
1267 3005 1293 3060 si

195 3118 248 3159 nos
262 3100 384 3157 earnalia
396 3109 488 3156 vestra
501 3099 660 3156 metamus?
682 3141 689 3155 .
707 3142 714 3156 .
730 3141 738 3156 .
754 3100 882 3157 Nescitis
903 3102 1038 3173 quoniam
1059 3103 1109 3174 qui
1123 3103 1152 3160 in
1166 3102 1293 3159 sacrario

198 3209 348 3275 operantur
362 3217 425 3270 quae
439 3197 474 3255 de
488 3199 610 3255 sacrario
624 3209 698 3265 sunt,
713 3196 817 3255 edunt:
840 3201 925 3272 etqui
946 3200 1024 3258 altari
1038 3200 1209 3267 deserviunt,
1224 3218 1293 3257 eum

197 3299 276 3356 altari
302 3298 491 3374 participant?
533 3297 575 3355 lta
594 3307 622 3353 et
648 3297 792 3354 Dominus
815 3296 953 3355 ordinavit
972 3300 1007 3357 iis
1029 3300 1078 3370 qui
1099 3299 1294 3375 Evangelium

199 3398 375 3464 annuntiant,
403 3396 438 3453 de
465 3395 624 3472 Evangelio
656 3387 800 3454 vivere.''³
841 3395 942 3455 “Jure
968 3397 1178 3474 Evangelieo‚''
1200 3397 1295 3470 inquit

198 3494 327 3552 loannes
348 3495 463 3560 Devoti‚
485 3495 549 3551 “ad
565 3495 681 3552 alendos
702 3496 821 3553 elericos
841 3496 924 3553 nullae
938 3497 1049 3555 iudietae
1070 3506 1136 3554 sunt
1148 3495 1291 3560 deeimae3

198 3601 304 3649 tantum
320 3591 477 3649 Christiani
486 3593 623 3667 jubentur
635 3592 773 3650 Ecclesiae
787 3594 923 3651 ministris
937 3597 1061 3671 praebere
1075 3597 1239 3653 necessaria
1256 3593 1293 3651 ad

198 3691 283 3748 vitam
300 3690 419 3747 honeste
434 3707 466 3745 ae
480 3688 611 3745 decenter
624 3688 834 3747 traducendam.
876 3692 976 3765 ltaque
990 3694 1078 3752 divini
1092 3692 1206 3765 quidem
1217 3693 1295 3769 juris

199 3799 243 3847 est
255 3789 331 3861 quod
344 3789 379 3845 iis
393 3789 442 3859 qui
453 3787 531 3844 altari
542 3787 709 3854 ministrant,
720 3790 880 3847 necessaria
889 3792 952 3848 vitm
964 3792 1090 3851 subsidia
1097 3793 1293 3867 praebeantur;

199 3907 257 3948 non
271 3889 348 3954 item,
363 3886 438 3959 quod
448 3905 481 3943 ea
494 3885 529 3942 de
543 3904 630 3943 eausa
642 3883 723 3943 detur
736 3887 847 3945 decima
860 3908 924 3965 pars
939 3891 1081 3949 fruetuum
1095 3903 1185 3959 terrae,
1200 3890 1294 3948 etheo

197 3986 314 4059 quidem
326 3984 410 4045 modo
420 3983 536 4041 decimae
551 3984 644 4062 adjus
659 3985 796 4046 Divinum
811 3988 907 4046 referri
921 4009 977 4048 non
992 3983 1162 4067 possunt.”⁴

233 4153 274 4217 (l)
299 4152 490 4202 Lanuvino.
661 4155 703 4218 (2)
724 4152 785 4205 Lue.
797 4169 821 4204 x.
834 4159 857 4204 7.
1027 4157 1070 4222 (3)
1092 4156 1174 4205 lCor.
1187 4157 1221 4205 ix.
1234 4157 1260 4204 t.

233 4237 275 4300 (t)
295 4235 357 4284 lust.
367 4252 420 4285 cau.
435 4238 451 4285 1.
463 4236 487 4286 ii.
495 4237 531 4286 tit
543 4237 593 4285 xvi.
606 4254 630 4286 n.
642 4236 668 4286 ii.
687 4237 751 4286 Miro
762 4238 843 4287 studio
855 4234 956 4288 Hoolrer
968 4240 1058 4289 laborat
1071 4248 1099 4289 ut
1111 4240 1197 4304 probet
1208 4237 1297 4288 veteri·

193 4322 239 4370 bus
256 4335 401 4385 persuasum
412 4335 465 4368 esse
477 4318 583 4368 decimu
590 4321 646 4384 jure
657 4320 741 4370 divino
752 4321 832 4370 deberi
845 4337 851 4368 ε
868 4321 933 4385 quod
945 4322 997 4386 ipae
1008 4331 1099 4386 tuetur,
1111 4323 1255 4385 manissime
1266 4306 1290 4370 ir

194 4402 406 4454 oohallueinstus.
440 4401 591 4465 Antiquitios
602 4402 630 4451 ot*
643 4402 684 4451 the
694 4401 818 4453 Christian
830 4401 939 4463 cauma,
951 4404 966 4453 l.
979 4421 1001 4452 v.
1013 4421 1035 4456 c.
1047 4422 1068 4452 v.
1135 4461 1136 4464 ¹
