2744 4980
631 1189 772 1250 CAPUT
792 1190 848 1249 IV.

585 1420 633 1459 DE
668 1417 899 1459 DECALOGO.

228 1600 277 1653 27.
299 1595 411 1653 Deonu
424 1596 496 1672 legis
510 1601 659 1674 preceptis
673 1599 809 1656 contineri
831 1598 973 1673 praecipua
985 1596 1056 1673 legis
1071 1606 1178 1655 naturae
1193 1597 1286 1672 capita

189 1704 308 1761 constat,
324 1694 563 1769 christianosque
577 1697 682 1755 ideirco
700 1707 816 1754 eatenus
836 1696 975 1771 inligari,
990 1697 1146 1771 praesertim
1162 1695 1287 1752 Christo

189 1792 317 1853 Domino
330 1794 458 1853 dicente:
481 1798 545 1853 “Si
559 1797 603 1852 vis
617 1796 651 1853 ad
665 1798 750 1853 vitam
764 1794 883 1870 ingredi,
895 1814 976 1851 servs
988 1789 1167 1852 mandata.’'¹
1190 1795 1286 1864 Equi·

190 1891 255 1952 dem
268 1893 425 1968 Apostolus
439 1894 591 1953 discrimen
612 1896 684 1952 inter
703 1893 819 1951 Judaeos
841 1903 869 1951 et
890 1893 1010 1958 Gentes,
1030 1892 1147 1949 Christo
1169 1891 1285 1949 adveni·

190 2001 264 2059 ente,
288 1994 429 2051 sublatum
449 2013 513 2050 esse
533 1993 625 2061 docet,
649 2004 793 2066 totamque
816 1993 912 2049 salutis
935 2010 1077 2049 summam
1100 1991 1231 2048 fidelibus
1256 1992 1284 2047 in

189 2091 329 2148 mandatis
343 2092 488 2149 servandis
508 2093 637 2169 reponit:
660 2102 679 2128 ‘⁶
692 2092 882 2149 circumcisio
903 2090 974 2148 nihil
995 2100 1046 2158 est,
1068 2099 1097 2146 et
1110 2092 1284 2166 praeputium

190 2189 263 2247 nihil
276 2201 335 2246 est:
358 2191 408 2248 sed
421 2191 580 2248 observatio
593 2190 788 2249 mandatorum
803 2182 909 2247 Uei.”²
949 2187 1028 2245 Hinc
1041 2190 1217 2265 Augustinus
1233 2208 1284 2264 op·

191 2288 259 2345 time
274 2288 470 2345 animadvertit
482 2291 578 2347 omnia
590 2289 717 2365 decalogi
731 2297 871 2365 praecepta
889 2288 923 2345 ad
943 2306 997 2345 nos
1018 2297 1154 2362 spectare,
1176 2289 1202 2344 si
1222 2289 1284 2344 nni·

193 2405 261 2443 cum
275 2386 310 2443 de
324 2389 452 2462 septima
472 2387 528 2445 diei
549 2391 648 2460 requie
669 2389 807 2464 excipias,
829 2385 904 2459 quod
917 2387 1037 2463 figuram
1051 2387 1161 2457 requiei
1175 2387 1283 2461 populo

190 2483 247 2541 Dei
261 2495 377 2540 servatae
391 2503 480 2556 quum
495 2488 646 2550 contiueat,
661 2505 727 2541 cum
741 2487 849 2540 caeteris
860 2483 948 2557 Legis
964 2482 1075 2538 Veteris
1098 2483 1196 2556 figuris
1211 2495 1285 2540 tran-

190 2583 246 2638 siit.
287 2580 362 2638 Illud
374 2582 498 2657 Moyses
519 2599 556 2638 ex
575 2591 672 2639 monte
688 2579 865 2638 descendens
878 2577 1013 2637 Israelitis
1033 2582 1192 2654 praesertim
1207 2600 1285 2640 com·

191 2678 353 2738 mondavit:
375 2689 395 2717 ‘⁴
406 2699 472 2737 nam
486 2698 524 2736 ex
537 2679 637 2737 decern
657 2680 807 2756 praeceptis
826 2679 881 2735 hoo
901 2678 995 2735 solum
1014 2679 1122 2754 populo
1136 2682 1285 2755 praecepit,

192 2778 270 2851 quod
286 2779 402 2854 figurate
416 2779 455 2836 ibi
469 2778 576 2836 dictum
590 2788 647 2835 est:
669 2778 723 2835 alia
736 2781 843 2854 quippe
853 2794 958 2835 novem
971 2777 1046 2834 sicut
1057 2789 1199 2855 precepta
1208 2789 1285 2845 sunt,

190 2880 277 2936 etiam
300 2879 330 2935 in
351 2879 437 2935 Novo
457 2878 642 2936 Testamento
663 2877 838 2936 observanda
860 2877 976 2934 minime
996 2875 1166 2934 dubitamus.
1210 2877 1286 2935 Illud

191 2986 286 3032 autem
299 2994 388 3033 unum
401 2975 436 3031 de
457 2977 582 3034 Sabbato
599 2993 691 3048 usque
711 2977 782 3034 adeo
803 2977 921 3051 figurata
941 2974 998 3032 diei
1017 2976 1131 3050 septimi
1152 2977 1286 3033 observa·

190 3075 266 3132 tione
280 3072 355 3150 apud
368 3073 509 3131 Israelitas
523 3074 647 3132 velatum
659 3073 720 3141 suit,
735 3086 763 3131 et
783 3076 811 3132 in
826 3075 963 3149 mysterio
984 3084 1159 3150 preceptum
1174 3075 1236 3139 suit,
1259 3084 1289 3132 et

190 3172 314 3248 quodam
327 3184 502 3230 sacramento
514 3172 687 3250 figurabatur
699 3183 731 3230 ut
744 3173 829 3231 hodie
843 3193 858 3228 a
872 3173 953 3230 uobis
967 3191 1025 3230 non
1039 3173 1216 3238 observetur,
1233 3175 1286 3231 sed

191 3272 283 3330 solum
299 3270 377 3343 quod
389 3271 564 3346 significabat
575 3266 782 3329 intueamur.”³
823 3271 931 3330 Merito
945 3273 1031 3347 igitur
1048 3272 1204 3330 concilium
1219 3274 1286 3332 Tri·

192 3370 339 3429 dentinum
353 3369 501 3429 anathema
520 3371 622 3429 tulitin
642 3381 801 3430 asserentes
821 3370 921 3429 decem
942 3381 1085 3447 precepta
1105 3371 1178 3428 nihil
1199 3375 1286 3449 pcrti-

86 3456 91 3461 ⁵
191 3488 258 3527 nere
277 3468 313 3526 ad
326 3462 533 3526 Christianos.⁴

229 3571 279 3623 28.
301 3566 438 3624 Mandata
446 3567 499 3625 hac
508 3568 658 3626 verbomm
668 3569 740 3626 serie
755 3571 784 3626 in
797 3568 894 3626 Exodi
907 3568 978 3625 libro
992 3568 1077 3626 relata
1090 3579 1171 3626 sunt:
1188 3576 1206 3602 “
1217 3568 1285 3644 Ego

191 3683 255 3724 sum
268 3665 411 3723 Dominus
433 3665 514 3724 Deus
537 3677 612 3733 tuus,
627 3668 674 3739 qui
698 3666 783 3723 eduxi
804 3677 830 3723 te
850 3666 885 3723 de
908 3676 980 3724 terra
1000 3667 1135 3742 AEgypti,
1149 3665 1183 3723 de
1198 3665 1288 3727 domo

191 3764 340 3822 servitutis.
383 3765 452 3822 Non
466 3764 582 3822 habebis
596 3765 675 3823 Deos
689 3765 796 3821 alienos
816 3784 911 3822 coram
931 3783 988 3822 me.
1031 3766 1101 3823 Non
1124 3766 1210 3822 socies
1234 3768 1287 3824 tibi

190 3862 330 3937 sculptile,
343 3880 436 3936 neque
449 3883 565 3922 omnem
579 3863 803 3931 similitudinem,
822 3873 942 3936 quaeest
962 3865 991 3921 in
1013 3865 1086 3921 coelo
1106 3863 1240 3940 desuper,
1256 3875 1288 3922 et

190 3978 254 4034 que
267 3963 297 4019 in
311 3972 383 4019 terra
395 3961 537 4029 deorsum,
552 3981 605 4020 nec
618 3981 716 4021 eorum
730 3981 793 4035 quae
806 3963 914 4021 suntin
927 3963 1006 4034 aquis
1021 3962 1165 4021 subterra.
1208 3964 1239 4020 N
1242 3982 1282 4023 on

190 4057 318 4117 adorabis
331 4079 374 4128 ea,
389 4080 481 4135 neque
494 4061 587 4119 coles:
603 4081 657 4138 ego
671 4080 735 4120 sum
743 4062 887 4121 Dominus
897 4061 978 4120 Deus
989 4061 1151 4130 tuussortis,
1160 4062 1281 4131 zelotes,

292 4265 334 4328 (l)
354 4261 478 4313 Matrix.
492 4264 531 4312 17.
863 4266 905 4330 (l)
928 4264 1009 4315 lCor.
1020 4266 1061 4314 vii.
1079 4269 1117 4314 19.

291 4347 330 4413 (³)
351 4346 482 4406 Quaestio
494 4348 574 4399 Exod.
587 4350 602 4398 1.
615 4349 638 4399 11.
651 4365 692 4413 qu.
706 4352 760 4401 172.
863 4352 905 4416 (4)
923 4351 988 4400 Sese
1001 4352 1032 4400 vi.
1041 4364 1094 4400 con.
1108 4351 1159 4400 xix.
