2744 4980
404 390 461 449 DE
482 389 686 451 SECUNDO
708 393 959 454 PRAEOEP'I'O.
1191 403 1228 460 et

129 568 249 637 propter
274 558 441 634 parvitatem
467 557 544 624 mali,
571 557 647 631 quod
674 561 739 632 quis
765 560 843 619 alteri
869 561 1048 636 imprecatur,
1075 562 1226 624 ueletiam

129 668 248 735 propter
260 657 393 715 affectum
407 657 585 733 proferentis,
600 656 669 715 dum
690 677 727 716 ex
746 659 803 717 levi
822 669 911 727 motu,
926 659 971 716 vel
984 671 1021 718 cx
1033 661 1112 729 ludo,
1127 673 1175 721 aut
1188 682 1225 722 ex

127 758 313 832 subreptione
327 757 381 813 alia
399 759 485 815 verba
503 755 693 832 proferuntur,
715 760 782 833 quia
801 767 916 834 peccata
934 762 1085 818 verbomm
1098 762 1224 821 maxime

128 874 167 914 ex
180 855 284 913 affectu
293 849 495 932 pensantur.’'¹
534 854 553 912 J
555 855 690 914 uxtahaec
696 859 844 934 principia,
856 858 959 930 quibus
969 859 1064 917 nullus
1072 860 1222 939 theologus

128 953 308 1020 contradicit,
322 955 463 1030 pleraeque
476 953 690 1014 maledictiones
710 975 726 1012 a
739 957 817 1032 gravi
836 959 920 1033 culpa
932 959 1028 1016 valent
1047 959 1155 1017 eximi:
1177 961 1224 1020 vel

128 1056 210 1113 enim
222 1053 403 1129 proteruntur
414 1053 444 1110 in
457 1054 609 1112 animantia
618 1056 797 1122 irrationalia,
811 1057 857 1113 vel
871 1058 900 1113 iu
912 1075 958 1112 res
971 1045 1138 1115 inanimatas
1150 1077 1158 1125 ς
1179 1060 1225 1117 vel

128 1154 195 1212 leve
209 1153 316 1210 malum
329 1153 503 1226 respiciuut;
523 1155 569 1211 vel
583 1156 608 1212 si
629 1156 752 1232 gravius,
767 1153 846 1211 deest
865 1141 984 1213 affectus
1004 1166 1033 1213 et
1051 1156 1225 1215 desiderium

128 1252 246 1310 efficax.
288 1251 360 1316 Qum
380 1260 474 1309 autem
487 1269 525 1309 ex
542 1253 746 1311 vehementiori
760 1255 801 1310 ira
820 1255 850 1312 iu
863 1256 1011 1337 inimicum
1030 1254 1225 1322 effunduntur,

128 1370 167 1409 er
183 1353 278 1409 animo
291 1349 373 1407 facile
387 1351 536 1426 prodeunt,
557 1371 729 1430 gravemque
750 1351 870 1411 induunt
888 1354 1034 1411 malitiam.
1078 1354 1224 1413 Caeterum

126 1451 210 1509 omni
235 1447 330 1506 studio
356 1450 424 1508 eniti
449 1459 570 1526 oportet,
596 1462 627 1509 ut
648 1451 747 1509 fideles
769 1471 786 1508 a
807 1453 1052 1510 maledictionibus
1078 1454 1222 1522 omnibus,

126 1549 250 1620 aliisque
263 1550 391 1615 vocibus,
406 1550 508 1621 quibus
522 1549 618 1608 divino
638 1551 789 1626 derogatur
807 1551 921 1618 honori,
943 1552 1107 1619 abstineant,
1130 1572 1220 1625 quum

126 1667 182 1705 eos
195 1648 278 1705 valde
291 1646 425 1704 dedeceat
436 1649 471 1705 iis
490 1650 542 1716 uti,
557 1669 619 1721 quac
639 1651 724 1706 etiam
744 1649 932 1707 offensionem
953 1668 1085 1726 magnam
1098 1653 1221 1726 pariunt

127 1748 160 1804 N
162 1767 196 1804 ec
210 1757 304 1804 tamen
317 1745 420 1803 debent
439 1748 603 1806 confessarii
617 1759 664 1806 aut
681 1749 895 1806 concionatores
909 1747 979 1804 adeo
993 1749 1023 1805 in
1045 1768 1093 1805 eas
1113 1750 1220 1817 invehi,

124 1857 160 1904 ut
174 1855 276 1921 putent
288 1844 383 1901 fideles
396 1864 480 1920 grave
493 1858 527 1903 ss
546 1845 691 1903 admittere
712 1845 844 1903 delictum
865 1847 976 1917 quoties
996 1864 1044 1903 eas
1064 1848 1221 1922 proferunt,

125 1954 146 1980 ‘⁶
161 1963 201 2001 ne
217 1953 258 2001 tot
270 1944 368 2002 anime
380 1961 416 2000 ex
429 1945 587 2020 ignorantia
600 1945 636 2001 ob
650 1963 797 2004 erroneam
811 1945 1013 2002 conscientiam
1027 1946 1135 2019 peccati
1149 1964 1223 2004 mor·

126 2043 194 2101 talis
209 2044 313 2100 misere
326 2035 489 2120 pereant.”²
528 2043 574 2100 Ad
588 2046 698 2118 praxim
712 2044 789 2116 quod
808 2044 906 2101 attinet
924 2061 1010 2099 voces
1024 2043 1096 2100 illae:
1120 2052 1140 2079 ‘⁶
1152 2044 1221 2102 Dia·

127 2144 215 2200 bolus
235 2153 260 2198 te
273 2141 394 2218 rapiat,”
419 2142 529 2200 “Deus
543 2151 569 2199 te
590 2141 736 2210 damnet,”
757 2144 925 2218 plemmque
939 2161 997 2199 non
1017 2151 1083 2198 sunt
1095 2143 1224 2200 mortalia

128 2252 255 2319 peccata.
306 2240 402 2299 Multo
423 2243 516 2299 minus
537 2254 629 2298 voces
642 2241 758 2307 mutila,
781 2243 931 2312 omnisque
958 2257 1059 2296 sensus
1082 2250 1223 2316 expertes,

130 2359 204 2413 quas
217 2339 351 2399 adhibent
363 2340 491 2416 plerique
505 2339 540 2397 ad
560 2359 640 2398 veras
660 2339 873 2397 maledictiones
893 2336 1051 2405 evitandae,
1072 2348 1138 2397 sunt
1157 2357 1222 2415 pec·

129 2451 192 2496 cata
202 2441 306 2515 gravia.
341 2439 426 2506 Quod
434 2441 531 2498 attinet
541 2437 575 2495 ad
589 2438 766 2496 anathemata
781 2438 931 2505 Ecclesiae,
946 2435 1014 2494 dicit
1027 2437 1059 2493 S.
1074 2438 1221 2496 Thomas:

130 2539 257 2595 “Etiam
281 2539 414 2595 Ecclesia
435 2537 580 2595 maledicit
592 2536 866 2603 anathematizando,
881 2539 955 2594 sicut
976 2536 1061 2593 etiam
1075 2535 1222 2613 prophetie

130 2639 161 2693 in
175 2637 329 2711 Scripturis
344 2635 514 2708 quandoque
534 2637 725 2711 imprecantur
743 2635 817 2692 mala
837 2635 1041 2709 peccatoribus,
1062 2636 1143 2707 quasi
1158 2652 1223 2692 cou-

130 2736 286 2793 formantes
299 2735 470 2791 voluntatem
483 2752 564 2790 suam
585 2734 686 2790 diviuae
702 2733 836 2809 justitiae:
856 2732 924 2789 licet
942 2731 1107 2806 hujusmodi
1121 2733 1223 2807 impre-

131 2835 255 2892 cationes
269 2834 380 2910 possint
393 2834 477 2890 etiam
490 2851 542 2907 per
550 2831 668 2890 modum
680 2831 922 2908 praenuntrationis
936 2822 1108 2914 iutelligi.'’³¹

498 3049 513 3123 §
533 3048 588 3106 llI.
610 3049 658 3106 Du
678 3048 873 3106 Junaununo.

170 3207 219 3259 45.
240 3201 439 3261 Juramentum
453 3211 497 3257 est
509 3201 648 3259 invocatio
662 3199 750 3258 divini
763 3199 887 3257 nominis
901 3195 936 3253 ad
950 3195 1037 3254 fidem
1050 3196 1219 3254 faciendam.

132 3301 283 3358 luvocatur
295 3310 390 3358 autem
404 3299 495 3366 Deus,
510 3299 555 3356 vel
568 3317 715 3373 expresse,
724 3298 772 3354 vel
781 3296 934 3371 implicite:
956 3312 1103 3369 expresse,
1114 3295 1139 3351 si
1149 3293 1223 3351 dica·

133 3412 177 3458 tur
190 3409 209 3435 “
222 3400 320 3457 Deum
342 3398 459 3466 testor,”
485 3407 503 3434 ‘⁶
516 3398 573 3456 Per
586 3397 681 3454 Deum
704 3396 743 3453 ita
755 3393 830 3462 est,”
855 3392 910 3449 &c
925 3393 1062 3468 implicite
1076 3392 1143 3450 dum
1158 3393 1223 3465 quis

131 3501 243 3557 invocat
256 3498 351 3556 Deum
373 3499 404 3556 iu
426 3498 559 3556 creaturis
582 3499 612 3554 in
627 3496 729 3567 quibus
743 3493 903 3570 specialiter
916 3493 978 3569 ejus
998 3491 1127 3550 attributa
1139 3491 1224 3551 reful-

131 3608 199 3673 gent
210 3618 218 3665 ;
240 3606 271 3654 ut
280 3598 305 3653 si
315 3598 380 3670 quis
390 3599 467 3674 juret
480 3606 499 3633 ‘⁴
511 3593 706 3671 pcrcoelum,’‘
723 3601 805 3671 “per
817 3591 991 3660 infernum,”
1007 3600 1026 3626 “
1035 3591 1225 3669 perEvauge·

130 3696 201 3762 lia,''
217 3705 236 3731 “
248 3715 300 3772 per
308 3699 433 3756 animam
443 3694 556 3753 suam.'’
602 3695 796 3765 Quaecumque
806 3693 902 3752 animo
907 3689 1022 3769 jurandi
1035 3691 1223 3766 proferuntur,

133 3796 190 3852 vim
200 3796 356 3871 juramenti
369 3814 465 3853 coram
479 3793 544 3851 Deo
563 3794 707 3856 obtinent:
728 3802 837 3859 cetera,
858 3791 911 3848 etsi
931 3791 1057 3865 speciem
1066 3786 1222 3864 juramenti

133 3895 324 3968 praeseferant,
334 3893 489 3973 juramenti
508 3903 604 3950 carcnt
623 3893 741 3950 ratione.
783 3890 894 3948 Idcirco
912 3888 1037 3945 maxime
1058 3880 1227 3941 attendenda

133 4000 176 4048 est
187 3993 366 4066 loquentium
380 4011 471 4059 mens,
485 4001 513 4048 et
525 3993 688 4049 communis
708 3990 893 4054 cousuetudo,
907 3996 939 4044 ut
957 3985 1139 4060 dignoscatur
1151 4001 1226 4056 qute-

134 4109 200 4149 nam
214 4093 287 4151 iuter
295 4095 457 4170 juramenta
466 4089 642 4149 recensenda
648 4090 714 4150 sint.
757 4095 776 4122 “
788 4083 930 4146 Formulae
939 4084 995 4152 he,
1011 4081 1111 4142 ‘Deus
1124 4081 1223 4152 novit,'

172 4258 215 4325 (¹)
234 4257 314 4309 220·
326 4276 367 4326 qu·
379 4259 551 4311 lxxvi-uuiti.
767 4255 809 4319 (a)
829 4252 854 4302 s.
867 4255 986 4320 Alpheus
998 4251 1013 4302 t
1025 4250 1059 4301 iu
1071 4250 1160 4303 urae.

440 4346 477 4412 (3)
494 4351 519 4396 2.
530 4345 574 4396 20.
585 4360 626 4411 qu.
638 4341 714 4396 lxxvi
725 4349 768 4392 ert.
782 4341 798 4391 i.
834 4339 909 4409 Καρ.
