2766 4996
197 434 255 489 ³32
364 426 422 486 DE
443 421 803 486 OBLIGATIONIBUS
824 420 1120 485 GIAERICORUM.

200 593 311 652 videtur
322 594 389 651 stari
396 609 493 670 posse,
508 589 643 664 quamdiu
654 591 809 668 episcopus
820 587 889 663 quid
899 589 1024 665 speciale
1032 587 1111 647 haud
1120 586 1281 645 decreverit:

200 690 251 749 sed
264 691 421 750 cavendum
434 709 469 748 ne
483 688 637 748 discrimen
660 707 745 748 omne
768 690 842 747 inter
863 687 984 746 clericos
1006 698 1036 745 et
1057 687 1151 745 laicos
1175 685 1283 747 tollamr.

199 808 265 848 nam
277 788 312 846 ad
320 787 408 848 decus
418 789 491 847 sacri
505 787 612 847 ordinis
624 789 755 863 pertinet,
769 796 801 844 ut
812 787 949 854 vestibus,
960 787 1036 845 sicut
1047 795 1079 844 et
1091 784 1229 849 moribus,
1238 782 1285 839 dis

200 897 358 955 cernantur,
383 887 453 946 adeo
475 897 508 945 ut
528 884 704 944 consuetudo
725 905 782 959 quc
803 884 958 943 discrimen
980 885 1137 952 tolleretur,
1152 883 1286 960 plerisque

200 984 329 1043 videatur
341 986 509 1062 corruptela,
523 987 552 1043 vi
566 994 593 1041 et
600 985 783 1042 excusatione
790 1001 900 1050 carens,
915 985 1000 1042 “nisi
1009 984 1084 1060 justi
1094 1000 1183 1041 causa
1189 980 1286 1038 timoris

201 1086 331 1162 exegerit
351 1086 476 1143 habitum
499 1078 746 1149 transformari;”¹
766 1082 812 1139 vel
834 1082 892 1140 nisi
913 1084 1007 1160 gentis
1029 1099 1130 1140 mores
1153 1080 1287 1138 inveterati

201 1183 322 1255 pbstent,
336 1186 412 1243 sicut
421 1181 496 1260 apud
507 1181 594 1242 ludos
607 1182 771 1258 contingere
784 1179 895 1239 dicitur.

492 1413 557 1488 511.
599 1413 648 1472 Dr
662 1431 829 1473 essarris-s
843 1429 1010 1471 servanus.

242 1596 271 1649 ³.
293 1591 443 1649 Tenentur
455 1588 631 1659 subdiaconi,
641 1601 670 1648 et
682 1592 731 1663 qni
751 1609 834 1651 sacro
845 1589 900 1648 alio
913 1588 1012 1647 ordine
1026 1588 1159 1665 insigniti
1172 1600 1246 1652 sunt,
1259 1585 1289 1643 ad

204 1688 370 1749 servandam
390 1690 557 1758 castitatem,
571 1689 642 1748 adeo
664 1701 696 1747 ut
714 1691 824 1748 irritum
843 1689 881 1745 sit
899 1688 1113 1746 matrimonium
1136 1696 1288 1745 attentatam

205 1800 271 1866 post
282 1787 411 1848 ordinem
425 1807 536 1846 sacrum
549 1798 723 1864 susceptum.
766 1798 785 1824 ‘⁶
795 1788 984 1862 Presbyteris,
993 1785 1172 1854 diaconibus,
1187 1783 1289 1842 subdia·

204 1887 333 1954 conibus,
344 1896 372 1943 et
385 1886 541 1954 monachis,
556 1887 728 1945 concubinas
740 1884 853 1954 habere,
861 1904 912 1943 seu
926 1884 1107 1944 matrimonia
1120 1883 1288 1945 contrahere.

205 1985 318 2061 penitus
339 1984 551 2051 interdicimus;
572 1995 714 2043 contracta
736 2003 850 2057 quoque
872 1984 1051 2041 matrimonia
1073 1984 1109 2040 ab
1132 1979 1289 2059 hujusmodi

205 2081 335 2157 personis
349 2079 484 2158 disjungi,
499 2093 529 2139 ct
547 2101 683 2159 personas
706 2082 740 2140 ad
761 2082 956 2159 penitentiam
978 2080 1082 2139 debere
1102 2082 1205 2157 redigi,
1214 2082 1290 2157 juxta

205 2196 348 2237 sacrorum
362 2197 503 2236 canonum
518 2178 713 2238 definitionem
722 2179 919 2256 judicamus.'’
961 2179 1005 2239 lta
1014 2180 1171 2238 concilium
1184 2180 1290 2237 Latera·

206 2271 350 2336 nense1.²

245 2380 275 2432 4.
288 2375 448 2432 Utcastitas
456 2373 634 2432 sacerdotum
644 2376 805 2449 suspicione
813 2395 845 2432 ac
853 2377 1179 2452 perictdositimmunis,
1190 2376 1291 2433 “vetuit

206 2472 324 2529 omnino
337 2488 439 2545 magna
449 2469 577 2545 synodus
589 2468 743 2548 (Nicoma)
755 2470 883 2528 nelicest
893 2476 1040 2550 episcopo,
1052 2493 1106 2532 uec
1119 2475 1289 2551 presbytero,

206 2587 259 2627 nec
267 2565 397 2632 diacono,
408 2584 461 2623 uec
474 2566 525 2624 ulli
538 2568 651 2641 penitus
662 2585 760 2624 eorum
777 2570 826 2639 qui
837 2578 904 2626 sunt
915 2571 945 2627 in
959 2570 1045 2638 clero,
1055 2572 1289 2631 subintroductam

206 2668 310 2725 habere
331 2664 491 2732 mulierem,
514 2674 700 2742 preterquam
722 2674 850 2734 matrem,
870 2667 915 2725 vel
934 2686 1072 2735 sororem,
1099 2671 1145 2726 vel
1174 2672 1291 2734 amitam

206 2768 253 2825 rel
267 2785 316 2825 eas
333 2765 408 2824 solae
425 2782 572 2840 personas,
587 2783 650 2837 quae
665 2782 781 2822 omnem
796 2767 992 2842 suspicionem
1007 2763 1200 2842 effugiunt.”³
1232 2769 1292 2825 Plu·

206 2868 288 2925 rimis
308 2864 478 2942 specialibus
493 2863 685 2922 sanctionibus
699 2863 850 2940 disciplina
870 2864 932 2922 hoec
945 2884 1023 2941 saepe
1037 2866 1148 2923 munita
1167 2877 1228 2932 est;
1246 2864 1292 2923 ssd

208 2973 367 3038 temporum
376 2963 478 3036 injuria
490 2962 652 3021 etlocorum
663 2962 867 3021 consuetudine
877 2963 960 3022 etiam
972 2965 1132 3022 imminuto.
1154 2962 1291 3021 Ceterum

206 3060 319 3117 castitas
333 3067 377 3115 est
394 3060 512 3115 omnino
533 3060 681 3131 servanda,
696 3074 724 3118 et
745 3080 779 3120 ea
792 3061 950 3119 adhibenda
963 3073 1008 3120 est
1019 3062 1131 3121 cautela
1144 3063 1176 3121 in
1189 3062 1307 3120 ancillis0

183 3144 360 3235 *eligendis
379 3174 441 3229 quae
468 3158 594 3232 speciem
614 3178 730 3217 omnem
751 3160 819 3218 mali
843 3171 982 3219 amoveat.
1024 3160 1117 3238 Igitur
1136 3162 1292 3219 maturioris

207 3259 295 3316 etatis
308 3267 336 3314 et
348 3255 429 3314 samae
453 3256 568 3332 integrm
587 3276 636 3315 eae
659 3277 722 3316 esse
743 3268 870 3333 oportet:
891 3268 921 3316 et
936 3258 1094 3319 cavendum
1119 3279 1156 3317 ue
1173 3260 1293 3318 moribus

205 3358 268 3417 suis
285 3355 353 3414 dent
370 3355 466 3414 locum
488 3357 655 3432 suspicioni.
698 3356 896 3416 Sacerdotibus
915 3357 987 3432 ipsis
1001 3367 1077 3417 tanto
1090 3358 1188 3417 studio
1201 3376 1294 3416 sacen

206 3453 275 3511 dum
288 3464 333 3511 est
343 3453 442 3511 litteris
456 3463 484 3511 et
496 3456 601 3513 muniis
612 3456 710 3522 sacris,
725 3467 756 3514 ut
769 3456 898 3515 humanm
912 3456 1011 3514 salutis
1021 3457 1097 3515 hosti
1111 3459 1194 3517 locus
1204 3458 1293 3516 nullus

206 3547 297 3605 detur.
340 3549 485 3620 Equidem
508 3570 594 3610 nemo
616 3555 670 3612 sibi
690 3555 868 3612 securitatem
880 3556 985 3630 poterit
1004 3555 1154 3632 pollicerir
1174 3556 1292 3629 idemus

206 3645 331 3703 oratione
344 3642 472 3702 divinum
486 3648 625 3711 auxilium
638 3652 822 3722 quarendum
836 3663 888 3711 est.
917 3654 1037 3729 Oportet
1048 3656 1146 3722 etiam,
1160 3666 1294 3727 quatenus

205 3742 268 3801 fieri
287 3743 387 3819 possit,
409 3750 441 3798 ut
459 3744 591 3802 sacerdos
610 3766 709 3806 secum
734 3749 836 3810 habeat
853 3763 1075 3810 commorantem
1095 3754 1143 3812 vel
1159 3755 1292 3830 juvenem

199 3860 292 3915 ,quem
303 3841 338 3901 ad
351 3860 462 3900 sacrum
476 3843 664 3904 ministerium
678 3848 764 3906 verbo
778 3860 806 3907 et
822 3850 963 3927 exemplis
984 3861 1072 3927 parat,
1087 3852 1133 3911 vel
1146 3853 1235 3913 elium
1249 3853 1292 3924 qui

205 3943 284 4000 testis
298 3943 458 4001 ritmorum
473 3944 649 4019 integritatis.

241 4141 281 4205 (l)
302 4142 380 4193 Cone.
393 4143 448 4195 Lot.
458 4147 489 4196 iv.

240 4222 284 4285 (2)
299 4224 427 4290 camari.
445 4228 507 4279 Vide
519 4230 608 4281 Theoi.
618 4233 698 4296 Dogm
716 4233 798 4284 Tract.
808 4251 848 4285 xv.
856 4250 910 4298 cap.
922 4237 962 4285 rii.
973 4238 1021 4287 vol.
1029 4238 1061 4286 iv.

238 4306 278 4368 (3)
299 4305 362 4357 Cen.
370 4308 402 4356 iii
420 4310 484 4361 Vide
495 4323 519 4363 st
531 4315 565 4364 tic
578 4317 602 4365 ii.
614 4318 644 4368 dc
656 4319 834 4370 cobsbitstione
845 4320 987 4372 clericorum
998 4331 1023 4373 st
1033 4323 1174 4385 mulierum,
1185 4340 1240 4376 ceo·
1250 4326 1282 4375 ir.
