2744 4980
197 402 250 454 154
490 396 545 454 DE
568 395 705 453 PRAVA
726 394 1001 453 CUPIDITATE.

527 595 541 666 §
556 593 595 650 ΙΙ.
618 593 666 650 Dr:
681 611 783 649 aenum
797 610 955 649 ourrnrrrs.

227 744 241 766 ‘⁶
251 737 276 786 N
278 753 310 785 on
322 737 480 800 concupisces
487 735 588 783 domum
597 733 715 798 (proximi
724 734 772 799 tui)
783 752 790 792 ;
807 749 858 782 non
867 748 960 794 agrum,
969 748 1020 781 non
1032 747 1138 791 servum,
1149 747 1200 781 non
1213 734 1291 781 ancii-

191 823 247 880 lsm,
259 837 309 870 non
320 823 415 878 bosom,
427 835 477 868 non
490 820 631 876 mirumst
644 818 756 867 universa
765 833 818 880 quo
831 816 988 884 iliiusdsuntf’
1024 816 1099 865 Deut,
1116 832 1141 863 v.
1153 819 1196 863 21.

232 957 301 1008 204.
324 949 391 1007 Hoc
406 958 549 1024 praecepto
562 957 670 1005 vetatur
683 949 791 1019 nequis
805 949 900 1022 cupiat
910 948 1013 1022 injuste
1023 945 1170 1021 possidere
1184 950 1288 1014 aliena,

191 1052 275 1125 juxta
300 1048 370 1104 illud
397 1047 517 1104 Psaltis:
547 1046 702 1123 “Rapinas
729 1047 816 1104 nolite
842 1038 1095 1121 concupiscere.’'¹
1146 1047 1288 1105 Voluntas

196 1145 378 1222 comparandi
405 1147 458 1202 sibi
478 1163 540 1216 quae
562 1146 676 1203 alterius
700 1157 767 1203 sunt
785 1145 967 1221 prohibetur:
989 1155 1018 1202 et
1036 1146 1102 1221 jure
1123 1149 1244 1221 optimo,
1259 1158 1291 1203 ut

196 1246 295 1317 liquet,
310 1264 373 1317 quae
387 1247 464 1303 enim
485 1246 548 1315 quis
571 1248 671 1317 nequit
693 1247 746 1302 sibi
770 1264 884 1302 sumere
908 1245 1014 1315 absque
1036 1243 1151 1300 alterius
1174 1247 1290 1322 injuria,

197 1347 296 1417 nequit
308 1344 467 1402 desiderare
481 1344 587 1416 absque
608 1357 735 1420 peccato,
757 1353 904 1422 peccatum
925 1344 1002 1400 enim
1022 1352 1066 1398 est
1085 1343 1158 1399 velle
1179 1357 1290 1420 patrare

197 1445 373 1521 injustitiam.
417 1442 547 1500 Conatus
570 1445 654 1501 etiam
678 1463 778 1501 omnes
801 1442 837 1499 ad
856 1441 886 1498 id
907 1440 1005 1499 directi
1033 1443 1159 1517 peccatis
1187 1443 1289 1501 meritis

197 1553 393 1602 accensentur.
436 1543 518 1600 Licet
531 1541 728 1613 quidemvelle
742 1543 797 1600 sibi
810 1559 976 1617 comparare
991 1560 1054 1614 quae
1069 1539 1138 1597 alter
1151 1543 1291 1617 possidet,

197 1645 283 1700 salvis
299 1653 391 1698 tamen
400 1642 517 1717 justitiae
531 1642 651 1716 legibue,
666 1652 694 1697 et
707 1642 812 1713 absque
824 1641 937 1698 alterius
948 1639 1136 1698 detrimento:
1159 1643 1292 1712 quamvis

197 1742 258 1798 haee
274 1743 336 1816 ipsa
349 1738 533 1798 coacervandi
548 1740 661 1797 divitias
674 1740 815 1815 cupiditas
829 1758 887 1796 non
907 1750 999 1796 careat
1012 1739 1158 1815 periculo:
1181 1749 1199 1774 “
1213 1741 1293 1797 Nam

199 1842 248 1911 qui
263 1839 360 1895 volunt
373 1840 475 1895 divites
486 1838 556 1903 ficri,
568 1838 735 1896 inciduntin
746 1840 940 1904 tentationem,
952 1853 980 1894 et
990 1840 1019 1895 iu
1029 1838 1164 1910 laqueum
1175 1837 1293 1903 diaboli,

91 1922 119 1965 ²¹⁹
198 1948 226 1995 et
240 1937 379 1995 desideria
392 1937 481 1996 multa
493 1937 603 1993 inutilia
616 1947 643 1993 et
656 1939 766 2003 nociva,
781 1957 844 2010 quae
859 1947 991 2012 mergunt
1003 1937 1137 1994 homines
1152 1939 1181 1994 in
1195 1940 1294 1996 interi·

199 2047 260 2095 tum
280 2047 308 2092 et
328 2027 566 2112 perditionem.”²
606 2035 651 2093 De
675 2036 767 2112 pravis
788 2035 936 2094 desideriis
959 2035 1050 2094 fusius
1069 2036 1099 2094 in
1123 2037 1295 2094 tractaturis

198 2136 322 2211 peccatis
336 2154 418 2211 agere
433 2134 629 2210 proponimus.
944 2190 951 2201 ,

239 2234 285 2292 De
299 2233 444 2309 Decalogo
455 2233 566 2307 egimus
581 2244 720 2305 quatenus
735 2234 891 2291 naturalem
898 2233 992 2310 legem
1003 2233 1133 2300 inculcat,
1148 2246 1176 2291 et
1190 2233 1295 2292 Chris-

200 2333 319 2390 tifideles
334 2332 398 2389 ideo
412 2332 570 2406 obstringit.
614 2331 725 2391 catera
746 2352 808 2404 quae
832 2332 928 2389 divina
947 2332 1026 2408 Lege
1046 2331 1230 2390 includuntur
1243 2353 1295 2389 ex-

199 2430 379 2507 plicabuntur
398 2440 566 2506 opportune,
589 2431 702 2503 quando
724 2430 758 2487 de
779 2429 834 2487 fide
854 2440 882 2487 et
901 2429 935 2488 de
950 2432 1134 2488 sacramentis
1148 2431 1293 2508 agendum

198 2530 261 2586 crit.
303 2529 321 2586 J
324 2548 369 2586 am
390 2528 455 2585 verb
470 2527 505 2584 ad
518 2528 597 2603 leges
618 2549 680 2602 quae
702 2529 758 2588 Dei
772 2531 934 2588 auctoritate
955 2529 1082 2588 seruntur
1099 2528 1136 2587 'ab
1151 2531 1292 2589 Ecclesia

199 2628 369 2705 presulibus
384 2625 591 2702 progredimur.

357 2809 360 2819 ·
401 2796 440 2858 (r)
461 2793 555 2842 Patri.
572 2795 610 2843 11.
857 2797 899 2861 (ι)
923 2795 1013 2847 irim.
1028 2798 1096 2847 vta.
