2744 4980
413 1095 763 1233 TRAOEATUS„
784 1103 892 1176 VIII.

267 1347 327 1409 Du
344 1347 732 1418 OBLIGATIONIBUS
757 1355 1064 1421 SPECIALIBUS.

449 1592 455 1603 '
547 1612 792 1651 v-—ffi—

565 1837 710 1898 oirur
731 1839 756 1897 1.
791 1877 793 1883 .

394 2053 433 2091 DE
452 2053 705 2095 ositomomsus
725 2055 927 2096 ciseicerum.

433 2270 486 2342 §l.
501 2271 549 2328 De
570 2290 707 2329 cientem
728 2289 901 2328 uincamus.

160 2482 185 2534 1.
208 2477 340 2535 Cnnnrcr
351 2476 482 2536 dicunmr
494 2482 635 2548 quotquot
647 2479 702 2536 ritu
715 2496 801 2552 quem
820 2477 918 2538 dicunt
935 2491 1089 2549 tonsuram,
1112 2483 1198 2559 capil-

116 2573 209 2632 lomm
222 2576 332 2634 scilicet
344 2577 484 2640 tonsIone,
499 2575 528 2631 in
538 2586 641 2633 cretum
652 2596 763 2635 sacmm
780 2578 904 2654 cooptati
922 2589 998 2645 sunt,
1013 2587 1041 2636 et
1054 2580 1084 2637 in
1097 2591 1203 2638 sortem

117 2672 236 2731 Domini
250 2673 341 2730 vocati
353 2690 360 2736 ;
381 2677 466 2747 arjos,
482 2675 588 2749 quippe
602 2683 712 2734 sortem
726 2674 801 2752 apud
816 2676 934 2734 Graecos
948 2677 1098 2752 sigificat.

155 2777 184 2827 2.
208 2769 316 2828 Clerici
328 2788 428 2827 omncs
442 2782 571 2829 tenentur
583 2790 620 2830 ex
633 2775 697 2851 lege
716 2774 862 2831 communi
875 2783 1019 2832 tonsuram
1039 2786 1066 2829 et
1079 2774 1205 2831 habitum

114 2868 349 2934 ecclesiasticum,
364 2879 472 2928 vestem
480 2871 591 2927 scilicet
599 2871 724 2939 talarem,
735 2866 869 2928 deferre.¹
909 2879 930 2905 “
940 2869 1006 2928 Etsi
1021 2871 1132 2928 habitus
1146 2890 1205 2930 non

115 2966 199 3024 iaciat
211 2965 393 3034 monachum,
408 2979 520 3044 oportet
532 2982 626 3027 tamen
646 2971 764 3028 clericos
778 2979 872 3027 vestes
885 2970 1001 3045 proprio
1014 2979 1201 3046 congruentes

115 3064 209 3124 ordini
221 3084 336 3142 semper
348 3064 467 3134 deferre,
476 3077 507 3124 ut
521 3085 571 3143 per
579 3067 737 3127 decentiam
748 3069 859 3126 habitus
869 3070 1024 3126 extrinseci
1034 3087 1147 3128 morum
1157 3069 1207 3126 ho·

115 3174 253 3223 nestatem
264 3166 446 3223 intrinsecam
457 3162 637 3224 ostendant.'’
686 3168 729 3228 lta
742 3166 894 3226 concilium
903 3166 1115 3232 Tridentium,
1130 3152 1224 3239 qu&

112 3263 194 3338 jubet
204 3265 257 3322 “si
264 3275 416 3339 postquam
425 3265 459 3320 ab
467 3266 665 3341 episcoposuo
674 3268 758 3324 etiam
767 3263 945 3342 peredictum
955 3265 1098 3341 publicum
1107 3265 1207 3321 moniti

116 3362 229 3429 suerint,
244 3363 394 3421 honestum
407 3362 533 3422 habitum
548 3365 717 3431 clericalem,
733 3365 845 3422 illorum
855 3361 947 3421 ordini
960 3374 990 3420 et
1001 3360 1130 3439 dignitati
1139 3379 1206 3421 eo)

116 3472 273 3537 gruentem,
283 3473 311 3518 et
316 3463 399 3538 juxta
413 3463 503 3538 ipsius
511 3463 639 3538 episcopi
652 3463 868 3528 ordinationem,
878 3469 908 3518 et
916 3460 1079 3520 mandatum
1089 3479 1147 3520 non
1155 3459 1203 3519 de·

116 3559 239 3626 tulerim,
247 3562 818 3637 persuspensionem-coerceripossint,
827 3554 1031 3618 etdebeant.''²
1057 3558 1203 3619 Ceterum

116 3659 142 3715 in
150 3657 205 3716 hac
214 3659 330 3735 regione
339 3668 454 3717 tonsura
462 3661 628 3737 plerumque
639 3679 697 3719 non
706 3661 747 3727 tit,
756 3658 811 3721 nbi
822 3659 852 3717 in
862 3661 925 3735 ipsa
934 3659 1102 3726 initiatione;
1113 3677 1202 3731 quum

116 3759 186 3814 inter
196 3758 344 3815 haeretioos
355 3776 511 3826 versemur,
520 3760 622 3831 quibus
630 3759 752 3818 irrisioni
763 3760 834 3819 l'oret
844 3760 951 3831 absque
960 3759 1106 3835 religionis
1115 3759 1204 3815 lucro.

117 3855 213 3914 Vestis
228 3856 320 3914 talaris
334 3857 419 3916 etiam
433 3877 491 3918 non
511 3859 653 3924 desertum
674 3857 725 3916 scd
744 3859 912 3934 plerumque
926 3856 1011 3913 vestis
1025 3855 1100 3912 infra
1111 3871 1207 3929 genus

115 3954 306 4029 undequaque
319 3955 433 4033 pendet.
476 3957 588 4016 Alicubi
605 3958 729 4014 exterior
749 3957 835 4012 vestis
858 3952 985 4032 ejusdem
1008 3962 1052 4008 est
1064 3951 1161 4008 lormre
1174 3970 1206 4008 ac

113 4073 176 4127 quae
200 4076 218 4112 a
237 4055 317 4113 laicis
341 4054 473 4125 defertur,
497 4055 570 4134 nigri
593 4066 688 4114 tamen
708 4054 822 4113 coloris.
865 4047 1073 4109 eonsuetudini
1096 4050 1203 4126 vigenti

148 4230 192 4294 (l)
213 4227 276 4292 Cap.
288 4243 344 4276 xxv.
357 4226 386 4277 de
397 4230 449 4278 vita
460 4233 483 4278 et
495 4227 588 4281 donat.
624 4227 687 4277 Vide
704 4234 728 4276 st
738 4242 807 4277 conc.
816 4224 884 4275 Trid.
896 4224 962 4274 Sors.
974 4222 1024 4272 xiv.
1035 4237 1056 4273 c.
1069 4221 1105 4273 i!

146 4315 188 4380 (2)
208 4314 275 4364 Son.
287 4313 336 4363 xiv.
346 4329 369 4365 c.
382 4314 412 4364 ri.
423 4313 454 4364 ds
467 4314 508 4362 rel.

1225 4326 1338 4694 l
