2744 4980
212 391 268 446 100
492 383 549 445 DE
570 386 742 454 QUARTO
763 385 1015 447 PRAECEP'I'O.

209 552 285 611 dicta
296 555 341 612 vel
353 553 482 611 convicia
500 555 531 612 in
551 563 680 629 parentes
694 572 789 610 coram
802 552 929 629 conjicit,
943 568 1008 608 reus
1025 559 1069 606 est
1081 552 1176 625 gravis
1195 549 1302 616 delicti,

209 652 284 710 sieut
294 663 323 709 et
335 653 385 726 qui
404 671 453 711 eos
466 661 547 727 gestu
562 653 606 710 vel
618 654 678 710 risu
693 652 855 709 subsannat.
898 651 1021 726 Sapiens
1035 649 1120 706 dicit:
1144 649 1303 706 “Oculum

209 753 258 823 qui
271 752 425 808 subsannat
437 759 556 826 patrem,
570 760 598 807 et
617 752 667 823 qui
688 751 810 826 despicit
827 759 938 825 partum
959 749 1054 805 matris
1073 767 1144 814 suae,
1166 747 1304 804 effodiant

208 867 276 907 cum
288 852 367 909 corvi
377 850 412 908 dc
426 851 604 916 torrentibus,
617 860 646 907 et
658 849 808 908 comedant
820 867 887 906 eum
899 848 951 905 filii
964 841 1113 918 aquilae.''¹
1140 847 1303 904 Murmura·

209 950 301 1007 tiones
321 961 414 1008 autem
435 949 559 1007 tiliorum
581 949 610 1005 in
633 958 762 1024 parentes
782 950 911 1006 absentes
932 946 1007 1004 haud
1027 945 1098 1002 adeo
1119 946 1202 1002 facile
1224 944 1302 1002 dam·

209 1046 309 1105 nandae
332 1058 399 1105 sunt
421 1058 564 1120 tamquam
586 1047 704 1105 lethales
726 1048 828 1123 culpae.
871 1045 958 1102 Nolle
980 1063 1135 1119 agnoscere
1158 1053 1301 1119 parentes,

209 1163 317 1217 eosque
339 1165 478 1222 pauperes
499 1146 655 1222 despicere,
677 1147 842 1222 plerumque
864 1163 950 1220 grave
973 1152 1034 1200 est:
1056 1144 1184 1200 excusari
1207 1151 1302 1198 autem

210 1255 309 1319 posset
320 1245 370 1316 qni
383 1255 491 1320 patrem
505 1245 640 1303 infamem
653 1245 771 1320 sugeret,
785 1245 928 1314 nolletque
942 1243 1034 1318 palam
1049 1260 1213 1317 agnoscere.
1247 1242 1304 1297 Ac·

209 1359 308 1399 ousare
321 1355 452 1419 parentes
472 1344 501 1400 in
515 1344 576 1401 soro
594 1344 671 1401 civili
691 1343 817 1400 criminis
837 1343 968 1417 alicujus,
989 1341 1044 1399 nisi
1064 1340 1161 1398 nullus
1181 1339 1252 1396 alius
1267 1339 1305 1394 sit

209 1439 312 1498 modus
325 1441 486 1517 reipublicae
499 1441 678 1507 consulendi,
692 1442 785 1516 gravis
804 1451 847 1496 est
865 1440 968 1514 culpa:
990 1441 1064 1495 sicut
1083 1441 1167 1495 etiam
1179 1437 1245 1494 lites
1260 1439 1304 1494 eis

208 1540 354 1598 intentare.

248 1639 298 1694 93.
320 1636 428 1694 Contra
440 1634 640 1694 obedientium
659 1644 757 1711 peccat
776 1635 852 1691 filius
865 1636 996 1709 graviter,
1017 1634 1130 1706 quoties
1152 1643 1304 1708 parentum

209 1746 383 1810 preceptum
397 1735 425 1790 in
439 1754 468 1791 re
482 1736 560 1809 gravi
572 1734 782 1810 transgreditur,
796 1752 859 1805 quas
873 1733 982 1790 scilicet
1000 1733 1096 1808 magni
1115 1733 1152 1787 sit
1164 1732 1304 1788 momenti

210 1831 246 1888 ad
268 1832 452 1891 domesticam
473 1833 714 1908 gubernationem,
737 1833 827 1889 bonos
850 1850 954 1898 mores,
976 1832 1021 1888 vel
1044 1833 1144 1888 animas
1169 1830 1303 1887 salutem.

211 1928 289 1988 Hinc
303 1932 361 1987 tilia
374 1949 436 2002 quae
450 1950 507 1989 non
521 1932 581 1988 vult
596 1930 711 2006 juvenis
725 1930 854 1988 deserere
876 1931 1057 1996 consortium,
1072 1927 1148 2001 quod
1170 1939 1306 2004 parentes

210 2028 392 2087 vehementer
404 2039 499 2086 vetant
517 2031 554 2086 ob
572 2029 669 2104 lapsus
688 2030 857 2106 periculum,
870 2029 999 2114 ¹’graviter
1017 2038 1125 2104 peccat.
1168 2028 1306 2099 Plerique

210 2125 325 2198 quidem
339 2137 416 2183 actus
430 2128 479 2199 qui
492 2126 660 2186 obedientie
681 2139 847 2204 repugnant,
870 2147 927 2184 non
947 2141 1013 2184 sunt
1025 2126 1147 2184 habendi
1160 2127 1306 2191 mortales,

209 2225 265 2281 nisi
278 2235 407 2301 parentes
427 2226 561 2283 instanter
581 2227 755 2303 precipiam,
770 2227 816 2283 vel
835 2244 949 2301 gravem
972 2226 1112 2282 tristitiam
1133 2245 1169 2281 cx
1183 2226 1219 2282 iis
1238 2243 1307 2281 con·

210 2325 318 2397 cepturi
331 2333 490 2381 noscantur.
533 2321 720 2383 Consuetudo
733 2334 825 2382 autem
839 2333 980 2400 praecepta
992 2322 1116 2380 violandi
1130 2323 1307 2380 auctoritatis

209 2423 306 2495 patrie
320 2425 493 2497 contemptui
513 2422 571 2479 fere
585 2425 781 2500 aequiparatur.
824 2424 858 2481 ln
871 2422 1052 2480 matrimonio
1067 2421 1190 2479 ineundo
1204 2420 1308 2477 volun·

209 2526 250 2574 tas
264 2529 411 2594 parentum
425 2520 601 2591 exquirenda
614 2532 666 2588 est,
685 2523 839 2596 praesertim
853 2523 887 2576 ab
901 2523 936 2578 iis
950 2522 999 2593 qui
1015 2522 1100 2596 juxta
1112 2520 1190 2595 leges
1204 2519 1306 2575 civiles

210 2616 337 2692 suijuris
356 2616 433 2673 haud
453 2629 652 2693 agnoscuntur.
694 2620 752 2684 Qui
772 2620 857 2694 igitur
877 2635 1029 2692 antequam
1055 2620 1225 2695 vigesimum
1247 2618 1307 2693 pri·

210 2732 290 2771 mum
303 2734 407 2773 annum
421 2712 651 2792 compleverint,²
671 2718 833 2792 parentibus
853 2719 1031 2784 inconsultis,
1046 2718 1091 2773 vel
1103 2716 1308 2773 rationabiliter

211 2812 316 2880 inritis,
326 2815 438 2891 nuptias
452 2815 629 2882 contrahunt,
643 2835 661 2872 a
671 2815 767 2873 lethali
780 2818 865 2892 eulpa
877 2835 934 2873 non
949 2816 1031 2873 facile
1044 2827 1223 2873 excusantur.
1256 2815 1309 2870 Sa·

210 2910 339 2968 cerdotes
352 2913 401 2985 qui
411 2914 524 2988 nuptias
538 2914 735 2990 hujuscemodi
749 2914 898 2981 celebrant,
915 2914 1026 2972 mulctae
1040 2909 1253 2988 subjiciuntur.³

181 3045 187 3058 .
249 3010 299 3064 94.
321 3007 430 3065 Contra
442 3028 575 3069 amorem
588 3013 710 3085 graviter
723 3022 821 3086 peccat
839 3012 926 3078 filius,
940 3013 965 3068 si
978 3010 1044 3068 odio
1057 3022 1190 3087 parentes
1204 3031 1305 3085 prose·

210 3115 322 3175 quatur,
337 3114 366 3161 et
377 3124 461 3181 grave
477 3107 583 3166 malum
604 3109 640 3165 iis
660 3127 697 3164 ex
715 3110 810 3166 animo
830 3119 964 3185 exoptata
985 3110 1010 3164 si
1030 3128 1079 3165 eos
1100 3109 1173 3165 rnalc
1195 3119 1306 3174 tractet,

209 3212 290 3261 torvo
303 3204 386 3261 oculo
396 3222 473 3280 saepe
481 3206 631 3272 intucatur,
642 3225 742 3281 aspere
750 3206 915 3277 alloquatur,
931 3208 1042 3278 aliaque
1051 3206 1098 3263 det
1108 3206 1166 3265 odii
1179 3208 1307 3265 indicia:

210 3311 240 3358 et
251 3304 278 3360 si
290 3304 326 3361 iis
340 3303 467 3362 subsidia
479 3303 513 3360 ad
527 3306 645 3361 salutem
660 3304 785 3380 negligat
797 3324 972 3381 comparare,
983 3306 1012 3363 in
1024 3308 1101 3380 gravi
1117 3307 1162 3362 rel
1175 3319 1311 3364 extrema

210 3403 388 3459 necessitate.
430 3410 450 3437 “
463 3402 594 3461 Graviter
606 3402 672 3460 ideo
686 3414 804 3479 peccant
816 3404 877 3473 filii,
892 3407 917 3462 si
938 3424 997 3463 uon
1016 3416 1117 3462 curent
1128 3416 1160 3461 ut
1172 3415 1308 3480 parentes

209 3500 239 3555 iu
252 3500 370 3558 articulo
382 3502 483 3559 mortis
496 3502 649 3569 constituti,
663 3504 819 3579 sincipiant
832 3513 1038 3562 sacramentum
1053 3504 1307 3579 poenitentiae.'’—

244 3752 287 3818 (1)
307 3750 379 3801 Prov.
390 3768 450 3804 xxx·
464 3756 502 3804 ir.

150 3878 152 3882 .
243 3837 282 3902 (2)
301 3835 331 3885 In
343 3844 407 3887 statu
419 3837 547 3888 Delawsrs
563 3838 620 3890 flttae
633 3842 766 3891 octodecim
783 3858 862 3892 annos
873 3852 935 3892 nats
945 3846 1036 3895 nubere
1048 3854 1151 3909 possunt
1162 3847 1254 3909 absque
1266 3861 1309 3910 ps·

207 3927 302 3971 renum
314 3936 444 3971 consensu.

241 4005 283 4073 (³)
296 4004 363 4066 Lege
374 4003 561 4070 Pennsylranis
579 4011 671 4060 mulcta
687 4011 866 4075 quinquaginta
883 4014 1000 4064 librarum
1020 4015 1180 4076 Anglicarnm
1201 4016 1308 4080 imponi·

207 4097 255 4148 tor,
267 4089 319 4150 legs
331 4087 411 4138 Nove
428 4089 517 4141 Jersca
536 4101 697 4145 tercentorum
715 4103 872 4156 secutorum,
890 4098 942 4158 lege
953 4098 1081 4148 Delawsre
1098 4107 1198 4150 centnm
1218 4101 1309 4149 ssltem

208 4182 365 4233 scutatorum,
376 4175 415 4224 vel
427 4177 500 4226 etism
509 4179 707 4242 quingentorum,
715 4181 805 4247 judicis
816 4181 919 4233 arbitrio.
