2744 4980
194 410 251 465 1³4
468 398 524 459 DE
545 395 734 459 SEPTIMO
754 395 1008 458 PRAECEPTO.
1061 408 1065 413 '

191 583 220 627 et
235 568 290 626 alia
302 567 488 624 instrumenta
498 566 583 624 etiam
593 565 672 640 parvi
681 562 786 621 valoris
796 564 822 620 si
831 562 1041 630 subtrahantur,
1052 561 1200 638 operarius
1214 560 1291 620 diem

192 672 338 744 integrum
353 663 504 735 aliquando
519 685 534 722 a
546 665 642 723 labore
655 661 817 739 impeditur.

239 770 305 824 162.
329 765 364 824 In
377 764 444 822 surti
458 765 593 841 gravitate
613 759 778 821 aestimanda
797 779 983 837 personarum
1002 759 1131 818 habenda
1150 772 1194 816 est
1210 761 1292 825 ratio,

197 880 337 940 quatenus
362 864 410 936 qui
436 861 646 920 necessitudine
667 872 732 918 sunt
751 861 905 937 conjuncti,
931 861 1098 935 plerumque
1125 858 1202 916 haud
1221 859 1294 916 adeo

196 982 270 1042 aegre
283 964 378 1022 lerunt
391 961 497 1033 aliquid
510 962 564 1018 sibi
577 980 594 1017 a
606 960 774 1036 propinquis
787 959 833 1016 vel
845 958 1009 1017 domesticis
1022 958 1135 1016 auferri.
1178 958 1291 1016 Fratres

195 1078 225 1123 et
236 1080 351 1121 sorores
364 1061 461 1118 minus
474 1069 623 1135 gravantur
635 1059 671 1116 ob
690 1077 724 1116 ea
743 1076 807 1133 qum
827 1058 881 1116 sibi
901 1058 1112 1126 subtrabuntur,
1126 1058 1183 1116 nisi
1196 1058 1292 1134 magni

195 1165 252 1221 sint
264 1159 410 1218 momenti.

242 1263 309 1319 163.
331 1259 447 1317 Minuta
459 1258 532 1316 furta
545 1254 695 1328 aliquando
714 1257 744 1314 in
760 1273 850 1315 unum
870 1256 1034 1315 coalescunt
1053 1274 1090 1313 ex
1110 1255 1229 1313 iurantis
1252 1258 1293 1314 in·

195 1360 345 1419 tentione:
377 1359 427 1430 qui
453 1357 530 1415 enim
550 1356 604 1414 sibi
626 1356 804 1432 proposuerit
823 1356 975 1414 notabilem
995 1373 1136 1413 summam
1159 1355 1293 1430 paulatim

201 1461 352 1535 surripere,
374 1458 469 1515 animo
484 1456 545 1532 jam
566 1456 688 1532 gravittn
705 1466 814 1530 peccat,
835 1457 970 1531 gravique
990 1473 1022 1511 se
1042 1455 1194 1531 obstringit
1214 1467 1293 1512 reatu

201 1560 313 1632 quoties
327 1575 362 1615 eo
381 1557 476 1614 animo
490 1573 609 1631 parvum
623 1552 691 1627 quid
705 1555 816 1630 accipit.
859 1554 918 1612 Sed
937 1573 995 1612 non
1014 1572 1120 1612 novum
1140 1553 1296 1613 admittitur

200 1667 349 1735 peccatum
362 1655 483 1731 singulis
497 1654 618 1720 vicibus,
632 1672 720 1726 quum
739 1652 846 1730 singoli
865 1664 943 1711 actus
960 1663 1127 1712 censeantur
1139 1671 1232 1729 praere
1246 1671 1295 1710 vo·

199 1757 316 1815 luntatis
339 1755 471 1811 executio
493 1772 550 1811 una
573 1749 730 1811 continua.¹
773 1752 852 1812 Hinc
871 1751 940 1811 dicit
962 1753 1126 1830 Scriptura:
1156 1752 1296 1809 “Statera

200 1854 301 1914 dolosa
314 1853 486 1911 abominatio
499 1862 543 1910 est
555 1850 629 1928 apud
642 1846 849 1910 Dominum.”²
889 1853 923 1910 si
941 1871 975 1909 ea
993 1853 1065 1910 absit
1083 1852 1211 1918 intentio,
1232 1870 1295 1926 par·

200 1973 269 2013 vum
285 1952 355 2025 quid
367 1952 523 2027 surripiens
536 1951 608 2009 levis
618 1952 710 2028 culpae
723 1970 788 2010 reus
802 1951 998 2028 agnoscendus
1012 1952 1074 2019 erit,
1084 1951 1175 2009 donec
1188 1951 1295 2026 saepins

200 2051 320 2112 furando
333 2069 379 2108 res
393 2051 499 2108 alienas
512 2049 643 2108 notabilis
652 2050 756 2108 valoris
769 2051 822 2109 sibi
836 2051 1059 2127 comparaverit:
1080 2050 1173 2128 gravis
1186 2051 1296 2127 quippe

200 2164 245 2211 est
258 2149 343 2226 culpa
355 2167 403 2207 eas
415 2151 520 2227 injuste
533 2150 661 2225 accipere
674 2151 721 2208 vel
733 2151 865 2209 retinere.
907 2148 986 2209 Hinc
999 2149 1143 2208 darnnavit
1155 2149 1296 2208 innocen·

206 2253 262 2309 tius
277 2249 332 2307 xl.
347 2248 579 2324 propositionem.
623 2257 642 2284 ‘⁴
654 2249 683 2307 N
685 2268 723 2307 on
737 2258 846 2308 tenetur
859 2250 923 2321 quis
936 2249 989 2306 sub
1001 2268 1085 2325 poena
1099 2250 1208 2327 peccati
1221 2266 1297 2305 mor·

206 2351 269 2408 talis
284 2349 431 2406 restituere
444 2347 521 2419 quod
535 2347 656 2407 ablatum
670 2359 713 2405 est
725 2364 777 2425 per
789 2366 879 2424 pauca
891 2347 973 2417 lurta,
987 2360 1247 2420 quantumcumque
1261 2347 1298 2403 sit

201 2466 306 2527 magna
319 2465 433 2504 summa
454 2443 595 2503 totalis.'’³
635 2447 771 2506 Dominis
792 2447 867 2506 lasis
888 2448 1026 2507 restitutio
1045 2446 1209 2525 hujusmodi
1231 2446 1297 2503 iaci·

200 2544 275 2605 enda
286 2558 339 2604 est.
372 2543 457 2612 Quod
471 2546 496 2602 si
509 2546 614 2622 singuli
626 2547 725 2604 leviter
737 2556 844 2605 tantum
857 2548 918 2606 laesi
931 2548 1045 2614 fuerint,
1059 2548 1155 2623 plures
1169 2545 1296 2621 theologi

200 2659 319 2707 censent
332 2646 367 2703 iis
380 2645 433 2703 sub
447 2645 525 2719 gram
539 2663 596 2702 non
609 2662 673 2703 esse
693 2645 856 2704 restituendi
870 2646 1088 2722 obligationem
1109 2656 1138 2703 et
1149 2646 1217 2702 satis
1230 2662 1296 2702 esse

200 2746 306 2818 siquis
319 2743 502 2821 pauperibus,
516 2743 561 2800 vel
575 2743 646 2802 locis
659 2745 715 2820 piis
729 2744 830 2802 tribuat
842 2763 905 2818 qum
919 2747 1022 2822 injuste
1036 2746 1089 2803 sibi
1102 2745 1293 2820 comparavit:

202 2855 230 2902 et
242 2845 272 2902 in
287 2844 342 2902 hoc
357 2843 490 2902 dominos
504 2845 673 2902 consentire.
716 2842 826 2901 Omnes
849 2854 942 2902 antem
952 2846 1125 2903 conveniunt
1137 2844 1204 2902 huic
1217 2844 1296 2901 resti·

201 2943 299 3000 tuendi
314 2942 479 3018 obligationi
492 2944 560 3001 satis
573 2941 633 3002 fieri
648 2943 819 3020 pauperibus
841 2944 932 3003 abluta
944 2943 1101 3011 tribuendo,
1122 2944 1234 3015 quoties
1247 2942 1296 3000 do·

199 3042 271 3101 mini
293 3041 398 3117 singuli
420 3041 519 3098 incerti
542 3040 656 3108 suerint,
676 3041 723 3100 rel
746 3042 781 3100 iis
802 3044 940 3102 restitutio
963 3043 1025 3101 fieri
1046 3054 1169 3116 nequeat
1190 3042 1295 3113 absque

199 3141 278 3218 gravi
292 3140 374 3198 samae
387 3139 433 3197 vel
446 3139 585 3197 bonomm
594 3141 713 3218 jactura.
735 3141 792 3209 Qui
807 3142 890 3219 igitur
902 3152 1003 3200 statera
1016 3143 1116 3202 dolosa
1127 3143 1172 3200 usi
1182 3141 1295 3209 fuerint,

199 3240 246 3298 vel
266 3239 336 3298 alias
360 3248 504 3317 emptores
524 3238 722 3309 fraudaverim,
743 3241 848 3299 debent
869 3243 1011 3309 omnibus,
1032 3260 1104 3315 quos
1124 3242 1246 3318 graviter
1265 3260 1296 3298 se

199 3339 309 3399 lesisse
324 3350 438 3406 norunt,
459 3338 626 3408 restituere;
647 3340 768 3418 singulis
788 3342 883 3410 etiam,
906 3359 978 3414 quos
996 3342 1097 3399 leviter
1115 3341 1258 3405 leserunt,
1272 3341 1296 3397 si

199 3438 351 3497 commode
375 3438 505 3514 possint;
525 3449 554 3494 et
576 3441 758 3516 pauperibus,
781 3441 826 3498 vel
848 3442 898 3517 pio
921 3441 1010 3518 operi,
1033 3440 1209 3517 impendere,
1233 3458 1295 3512 quae

198 3549 406 3612 congesserunt
429 3538 551 3594 incertos
573 3556 770 3611 quoscumque
796 3540 880 3598 etiam
903 3541 1001 3599 leviter
1022 3539 1187 3599 fraudando.
1229 3542 1297 3597 Ani·

198 3633 433 3693 madvertendum
448 3645 541 3693 autem
555 3638 692 3712 majorem
713 3638 819 3710 requiri
839 3657 981 3699 summam
1001 3639 1036 3698 ad
1055 3658 1170 3717 gravem
1193 3640 1297 3698 consti·

199 3732 332 3792 tuendam
346 3732 411 3791 furti
425 3735 584 3801 materiam,
599 3735 712 3806 quando
732 3755 784 3812 per
801 3736 905 3795 surtula
922 3740 1080 3816 surripitur,
1093 3741 1250 3816 presertim
1272 3740 1295 3795 si

198 3852 214 3889 a
243 3832 377 3899 diversis,
404 3843 433 3890 et
459 3834 569 3909 magnis
599 3833 774 3911 interpositis
806 3839 942 3913 temporis
975 3838 1141 3905 intervallis,
1165 3838 1297 3915 surripia-

197 3944 251 3990 tur.
291 3933 322 3989 S.
348 3932 514 4010 Alphonsus
533 3931 570 3990 de
591 3931 709 4010 Ligorio
731 3946 829 3994 censet
848 3944 868 3972 ‘⁴
880 3938 958 4010 quod
970 3937 1295 3998 silurtulafianteidem

261 4148 302 4211 (1)
318 4147 418 4200 Lessius
430 4151 459 4200 de
466 4153 526 4215 just.
538 4151 552 4214 §
565 4151 590 4201 ii.
602 4168 622 4202 c
635 4151 677 4201 xil.
688 4149 745 4202 dub.
758 4152 800 4202 vii.
811 4167 837 4203 n.
848 4154 890 4203 to.
1008 4159 1051 4224 (2)
1063 4155 1136 4207 Pror.
1148 4156 1182 4206 xi.
1198 4158 1219 4204 1.

619 4239 662 4301 (3)
675 4235 749 4303 Prop.
760 4238 865 4290 xxxviii.
