2766 4996
893 210 899 229 ,
958 194 974 223 s

965 238 997 277 1

141 438 201 494 320
389 433 445 493 DE
467 433 678 494 Puccu'sss
699 433 996 496 CAPITALIBUS.

140 601 320 660 lectationem
334 600 396 657 talis
410 602 530 676 peccati,
544 603 583 660 sit
595 612 744 678 peccamm
757 601 885 670 mortale,
897 614 927 661 et
939 623 1001 662 uon
1016 603 1113 664 solum
1127 624 1236 665 consen·

142 717 191 758 sus
206 701 233 756 in
248 708 353 757 actum.
395 700 435 758 Et
447 699 513 758 ideo
526 720 593 759 cum
607 701 708 760 oscula
725 712 754 759 et
773 701 925 779 amplexus
944 703 1121 780 hujusmodi
1134 718 1239 782 propter

142 797 356 856 delectationem
378 799 545 876 hujusmodi
567 801 648 869 fiunt,
671 817 851 872 consequens
877 803 1026 875 estquod
1048 806 1111 863 sint
1133 815 1238 882 peccata

142 897 280 965 mortalia,
292 909 320 955 et
332 899 374 956 sic
384 899 479 957 solum
490 899 621 959 dicuntur
631 895 828 959 libidinosa.”¹
844 898 917 966 Quae
927 900 1033 960 dautur
1043 921 1111 962 eum
1123 905 1239 982 periculo

143 997 277 1074 proximo
289 997 586 1074 pollutioniseandem
602 1001 706 1058 habent
714 998 869 1056 malitiam:
891 1001 953 1058 imo
966 1018 1044 1072 quae,
1059 1003 1185 1063 ulteriori
1198 1022 1239 1081 pe·

143 1096 233 1155 riculo
246 1097 370 1164 secluso,
385 1098 487 1156 dautur
499 1099 536 1156 ob
549 1097 763 1157 delectationem
784 1098 929 1156 carnalem
949 1110 979 1156 et
999 1102 1238 1176 sensibilemque

144 1214 180 1254 ex
194 1197 294 1256 osculo
308 1207 406 1264 oritur,
421 1198 516 1274 gravia
535 1209 611 1266 sunt,
632 1198 730 1275 rejecit
748 1198 826 1254 enim
847 1197 1016 1255 Alexander
1029 1199 1102 1259 Vll.
1119 1205 1241 1280 proposi·

144 1296 251 1353 tionem
274 1305 457 1368 sequentem:
481 1295 568 1353 “Est
587 1297 739 1372 probabilis
759 1296 869 1372 opinio,
890 1313 956 1367 quae
975 1295 1129 1357 dicitesse
1143 1313 1240 1360 mutum

140 1394 255 1489 pniale
268 1395 398 1451 osculum
419 1393 544 1452 habiturn
568 1395 605 1452 ob
625 1394 841 1454 delectationem
863 1395 1010 1453 carnalem
1032 1408 1061 1454 et
1081 1400 1239 1459 sensibilem

137 1498 208 1565 quse
221 1509 259 1549 ex
272 1492 371 1550 osculo
384 1493 482 1557 oritur,
497 1492 611 1551 secluso
629 1495 757 1569 periculo
777 1494 916 1552 ulterioris
937 1512 1104 1554 cousensus
1117 1510 1147 1556 et
1159 1499 1240 1576 pollu-

102 1624 124 1635 --
144 1585 278 1649 fionis.’'²
318 1591 463 1665 Equidem
476 1593 527 1660 uti,
542 1593 634 1664 inquit
648 1593 761 1669 Mayol‚
783 1601 802 1629 ‘⁴
812 1611 971 1652 consensus
984 1594 1015 1651 in
1027 1593 1238 1656 delectationem

144 1691 284 1750 carnalem
298 1693 416 1750 istorum
430 1703 544 1749 actuum
558 1701 603 1749 est
622 1711 779 1751 consensus
800 1694 830 1750 in
850 1691 920 1750 illud
940 1691 976 1749 ad
997 1694 1090 1765 quod,
1112 1708 1238 1769 quantum

145 1793 288 1859 catinae,
303 1791 468 1851 ordinantur
487 1802 623 1859 enatura,
646 1810 748 1867 nempe
770 1793 800 1849 in
820 1792 1016 1859 concubitum,
1032 1794 1079 1851 vel
1101 1795 1179 1854 illius
1198 1795 1238 1853 dc·

144 1884 373 1950 lactationem.”³
415 1891 484 1949 ‘'De
498 1892 605 1949 osculis
619 1901 666 1948 aut
678 1890 856 1967 amplexibus
875 1891 1015 1950 intereos
1031 1891 1190 1972 (juvenes)
1208 1894 1238 1951 ad

144 1989 347 2048 benevolentis
361 2000 390 2046 et
403 1989 597 2047 familiaritatis
614 1991 695 2066 signa
715 1988 885 2062 quandoque
905 1992 1060 2066 usurpatis,
1075 1992 1145 2052 dum
1159 2013 1191 2052 se
1203 1995 1237 2051 vi·

145 2090 238 2153 silani,
254 2098 302 2144 aut
315 2089 348 2145 ab
363 2089 484 2145 invicem
498 2088 633 2146 recedunt
647 2091 731 2166 juxta
750 2107 860 2146 morem
881 2090 979 2165 patriae
1000 2090 1111 2164 absque
1129 2093 1237 2151 libidine

144 2206 204 2248 non
216 2185 328 2260 loquor,
343 2205 396 2245 nec
409 2185 443 2244 de
458 2187 493 2244 iis
508 2206 570 2261 quae
584 2206 670 2246 causa
689 2188 810 2245 levitatis
824 2206 960 2261 vaneque
980 2187 1096 2258 laetitiae,
1117 2191 1236 2249 sistendo

144 2289 184 2347 ibi
209 2287 316 2360 absque
337 2305 425 2364 prava
444 2288 598 2345 intentione
617 2297 646 2345 et
665 2287 848 2346 delectatione
869 2286 975 2346 carnali
993 2288 1151 2360 aliquando
1171 2292 1236 2349 inter

148 2406 199 2445 eos
213 2396 381 2443 exercentur
392 2380 402 2442 :v
421 2388 570 2444 nonenim
585 2387 729 2444 excedunt
740 2386 845 2444 limites
866 2387 973 2463 peccati
988 2389 1121 2458 venialis,
1136 2399 1167 2447 ut
1179 2390 1238 2447 dicit

147 2483 305 2560 Cajetanus
319 2481 354 2539 de
372 2483 529 2557 juvenibus
544 2485 592 2556 qui
607 2486 636 2542 in
657 2483 771 2542 choreis
791 2485 895 2563 digitos
915 2486 1043 2544 mulieris
1058 2506 1116 2546 non
1131 2507 1189 2546 sure
1202 2490 1237 2546 in·

145 2591 277 2655 torquent
290 2580 410 2639 levitatis
425 2576 558 2639 causa.”⁴
600 2592 619 2616 ⁸¹
632 2581 739 2640 Oscula
752 2594 780 2640 et
801 2585 952 2661 amplexus
974 2583 1144 2663 (dequibus
1158 2588 1236 2648 idem.

146 2701 179 2741 ao
192 2681 227 2740 de
241 2681 361 2739 motibus
376 2680 497 2758 partium
512 2681 695 2738 honestarum
713 2681 879 2763 dicendum)
901 2687 1031 2743 excusari
1053 2705 1113 2745 non
1126 2696 1238 2763 possunt

146 2781 286 2842 amortali
300 2783 374 2841 inter
387 2799 523 2859 personas
537 2779 643 2840 diversi
654 2800 753 2850 sexus,
768 2782 833 2840 sacti
847 2784 884 2842 ob
894 2783 1112 2843 delectationem
1125 2786 1238 2844 sensibi-

146 2883 203 2942 lem
217 2884 416 2959 persistentem
431 2882 538 2958 inipso
559 2882 658 2940 osculo
677 2892 706 2940 et
725 2882 870 2958 amplexu,
894 2884 918 2940 si
941 2882 1010 2939 fiant
1022 2903 1089 2942 curn
1103 2885 1202 2944 ardore
1214 2895 1239 2942 et

146 2999 236 3048 mora,
250 2981 393 3056 replicatis
410 2981 459 3040 diu
474 2982 503 3038 iu
517 3001 566 3040 ore
580 2981 696 3048 osculis,
711 2983 829 3058 gustatis
842 2981 925 3040 labiis
946 3000 1025 3039 more
1039 2983 1239 3048 columbarum,

145 3079 244 3157 lingua
256 3081 341 3137 unius
366 3081 480 3139 alterius
494 3101 543 3140 ore
555 3091 684 3157 excepta,
696 3091 811 3156 propter
819 3081 1238 3159 praesentissimumpericulum

147 3197 305 3239 consensus
319 3180 348 3237 in
362 3178 578 3239 delectationem
591 3173 792 3238 veneream.'’⁵
813 3178 920 3238 Oscula
934 3198 998 3252 quae
1012 3181 1085 3239 fiunt
1098 3201 1150 3258 pro
1165 3201 1239 3241 more

147 3283 242 3359 patriar
257 3281 330 3338 inter
343 3282 529 3357 propinquos,
550 3283 669 3348 amicos,
693 3280 799 3337 aliosve
821 3279 968 3345 concives,
990 3293 1089 3339 carent
1102 3283 1196 3360 culpa,
1216 3283 1238 3337 si

149 3381 221 3439 absit
235 3398 337 3455 pravus
352 3378 481 3439 affectus.

187 3482 236 3535 99.
258 3477 417 3553 Amplexus
431 3499 497 3537 cum
518 3498 598 3537 mora
617 3498 701 3556 grave
722 3478 827 3536 habeut
846 3479 1017 3554 periculum,
1029 3490 1060 3536 et
1072 3463 1186 3557 culpam
1201 3483 1238 3538 in·

147 3575 254 3634 ducunt
266 3574 412 3640 lethalem,
424 3579 579 3650 praesertim
591 3597 679 3649 quum
689 3575 816 3635 studiose
827 3577 904 3635 liant.
926 3578 1034 3635 Tactus
1050 3580 1235 3638 mamillarum

147 3675 203 3734 nisi
216 3671 316 3731 leviter
328 3673 446 3730 omuino
461 3674 519 3738 liat,
534 3686 577 3730 cst
591 3678 684 3750 gravis
698 3675 792 3750 culpa.
827 3677 934 3735 Mulier
948 3696 1107 3754 repugnare
1118 3678 1201 3737 debet
1214 3691 1240 3736 et

35 3764 43 3775 '
148 3776 199 3837 niti
215 3783 329 3834 contra:
352 3789 404 3830 uec
418 3772 494 3830 enim
508 3784 585 3829 caret
598 3773 680 3848 culpa
694 3793 756 3847 quae
769 3777 920 3865 amplexus
935 3787 1062 3835 tactusve
1077 3777 1238 3855 hujusmodi

150 3876 280 3936 admittit.
311 3874 476 3933 Excusatur
488 3892 505 3929 a
517 3872 660 3930 nonnullis
674 3891 736 3946 quae
752 3891 808 3948 prae
822 3876 993 3935 verecundia
1006 3895 1064 3935 non
1083 3877 1194 3943 clamat,
1208 3895 1241 3934 ne

149 3977 263 4036 infamis
278 3977 335 4035 fiat.
362 3975 483 4034 Diversa
497 3983 540 4031 est
557 3974 783 4050 speciespeccati
798 3975 822 4031 si
833 3975 935 4034 mulier
948 3977 1083 4053 conjugio
1096 3976 1182 4053 ligata
1197 3979 1241 4044 siu

79 4138 90 4169 'j
185 4177 226 4240 (l)
241 4180 265 4225 2.
277 4181 301 4224 2.
311 4192 351 4239 qu.
364 4176 419 4226 cliv.
432 4185 477 4226 art.
488 4175 520 4225 iv.
534 4173 608 4241 Κεφ.
811 4175 851 4239 (9)
868 4172 938 4238 Prop.
952 4175 983 4222 xl.

122 4304 126 4321 ,
187 4262 230 4324 (3)
245 4261 339 4325 Expos.
352 4260 377 4309 vi
393 4276 462 4323 praec.
474 4268 517 4309 art.
530 4259 555 4308 ii.
567 4261 612 4309 col.
622 4260 679 4309 781.

186 4346 228 4410 (t)
242 4344 343 4401 Ibidem,
355 4345 400 4393 col.
409 4346 466 4395 7⁸3.
592 4346 634 4409 (b)
649 4343 744 4394 Tabula
756 4342 815 4393 lui
828 4341 951 4392 Francisei
964 4341 1068 4393 Antonii
1077 4344 1202 4394 aGoritia.
