2744 4980
185 412 223 466 aa
551 400 608 460 ou
636 372 921 463 rassromirus.

183 571 337 631 achonum
351 566 420 643 illud
431 576 558 644 optatum
568 585 711 639 nunquam
723 568 909 626 obtenturum.
940 565 1126 645 Experientia
1136 569 1293 643 aliquando

190 688 273 751 spem
286 670 383 735 soret3
405 669 454 740 qui
464 668 540 724 enim
558 668 620 743 jam
634 665 720 722 simili
733 666 762 721 in
775 684 869 723 rerum
882 666 1041 724 conditione
1054 669 1166 727 felicem
1179 672 1294 728 exitum

191 769 281 835 novit,
297 768 450 824 animosior
463 766 496 822 fit
508 764 541 821 ad
565 762 755 840 appetendum
774 764 871 821 finem.
914 763 973 821 Sed
986 775 1063 824 etex
1076 768 1294 826 infelicirerum

187 869 271 926 exitu
287 865 500 941 saepe-gignitur
509 863 668 939 desperatio
680 880 688 927 ;
709 872 879 938 quapropter
891 881 975 920 senes
988 883 1060 936 quos
1074 867 1177 942 saepius
1191 867 1295 924 sesellit

194 957 323 1032 eventus,
338 962 413 1020 haud
427 962 509 1019 facile
524 970 647 1037 sperant,
664 962 817 1037 juvenibus
839 979 854 1016 e
868 971 964 1019 contra
975 980 1068 1020 rerum
1083 966 1222 1040 imperitis
1236 967 1293 1023 sibi

192 1074 304 1123 montes
319 1079 429 1127 aureos,
443 1071 472 1118 et
483 1061 595 1117 felicem
615 1060 789 1134 inceptorum
809 1078 972 1117 successum
992 1061 1198 1135 pollicentibus.
1241 1065 1294 1123 Ex

195 1182 247 1240 spe
260 1162 294 1218 fit
305 1170 336 1218 ut
349 1160 413 1232 quis
429 1178 494 1217 suas
517 1168 614 1215 exerat
635 1158 709 1213 vires
730 1157 763 1214 ad
783 1176 844 1214 rem
864 1158 1079 1230 assequendam,
1094 1161 1215 1235 ideoque
1230 1161 1295 1221 dili·

195 1262 307 1339 gentius
328 1267 357 1316 et
376 1259 467 1333 magis
489 1266 602 1313 strenue
624 1255 791 1331 plerumque
812 1265 889 1332 agat:
911 1258 965 1315 nisi
986 1258 1014 1314 in
1027 1259 1144 1317 nimiam
1156 1260 1295 1319 fiduciam

196 1370 325 1435 exurgat.

234 1462 284 1517 74.
309 1457 412 1514 Timor
430 1467 473 1513 est
492 1467 586 1515 motus
607 1455 693 1512 animi
712 1454 868 1512 recedentis
888 1475 904 1512 a
923 1456 998 1515 malo
1018 1456 1120 1523 futuro,
1135 1458 1179 1515 cui
1193 1458 1298 1529 nequit

193 1558 299 1615 resisti.
343 1557 423 1614 Mala
442 1566 558 1623 naturae,
573 1575 609 1610 v:
634 1573 667 1629 g:
690 1563 809 1611 mortem
829 1556 978 1623 timemus;
999 1556 1074 1612 mala
1091 1557 1174 1613 etiam
1188 1555 1295 1631 culpae,

195 1664 333 1730 quatenus
348 1656 382 1711 ab
401 1655 533 1712 exteriori
547 1672 632 1711 causa
646 1651 778 1727 pendent,
804 1663 899 1728 “puta
912 1673 977 1711 cum
991 1655 1093 1726 aliquis
1115 1655 1195 1711 timet
1215 1672 1297 1711 com·

195 1754 301 1812 morari
315 1755 345 1813 in
358 1754 491 1811 societate
505 1753 654 1816 malorum,
669 1768 705 1807 ne
719 1752 753 1806 ab
773 1753 814 1807 eis
837 1750 872 1807 ad
895 1752 1069 1827 peccandum
1090 1752 1238 1810 inducatur
1248 1747 1297 1817 ;’'¹

195 1852 246 1911 sed
262 1862 400 1926 quatenus
414 1861 535 1908 anostra
544 1851 684 1907 voluntate
695 1849 827 1923 pendent,
836 1868 895 1906 nou
908 1849 1027 1907 dicimur
1039 1869 1073 1907 ea
1085 1852 1192 1917 timere,
1205 1869 1297 1922 quum

197 1970 289 2028 penes
303 1969 355 2008 nos
369 1952 407 2006 sit
419 1968 452 2005 ea
462 1949 574 2005 evitare.
603 1957 622 1982 ‘⁶
632 1946 743 2004 Malum
758 1956 850 2005 autem
864 1948 986 2023 culpa,”
1000 1950 1091 2021 iuquit
1103 1949 1135 2006 S.
1151 1949 1296 2015 Thomas,

199 2059 218 2084 ‘⁶
229 2049 374 2125 propriam
388 2064 502 2103 causam
516 2045 608 2112 habet,
625 2044 796 2101 voluntatem
811 2046 973 2114 humanam,
987 2055 1015 2103 et
1027 2046 1091 2104 ideo
1104 2049 1218 2124 proprie
1237 2065 1297 2105 non

201 2147 287 2204 habet
299 2146 436 2203 rationem
451 2139 630 2201 terribilis.”²
671 2141 775 2202 Timor
794 2163 831 2202 ex
853 2163 947 2203 amore
967 2147 1098 2203 contrarii
1109 2146 1177 2204 boni
1189 2137 1295 2203 oritrrr:

200 2254 219 2280 ⁶⁶
230 2246 301 2303 nulli
314 2244 432 2302 dubium
445 2254 558 2300 estnon
571 2243 655 2299 aliam
675 2260 738 2298 csse
758 2242 901 2301 metuendi
921 2263 1044 2312 causam,
1059 2245 1113 2302 nisi
1126 2265 1162 2302 ne
1175 2244 1206 2301 id
1219 2243 1297 2317 quod

199 2362 340 2410 amamus,
356 2353 403 2399 aut
422 2341 555 2418 adeptum
576 2343 745 2409 amittamus,
767 2352 813 2398 aut
831 2361 889 2399 nou
904 2341 1092 2418 adipiscamur
1104 2335 1297 2420 speratum.”³

199 2441 368 2501 Moderatus
382 2441 466 2497 timor
479 2440 545 2499 facit
558 2450 589 2498 ut
602 2440 720 2497 consilia
733 2440 767 2498 de
781 2442 857 2499 malo
875 2440 990 2499 vitando
1009 2443 1148 2511 ineamus,
1169 2453 1198 2510 et
1217 2453 1249 2498 ut
1267 2442 1298 2499 in

198 2560 232 2598 ea
247 2541 449 2597 incumbamus
464 2558 552 2616 opera
565 2558 627 2612 quas
641 2557 720 2596 nose
739 2539 865 2615 periculo
879 2541 1008 2616 eripiant,
1024 2551 1194 2618 quapmpter
1203 2542 1298 2616 Apos-

199 2640 277 2698 tolus
291 2658 344 2696 nos
358 2640 506 2697 hortatur:
530 2646 549 2674 ⁶⁶
561 2638 638 2697 Cum
659 2648 736 2694 metu
752 2649 780 2696 et
797 2649 917 2697 tremore
932 2651 1053 2698 vestram
1068 2641 1185 2698 salutem
1197 2659 1299 2715 opera·

200 2732 322 2799 mini.'’⁴
364 2736 423 2794 Sed
437 2739 543 2796 nimius
558 2740 643 2795 timor
656 2739 750 2795 obstat
762 2757 798 2796 ne
812 2756 923 2809 eaquae
937 2749 1048 2818 oportet
1061 2740 1244 2814 impleamus.

239 2843 291 2898 75.
307 2837 438 2895 Audacia
447 2848 593 2895 estmotus
605 2838 693 2894 animi
707 2836 794 2895 ardua
807 2837 1006 2915 aggredientis,
1017 2839 1143 2914 periculo
1154 2840 1298 2915 neglecto.

200 2937 249 2994 Ex
263 2956 317 3012 spe
340 2939 444 2994 oritur:
468 2947 487 2973 ‘⁶
497 2956 533 2994 ex
554 2937 608 2994 hoc
623 2938 699 2995 enim
714 2936 792 3007 quod
806 2939 909 3009 aliquis
923 2947 1017 3013 sperat
1029 2955 1162 3012 superare
1173 2937 1300 2995 terribile

199 3036 371 3101 imminens,
387 3054 423 3092 ex
436 3036 492 3092 hoc
503 3033 634 3092 audacter
647 3036 806 3106 insequitur
818 3029 963 3112 ipsum.”³
995 3035 1145 3114 Contingit
1157 3054 1301 3094 nonnum·

203 3153 290 3207 quam
304 3152 341 3190 ex
355 3133 467 3191 defectu
483 3134 730 3200 considerationis,
751 3145 921 3210 quapropter
942 3135 982 3191 rei
1003 3135 1164 3193 difficultate
1186 3135 1301 3211 experi-

201 3243 300 3293 mento
322 3234 444 3310 cognita,
459 3233 614 3290 minuitur:
635 3232 688 3289 sed
709 3232 806 3299 sortes,
826 3253 856 3291 re
872 3243 967 3291 mente
990 3253 1139 3310 perpensa,
1160 3235 1300 3293 maturius

199 3335 368 3406 lentiusque
383 3333 584 3409 aggrediuntur
597 3333 766 3409 periculum,
782 3343 810 3390 ct
823 3333 1008 3392 animosiores
1022 3333 1158 3410 deinceps
1173 3335 1256 3391 fiunt.

243 3438 295 3493 76.
318 3434 364 3493 Ira
378 3444 473 3491 motus
487 3443 531 3489 cst
544 3435 631 3491 animi
645 3432 797 3489 vindictam
812 3434 978 3508 appetentis.
1021 3442 1040 3467 ⁶⁶
1050 3434 1096 3490 Ira
1113 3433 1231 3509 respicit
1244 3431 1301 3489 duo

204 3531 327 3607 objecta,
342 3529 450 3588 scilicet
463 3530 614 3589 vindictam
637 3549 724 3602 quam
745 3531 859 3606 appetit,
880 3542 992 3590 etcum
1012 3532 1047 3589 de
1067 3551 1125 3604 quo
1144 3531 1301 3588 vindictam

203 3629 322 3701 quaerit:
344 3637 373 3683 et
385 3629 460 3685 circa
473 3639 624 3700 utrumque
638 3628 779 3701 quandam
793 3628 959 3688 arduitatem
979 3632 1019 3688 ira
1038 3622 1202 3703 requirit.''⁶
1244 3630 1301 3686 Ra·

202 3729 273 3786 tioni
289 3725 504 3799 quodammodo
526 3730 667 3796 convenit,
683 3746 749 3785 nam
773 3728 814 3783 ira
835 3739 879 3787 est
901 3731 1042 3806 appetitus
1067 3729 1216 3787 vindictae:
1239 3727 1302 3784 haec

205 3838 299 3885 autern
315 3825 496 3884 collationem
516 3828 649 3903 importat
667 3846 759 3903 poenae
780 3826 940 3906 infligendae
963 3830 998 3888 ad
1017 3838 1220 3888 nocumentum
1244 3826 1302 3884 sibi

303 4066 347 4130 (r)
367 4065 393 4114 S.
406 4064 497 4115 Thom.
510 4064 525 4114 1.
537 4067 560 4113 2.
572 4062 668 4129 quatit.
680 4071 723 4114 ert.
735 4063 768 4114 iii.
802 4065 877 4132 Καρ.
988 4064 1029 4131 (2)
1049 4065 1150 4114 Ibidem.

303 4149 344 4215 (3)
365 4151 391 4199 S.
406 4151 472 4212 Aug.
484 4149 514 4200 L.
525 4150 620 4202 lxxxiii.
632 4158 717 4214 quest.
728 4165 768 4214 qu.
778 4149 819 4198 33.
988 4150 1029 4218 (t)
1048 4150 1113 4200 Phil.
1128 4150 1152 4198 ii.
1162 4149 1202 4198 12.

304 4235 346 4299 (5)
366 4235 392 4283 S.
406 4235 496 4284 Thom.
510 4237 531 4286 l.
542 4238 565 4284 2.
577 4253 618 4300 qu.
629 4237 679 4286 xlv.
691 4243 733 4286 art
745 4236 770 4287 ii.
803 4234 877 4303 Κεφ.

302 4323 341 4385 (6)
361 4321 375 4371 l.
388 4324 412 4368 2.
423 4337 457 4385 qu
476 4323 534 4371 xtvi.
546 4331 588 4372 art.
600 4323 635 4372 iii.
660 4322 734 4389 Rerp.

701 4518 722 4549 0
