2744 4980
198 401 255 461 DE
277 400 637 464 OBLIGATIONIBUS
658 405 1005 468 RELIGIOSORUM.
1089 417 1144 472 361

55 566 150 624 tinent
169 569 204 626 ad
227 571 389 628 interiorem
414 582 520 628 motum
541 571 703 638 voluntatis,
724 571 812 629 bomo
832 591 890 630 non
910 582 1020 632 tenetur
1039 576 1150 635 homini

54 664 184 735 obedire,
194 668 246 725 sed
259 669 353 727 solum
368 670 432 729 Deo
443 663 489 726 :”¹
509 669 559 727 sed
573 670 656 746 plane
669 671 794 742 loquitur
803 669 838 728 de
847 673 994 747 potestatis
1004 675 1149 741 exercitio,

55 765 135 834 quod
146 768 176 825 iu
189 778 288 825 natura
302 768 443 836 fundatur,
457 769 503 825 vel
516 769 640 828 humana
659 769 755 828 nititur
776 768 849 845 lege.
891 769 978 828 Aliud
998 771 1150 833 dicendum

57 861 94 921 de
115 876 182 924 roto
202 867 279 939 quod
302 867 367 925 Deo
390 869 431 935 fit,
452 866 586 941 quodque
607 871 737 927 virtutem
763 868 911 926 colendam
935 872 1061 947 respicit.
1104 870 1150 929 De

57 966 189 1035 aequitate
209 968 343 1043 precepti
363 965 437 1024 baud
461 964 542 1024 focile
565 977 608 1025 est
626 966 809 1026 dubitandum
822 963 847 1024 ι2
866 977 989 1027 attamen
1009 971 1034 1028 si
1048 988 1094 1028 res
1114 972 1151 1028 sit

58 1065 210 1123 manifesto
224 1076 321 1122 contra
334 1064 390 1123 Dei
403 1065 508 1141 legem,
523 1067 646 1124 minime
655 1077 698 1123 est
710 1065 847 1123 facienda.

99 1167 149 1220 81.
171 1164 227 1230 Qui
251 1165 364 1241 regulas
384 1164 502 1222 instituti
516 1165 592 1236 quod
605 1165 749 1241 professus
763 1174 807 1221 est
819 1166 926 1241 passim
941 1167 1069 1243 negligit,
1085 1187 1150 1226 cum

57 1259 178 1321 aliorum
193 1263 361 1331 offensione,
375 1274 405 1320 et
416 1264 459 1320 sui
474 1261 651 1332 detrimento,
666 1264 747 1322 facile
761 1264 792 1320 fit
805 1283 870 1322 reus
890 1267 999 1341 peccati
1013 1267 1150 1342 mortalis,

58 1377 127 1418 nam
140 1362 261 1438 graviter
273 1375 358 1421 uocet
370 1361 541 1438 discipliuae,
555 1373 627 1420 etse
641 1381 744 1439 magno
757 1363 857 1439 objicit
869 1363 1035 1421 discrimini.
1070 1366 1152 1422 Sem·

58 1475 112 1532 per
125 1470 218 1517 autem
231 1472 331 1538 peccat
347 1462 468 1539 graviter
481 1463 530 1533 qui
544 1462 654 1537 spernit
665 1460 802 1537 regulam,
816 1461 862 1518 vel
880 1461 1064 1538 Superiorem
1081 1481 1153 1538 prer-

58 1556 229 1635 eipientem:
253 1561 366 1619 “elatio
390 1561 497 1636 quippe
520 1558 760 1626 contemnentis,”
785 1559 903 1617 docente
929 1559 968 1618 D.
992 1561 1151 1629 Bemardo,

57 1666 78 1690 ‘⁶
89 1659 120 1715 in
134 1659 260 1717 minimis
273 1678 388 1733 quoque
402 1657 541 1716 mandatis
555 1659 667 1735 culpam
682 1659 747 1716 lecit
759 1677 817 1717 nou
839 1660 996 1727 minimam,
1010 1662 1152 1718 convertit

58 1755 90 1812 in
104 1757 210 1815 crimen
232 1760 326 1835 gravis
339 1758 502 1816 rebellionis
516 1776 629 1816 nevum
642 1758 710 1815 satis
727 1759 820 1816 levem
843 1758 981 1832 simplicis
996 1766 1152 1836 transgres³

59 1855 153 1914 sionis
163 1850 210 1913 :’'³
227 1858 278 1914 sed
294 1866 474 1933 contemptus
490 1876 547 1914 non
564 1866 705 1924 censetur,
720 1856 795 1930 quod
815 1856 879 1929 quis
896 1856 999 1933 regulae
1019 1867 1152 1916 statutum

55 1952 130 2012 levis
144 1966 223 2032 putet
235 1976 298 2013 esse
312 1957 460 2023 momenti,
475 1956 520 2013 vel
534 1955 649 2015 modum
674 1955 775 2031 agendi
795 1973 880 2028 quem
896 1956 1033 2031 Superior
1047 1968 1149 2023 servat,

56 2055 142 2129 parvi
161 2055 252 2112 saciat.
295 2056 411 2114 “Tunc
433 2057 584 2113 committit
608 2055 710 2127 aliquis
732 2055 776 2111 vel
797 2053 999 2129 transgreditur
1025 2075 1062 2112 ex
1085 2075 1152 2114 eou-

58 2164 178 2229 temptu,
199 2153 311 2225 quando
333 2154 464 2214 voluutas
487 2156 549 2231 ejus
570 2154 663 2211 renuit
687 2154 789 2230 subjici
809 2152 979 2211 ordinationi
1001 2153 1083 2230 legis,
1104 2157 1152 2213 vel

59 2252 184 2329 regule:
206 2264 283 2310 etex
297 2253 352 2312 hoc
365 2251 494 2330 procedit
507 2253 541 2310 ad
555 2251 716 2311 laciendum
730 2263 827 2309 contra
839 2252 943 2327 legem,
958 2251 1003 2308 vel
1016 2254 1151 2327 regulam.

60 2351 184 2417 Quando
205 2364 299 2411 autem
322 2371 338 2410 e
361 2371 501 2411 converso
524 2362 637 2429 propter
659 2351 781 2423 aliquam
808 2350 1004 2425 particularem
1026 2370 1151 2419 eausam,

62 2461 132 2526 puta
141 2454 412 2528 concupiscentiam,
422 2452 470 2509 vel
479 2453 560 2519 iram,
571 2450 714 2509 inducitur
727 2449 761 2506 ad
770 2448 876 2521 aliquid
889 2449 1154 2509 laciendumcoutre

58 2559 161 2607 statuta
172 2550 255 2627 legis,
267 2550 312 2608 rel
325 2549 440 2627 regule,
455 2570 513 2608 uon
528 2559 627 2626 peccat
636 2567 672 2607 ex
687 2558 860 2624 contemptu,
874 2548 924 2604 sed
939 2566 975 2606 ex
990 2550 1083 2621 aliqua
1097 2551 1151 2608 alin

56 2667 152 2714 causa,
167 2651 253 2706 etiam
267 2653 294 2708 si
307 2649 468 2721 frequenter
481 2669 518 2707 ex
531 2649 629 2707 eadem
644 2667 739 2715 eausa,
755 2647 801 2703 vel
819 2646 883 2714 alia,
899 2647 991 2704 simile
1006 2661 1152 2724 peccatum

62 2742 192 2804 iteret.”⁴

96 2851 146 2904 82.
169 2847 307 2923 Superior
320 2848 531 2924 Religiosorum
550 2846 632 2904 debet
651 2863 773 2921 preesse
795 2845 823 2901 in
847 2842 1053 2911 solicitudine,⁵
1066 2855 1095 2902 et
1107 2864 1149 2903 re·

56 2946 161 3021 gularis
176 2947 360 3004 observantiae
379 2947 473 3004 studio
493 2946 626 3004 omnibus
647 2946 756 3021 praeire,
777 2943 883 3000 docens
905 2942 1037 3018 exemplo
1058 2945 1150 3020 magis

59 3063 144 3115 quam
158 3047 254 3103 verbo.
297 3045 449 3122 luvigilare
463 3044 545 3102 debet
558 3043 687 3110 subditis,
703 3063 738 3101 ne
759 3043 904 3118 negligant
924 3043 1072 3101 sanctioris
1088 3044 1151 3100 vitae

58 3146 249 3219 propositum,
272 3155 301 3201 et
320 3163 434 3202 omnem
456 3143 588 3201 adhibere
609 3161 724 3219 operam
746 3153 777 3199 ut
790 3141 823 3198 ad
848 3151 950 3197 metam
976 3152 1096 3208 currant,
1118 3143 1154 3199 iis

60 3243 194 3300 virtutum
209 3245 353 3300 exercitiis
368 3264 431 3317 quae
446 3263 499 3300 suo
520 3243 603 3299 statui
618 3243 770 3317 praesortim
785 3241 977 3297 conveniunt:
1000 3240 1062 3316 ipse
1076 3241 1151 3297 enim

58 3341 93 3397 de
108 3343 256 3400 animabus
276 3361 375 3400 eorum
391 3345 528 3400 rationem
543 3358 678 3417 supremo
696 3339 788 3415 judici
804 3349 847 3396 est
865 3330 1050 3395 redditurus.⁶
1090 3337 1154 3395 Hu-

60 3439 193 3508 militate,
209 3442 436 3509 mansuetudine,
451 3441 584 3498 charitate
598 3458 629 3496 se
642 3440 797 3514 benignum
811 3448 839 3494 et
855 3437 1005 3494 amabilem
1020 3447 1150 3513 prestet:

62 3540 246 3598 “Rectorem
262 3552 287 3598 te
302 3541 476 3617 posuerunt?
519 3539 589 3597 Noli
608 3537 722 3595 extolli:
745 3547 805 3594 esto
819 3536 918 3594 inillis
932 3538 1014 3609 qnasi
1027 3556 1101 3595 uuus
1115 3556 1152 3595 ex

92 3719 133 3780 (l)
170 3721 193 3766 2.
206 3722 230 3768 2.
242 3735 282 3781 qu.
295 3718 340 3767 cir.
354 3728 397 3767 ert.
409 3734 431 3765 v.
466 3716 540 3782 Reep.

93 3802 135 3866 (Q)
155 3807 170 3832 ⁸⁴
181 3802 221 3850 He
233 3803 289 3851 ubo
302 3802 360 3851 hntb
382 3801 451 3851 mede
469 3819 483 3850 a
501 3817 555 3849 vow
572 3800 601 3849 ol
615 3799 753 3857 obedience,
771 3798 830 3847 bath
842 3797 949 3847 directed
963 3797 1063 3847 himself
1076 3799 1105 3846 os
1117 3798 1150 3848 sll

55 3895 182 3951 pretences
193 3888 222 3937 os
235 3888 411 3949 contradicting
429 3887 496 3936 what
514 3886 577 3935 sbsll
595 3887 625 3934 bo
639 3882 755 3948 imposed,
774 3882 821 3931 tud
840 3882 861 3930 il'
873 3882 912 3930 his
930 3881 1073 3931 conscience
1090 3882 1152 3933 shall

56 3970 134 4021 obeck
145 3972 196 4022 bim
215 3973 240 4021 in
253 3973 294 4022 the
305 3974 414 4022 instance
428 3972 458 4021 be
470 3972 547 4032 ought
564 3979 589 4018 to
601 3968 659 4018 look
670 3982 736 4031 upon
749 3967 768 4015 it
780 3983 807 4015 ss
818 3982 832 4013 a
844 3964 997 4029 temptation,
1009 3966 1057 4014 aud
1072 3982 1116 4016 uss
1134 3965 1158 4018 Ι

55 4057 236 4122 ιοωτᾱίυςΙγ.”
270 4059 320 4108 Jer.
331 4057 431 4122 Tuylor,
443 4057 537 4106 Ductor
548 4052 727 4111 Dubitandum,
739 4052 755 4100 l.
767 4051 782 4100 i.
794 4067 815 4100 e.
827 4051 862 4100 iii.
874 4051 927 4100 rulo
939 4052 963 4099 6.
976 4067 999 4116 p.
1014 4051 1070 4102 114.

94 4144 138 4208 (3)
162 4143 193 4192 1..
205 4145 236 4194 de
248 4154 361 4209 proeoept.
374 4154 398 4193 et
408 4143 512 4208 dispens.
526 4157 546 4191 c.
558 4140 608 4189 xis.

92 4228 135 4290 (4)
155 4230 179 4276 2.
191 4233 215 4278 t.
227 4245 268 4292 qu.
280 4228 388 4278 clxxxvi.
401 4235 444 4276 ert.
456 4227 490 4275 ix.
525 4224 564 4273 Ad
578 4222 684 4272 tertium.
792 4223 835 4287 (ll)
855 4221 927 4271 Rom.
939 4221 983 4270 xii.
995 4221 1019 4271 Β.

96 4314 140 4377 (b)
159 4312 225 4362 Hob.
238 4313 288 4362 xiii.
301 4317 340 4363 tr.

148 4398 234 4458 Vos.
252 4397 363 4460 1.-32
