2744 4980
161 417 217 471 150
443 411 499 468 DE
521 408 692 468 ocTavo
714 406 966 466 PRAECEPTO.

162 578 253 633 verbis
264 576 468 640 manifestetur,
482 592 540 630 non
553 573 606 630 erit
619 590 778 629 consensus
792 571 828 627 ad
846 571 1049 647 paciscendum
1065 571 1259 634 necessarius,

162 684 255 732 mente
269 676 361 733 verbis
375 673 450 732 haud
463 671 661 747 respondente.
704 670 846 727 Fraudem
857 671 954 742 utique
967 670 1073 729 laceret
1085 670 1138 743 qui
1151 686 1258 741 equum

163 773 241 831 alteri
254 774 438 849 promitteret,
452 772 576 846 ligneam
590 769 657 839 equi
676 768 800 844 effigiem
818 787 853 826 ea
875 788 944 827 voce
965 771 1138 846 intelligens.
1181 767 1259 843 Inju·

163 874 235 930 riam
249 873 365 930 inferret
377 882 406 928 et
418 869 600 933 calumniam,
614 867 664 938 qui
677 868 802 940 aliquem
812 868 933 927 iuratum
947 888 1011 927 esse
1024 886 1158 946 magnam
1173 885 1259 943 pecu·

165 973 219 1029 niae
233 973 346 1048 copiam
359 977 509 1034 enarraret,
532 969 627 1024 animo
650 967 810 1044 intelligens
832 986 897 1025 eum
918 970 990 1026 mira
1009 981 1067 1026 arte
1081 977 1110 1025 et
1123 965 1260 1024 industria

166 1089 229 1128 eam
244 1070 299 1127 sibi
312 1085 503 1143 comparasse.

211 1172 278 1225 194.
300 1168 335 1225 ln
348 1165 499 1224 loederibus
512 1174 542 1222 et
553 1165 642 1240 pactis
656 1165 775 1240 publicis
789 1165 938 1224 verborum
960 1167 1043 1224 obvio
1067 1165 1165 1223 sensui
1186 1172 1260 1220 stan·

169 1267 248 1334 dum,
263 1285 316 1325 nec
329 1266 386 1324 ulla
399 1285 503 1324 vocum
525 1264 692 1340 ambiguitas
706 1274 749 1320 est
762 1264 950 1323 admittenda:
971 1265 1043 1322 fides
1056 1264 1134 1322 enim
1148 1263 1261 1339 publica

169 1348 246 1426 nu‘lla
258 1367 321 1432 erit,
335 1366 360 1423 si
373 1366 466 1422 verbis
476 1363 603 1422 occultus
614 1361 774 1421 adnectatur
786 1382 899 1432 sensus,
910 1383 968 1436 quo
977 1365 1021 1422 vis
1031 1381 1131 1422 eorum
1139 1362 1259 1420 tollatur.

170 1464 274 1524 Meritd
289 1464 533 1541 augustinusait:
556 1461 672 1520 “Fides
687 1461 799 1533 quando
819 1465 1002 1540 promittitur,
1016 1464 1100 1521 etiam
1113 1461 1190 1519 hosti
1204 1478 1261 1517 ser·

170 1564 262 1623 vauda
282 1575 335 1630 est,
358 1572 455 1621 contra
477 1580 563 1633 quem
582 1562 688 1619 bellum
709 1557 862 1638 geritur.'’¹
903 1564 1034 1621 Pessime
1055 1562 1263 1620 calumniantur

169 1664 295 1722 hoeretici
305 1661 459 1719 catholicos
473 1661 559 1718 veluti
573 1659 706 1717 docentes
714 1661 800 1718 fidem
815 1663 921 1720 nullam
929 1662 1069 1719 hereticis
1084 1658 1262 1717 servandam.

171 1762 256 1830 Quod
269 1763 294 1820 si
308 1761 372 1833 quis
385 1760 536 1836 grassatori
556 1760 723 1835 promittens
741 1758 944 1837 redemptionis
965 1778 1023 1819 suae
1044 1761 1179 1837 pretium,
1193 1775 1262 1814 voce

172 1863 301 1938 ambigua
315 1870 416 1926 utatur,
431 1868 569 1917 excusant
581 1877 647 1916 eum
661 1858 759 1934 plures
773 1858 907 1937 iniuriam
929 1879 991 1931 quae
1006 1860 1040 1917 'ei
1060 1859 1179 1919 infertur
1199 1855 1265 1912 dolo

172 1960 363 2037 repellentem.
392 1959 441 2017 Sic
454 1959 480 2016 si
492 1958 659 2033 polliceatur
672 1976 703 2014 se
717 1957 759 2013 bis
773 1960 851 2016 mille
868 1978 1001 2017 nummos
1014 1957 1154 2023 daturum,
1169 1956 1265 2012 animo

173 2070 266 2118 autem
277 2058 445 2135 intelligeret
457 2057 645 2133 chirographa
654 2056 721 2114 dare
734 2076 841 2115 mense
855 2059 1046 2125 nummularii,
1055 2077 1118 2129 quae
1125 2057 1188 2133 jam
1201 2054 1265 2110 sule

172 2159 227 2216 lata
240 2167 293 2225 cst,
307 2157 487 2215 excusandus
501 2155 650 2214 videretur.

216 2261 283 2315 195.
304 2255 426 2314 Videtur
439 2255 565 2330 pluribus
585 2255 672 2312 licere
693 2256 841 2313 verborum
865 2256 1045 2333 ambiguitate
1067 2256 1108 2313 uti
1127 2253 1161 2310 ad
1176 2255 1266 2328 impe·

174 2355 308 2414 diendum
321 2354 519 2420 homicidium,
534 2363 674 2430 stuprum,
689 2353 733 2410 vel
751 2354 825 2413 aliud
845 2374 929 2430 grave
943 2355 1062 2422 lacinus,
1077 2354 1224 2413 innocenti
1237 2362 1267 2408 ut

175 2454 313 2512 consulat.
356 2454 405 2510 Sic
419 2453 557 2526 querenti
570 2454 695 2525 aliquem
717 2464 748 2509 ut
764 2473 828 2512 eum
844 2453 954 2512 occidat
965 2455 990 2512 si
1010 2455 1075 2526 quis
1097 2450 1268 2528 respondeat

174 2571 238 2610 eum
252 2552 326 2610 sores
340 2553 474 2616 exivisse,
489 2551 649 2627 intelligens
670 2553 699 2608 in
720 2553 821 2610 atrium
832 2554 968 2619 vicinum,
983 2553 1054 2611 saliit
1067 2552 1154 2609 alium
1168 2561 1267 2627 putan-

175 2661 231 2708 tem
245 2669 310 2709 eum
324 2650 409 2708 domo
423 2668 474 2727 per
494 2651 637 2709 civitatem
658 2669 816 2726 egressum.
858 2652 965 2711 Mulier
984 2654 1043 2711 vim
1057 2653 1112 2708 sibi
1126 2651 1267 2708 illaturum

176 2751 246 2808 sallit
259 2750 380 2808 dicendo
401 2749 524 2820 aliquem
545 2750 575 2806 in
594 2750 687 2806 vicino
709 2751 968 2824 cubiculoadesse,
992 2752 1152 2827 intelligens
1171 2748 1267 2806 Deum

176 2851 225 2921 qui
240 2851 345 2922 ubique
359 2859 411 2906 est.
454 2848 555 2906 Puella
575 2848 664 2906 latens
684 2868 720 2905 ne
738 2859 888 2925 stupratur,
908 2850 1009 2908 dieitur
1029 2851 1143 2916 abiisse,
1167 2846 1267 2906 iutelli-

176 2948 269 3024 gendo
282 2947 419 3005 inlocum
432 2947 480 3004 ubi
494 2947 686 3006 absconditur.
729 2948 803 3006 Haeo
820 2967 900 3022 aequa
920 2949 1058 3016 videntur,
1078 2967 1140 3021 quae
1162 2946 1268 3004 idcirco

175 3046 308 3103 damnare
321 3064 379 3103 non
393 3044 539 3103 audemus.

220 3148 286 3202 196.
308 3144 383 3201 Sunt
392 3141 523 3215 quadam
529 3143 663 3215 loquendi
671 3148 792 3203 rationes
807 3164 869 3218 quae
883 3165 921 3204 ex
933 3145 1135 3205 consuetudine
1149 3162 1268 3202 sensum

178 3245 283 3303 habent
295 3243 460 3321 specialem.
503 3243 583 3301 “Sic
606 3262 659 3301 usu
679 3245 824 3302 communi
843 3265 920 3304 nunc
934 3256 1076 3323 receptum
1095 3254 1148 3310 est,
1162 3254 1194 3301 ut
1207 3243 1269 3299 hacc

177 3346 262 3401 verba
283 3342 424 3403 dominus
443 3360 505 3402 non
528 3343 612 3402 adest
632 3341 725 3413 donzi,
746 3345 802 3402 hoc
822 3346 914 3403 solum
934 3345 1104 3422 significent,
1125 3362 1192 3401 eum
1207 3351 1268 3399 actu

177 3443 267 3500 videri
281 3463 339 3501 non
360 3442 477 3519 posse.”
520 3442 564 3500 Ita
584 3453 649 3519 post
668 3441 811 3502 Colletum
833 3440 991 3502 Carriere.²
1030 3444 1080 3501 Sic
1093 3456 1121 3501 et
1134 3440 1269 3515 quaerenti

177 3551 304 3598 mutuam
318 3542 469 3616 pecuniam
483 3541 660 3616 respondens
674 3560 781 3598 secam
794 3562 852 3600 non
872 3544 984 3611 habere,
999 3544 1164 3619 intelligitur
1184 3559 1270 3613 quam

179 3636 330 3695 commode
344 3649 471 3714 praestes.
513 3638 558 3696 Ad
573 3639 675 3696 sarnam
699 3640 831 3698 tuendam
852 3642 946 3715 aliqua
964 3662 995 3700 se
1009 3642 1122 3700 viduam
1136 3640 1214 3707 dicit,
1229 3640 1270 3696 in·

178 3737 308 3813 telligens
322 3736 376 3793 viri
389 3737 533 3793 consortio
546 3738 692 3811 privatam,
707 3757 771 3809 quae
790 3749 882 3798 tamen
902 3743 929 3798 ei
950 3760 1105 3814 numquam
1126 3751 1269 3816 nupserat.

180 3836 255 3894 Earn
269 3834 391 3914 prodere
406 3853 437 3892 se
451 3834 592 3892 nolentem
607 3854 665 3893 non
678 3836 815 3895 audemus
829 3840 972 3898 damnare.

413 4039 454 4104 (l)
474 4038 522 4104 Ep.
534 4055 585 4090 ocr.
597 4055 664 4090 nunc
676 4041 782 4091 clxxxix.

413 4123 455 4189 (2)
476 4124 617 4190 Dojustitia
628 4133 652 4176 et
659 4127 723 4192 jure,
735 4128 782 4177 vol.
794 4127 819 4179 ii.
832 4145 857 4178 n.
869 4130 927 4178 960.
