2766 4996
516 1131 657 1191 oAPUT
678 1130 716 1186 V.

507 1350 554 1388 DE
585 1347 730 1388 1³OEle

110 1531 158 1586 43.
190 1528 383 1586 siit-cnonas
400 1528 497 1605 legum
517 1547 609 1606 poenae
629 1527 763 1587 ‹heuntur
782 1547 846 1600 quae
866 1528 1047 1589 violatoribus
1068 1529 1160 1587 interr·

69 1635 170 1684 tantur.
213 1626 359 1700 Equidem
381 1628 493 1686 infirma
511 1629 583 1686 soret
604 1638 633 1686 et
654 1628 731 1685 nulla
753 1627 831 1704 leges
852 1627 960 1687 serendi
981 1638 1117 1704 potestas,
1142 1631 1167 1684 si

70 1726 187 1802 impune
202 1725 385 1784 violarentur:
409 1737 578 1803 quapropter
600 1746 637 1784 ex
657 1726 730 1801 ipsa,
751 1736 852 1802 sponte
874 1727 961 1785 veluti
981 1745 1042 1793 sua,
1058 1726 1168 1784 deriva-

71 1834 116 1880 tur
129 1842 228 1899 peenas
241 1824 410 1884 decernendi
428 1837 456 1882 et
468 1824 611 1902 irrogandi
630 1825 788 1883 auctoritas.
831 1824 906 1882 Earn
927 1826 980 1883 sibi
1002 1832 1169 1900 competere

70 1922 157 1999 plane
171 1922 292 1981 ostendit
310 1923 426 1992 Paulus,
443 1923 600 1983 Corinthiis
621 1926 733 1983 minans
754 1942 786 1982 se
800 1923 879 2000 virga
898 1942 1035 1983 usurum:
1059 1921 1169 1989 “Quid

71 2021 157 2078 vultis
170 2022 180 2075 l
200 2023 230 2079 in
244 2023 319 2099 virga
332 2025 443 2082 veniam
458 2023 567 2091 advos,
582 2044 618 2082 an
639 2025 668 2082 in
688 2023 821 2081 charitate
842 2033 870 2079 et
889 2023 988 2100 spiritu
1003 2034 1169 2082 mansuetu·

73 2119 148 2177 dinis
158 2112 206 2174 ?”¹
226 2121 304 2178 Alias
318 2121 403 2179 dicit:
427 2132 446 2158 ‘⁶
459 2125 488 2181 in
501 2135 633 2201 promptu
648 2123 783 2182 habentes
797 2122 897 2180 ulcisci
910 2141 1024 2181 omnem
1039 2121 1168 2181 inobedi-

72 2212 233 2278 entiam:''²
253 2240 337 2294 quam
359 2232 528 2298 potestatem
548 2223 602 2280 sibi
623 2243 639 2280 a
657 2222 784 2281 Domino
804 2221 896 2279 datam
913 2231 1009 2297 aperte
1025 2220 1168 2279 declarat:

74 2327 94 2354 “
106 2337 173 2376 nam
186 2319 252 2376 etsi
266 2319 386 2396 amplius
397 2320 502 2396 aliquid
515 2321 648 2399 gloriatus
661 2321 742 2379 fuero
765 2321 800 2378 de
814 2328 950 2396 potestate
964 2328 1069 2387 nostra,
1085 2337 1171 2392 quam

74 2411 246 2475 deditionis
260 2416 402 2477 Dominus
423 2422 451 2479 in
465 2421 692 2489 edificationem,
714 2431 741 2477 et
753 2438 811 2479 non
832 2420 862 2478 in
875 2418 1094 2479 destructionem
1110 2437 1175 2476 ves·

75 2527 157 2584 tram,
173 2536 230 2575 non
242 2512 453 2578 erubescam.”³
481 2521 577 2579 Poenae
592 2518 657 2580 verb
672 2538 735 2594 quae
749 2519 841 2580 solent
854 2519 938 2596 adjici
951 2518 1062 2597 legibus
1077 2517 1169 2577 eccle·

74 2616 195 2674 siasticis
209 2628 423 2686 nemorosum,
438 2620 547 2679 scilicet
559 2620 709 2697 suspensio
723 2619 892 2679 clericomm
905 2620 940 2677 ab
952 2619 1055 2679 officiis
1070 2619 1170 2684 sacris,

75 2715 256 2774 interdictum
268 2728 297 2773 et
309 2720 566 2778 excommunicatio
580 2720 615 2777 de
629 2719 731 2792 quibus
746 2719 813 2777 alias
825 2716 976 2775 dicendum
991 2720 1055 2775 erit.
1078 2717 1168 2788 Equi·

75 2811 184 2872 demin
197 2817 291 2892 regnis
305 2805 474 2875 'Catholicis
489 2818 633 2889 inquibus
648 2817 789 2893 episcopi,
807 2816 966 2875 faventibus
981 2815 1170 2891 principibus,

76 2929 158 2969 suam
171 2911 348 2988 explicabant
360 2925 527 2992 potestatem
546 2915 582 2972 ad
601 2934 695 2974 mores
715 2916 838 2991 integros
858 2911 1024 2980 servandos,
1039 2911 1171 2986 quadam

75 3008 199 3068 leviores
210 3029 299 3086 poenae
314 3015 482 3090 temporales
495 3016 606 3092 legibus
619 3015 688 3074 olim
699 3013 816 3092 adjectae
830 3023 905 3080 sunt,
919 3021 950 3071 ut
962 3013 1085 3089 improbi
1100 3030 1173 3085 quos

85 3109 179 3168 nullus
199 3110 309 3185 pietatis
333 3130 432 3171 sensus
454 3117 525 3172 intra
545 3114 632 3174 officii
651 3114 756 3172 limites
775 3114 885 3180 retinet,
905 3130 1055 3189 ptenarum
1075 3111 1178 3168 saltem

78 3218 155 3267 metu
167 3221 374 3270 coercerentur.
417 3212 452 3272 ld
471 3231 505 3271 eo
525 3215 615 3289 magis
635 3214 752 3290 contigit
770 3210 847 3284 quod
868 3212 1047 3285 exipsorum
1067 3226 1169 3282 regum

79 3324 219 3366 consensu
240 3309 362 3385 plurima
379 3312 505 3378 crimina,
526 3312 692 3369 clericorum
712 3304 894 3387 praesertim‚⁴
914 3306 949 3363 ad
969 3307 1174 3383 episcoporum

80 3406 199 3465 tribunal
210 3407 361 3468 deserenda
374 3405 490 3478 lorent,⁵
503 3429 566 3484 quae
576 3410 669 3487 poenis
680 3405 828 3486 plectenda
839 3405 890 3463 lex
903 3404 995 3462 civilis
1014 3404 1117 3481 etipse
1131 3422 1176 3461 so·

115 3576 157 3638 (l)
172 3579 181 3622 1
197 3575 295 3627 Cor-iv.
307 3578 347 3627 21.
484 3579 525 3644 (2)
544 3577 625 3629 scor.
638 3594 663 3628 ι.
675 3581 701 3626 6.
860 3577 901 3641 (3)
916 3572 1012 3626 lbidem
1022 3577 1046 3625 8.

114 3661 157 3724 (4)
178 3662 276 3712 Fatetur
284 3663 439 3726 Bingbamus
450 3664 611 3715 ecclesiastica
622 3663 731 3721 crimina.
742 3669 767 3712 et
784 3661 875 3711 leviora
885 3661 972 3711 saltem
980 3661 1127 3711 clericorum
1136 3659 1177 3708 de·

80 3733 144 3805 tibia,
154 3749 323 3815 episcoporum
328 3750 422 3814 jndicio
432 3759 526 3800 servata
540 3767 600 3800 esse.
634 3749 793 3813 Antiquities,
802 3749 818 3798 l.
831 3763 853 3794 v.
865 3763 887 3796 c.
895 3746 923 3796 ii.

118 3833 160 3897 (5)
175 3832 199 3881 A
210 3835 346 3898 primordiis
358 3835 477 3886 Ecclesia
487 3843 667 3887 consueverunt
677 3833 784 3900 episcopi
796 3832 856 3882 adiri
868 3848 883 3881 s
894 3831 1007 3880 fidelibus
1019 3828 1073 3876 lites
1084 3841 1142 3874 snas
1153 3833 1177 3873 et

80 3920 255 3970 controversias
266 3923 428 3988 componendi
439 3937 527 3972 muse:
546 3921 612 3986 quod
620 3921 650 3970 ad
659 3918 772 3984 Apostoli
780 3915 852 3966 Psutt
863 3914 894 3964 ed
905 3911 1047 3962 Corinthios
1058 3908 1180 3958 monitum

80 4005 151 4054 refert
162 4007 333 4070 Augustinus:
351 4014 365 4037 ‘⁸
376 4007 511 4058 Constituit
519 4007 607 4056 talibus
616 4005 696 4054 csusis
708 3999 882 4052 ecclesiasticos
896 3995 1033 4059 Apostolus
1045 3991 1183 4053 cognitores

79 4089 106 4139 in
118 4091 169 4140 foro
180 4092 311 4156 prohibens
324 4095 423 4158 jurgare
438 4088 615 4143 curisteum?
633 4089 712 4139 Serm.
724 4086 791 4136 xxiv.
803 4085 830 4132 in
845 4084 886 4133 l’s.
899 4078 983 4129 cxviii.
1016 4084 1031 4107 ⁴⁶
1044 4075 1121 4127 What
1134 4092 1183 4127 was

79 4176 137 4227 thus
148 4179 231 4241 begua
242 4181 274 4243 by
286 4187 390 4236 cuntem,
400 4178 473 4228 while
484 4177 526 4227 the
537 4176 593 4226 civil
611 4188 742 4236 govemors
753 4184 816 4219 were
834 4164 959 4223 benthem,
975 4179 1026 4213 was
1037 4163 1177 4214 afterwards

81 4263 215 4315 confirmed
226 4265 275 4316 and
286 4262 432 4315 established
443 4262 475 4326 by
482 4261 538 4321 lew,
550 4258 622 4310 when
634 4256 675 4307 ths
683 4268 806 4321 emperors
817 4253 915 4303 became
930 4246 1093 4300 Christiano.'’
1105 4245 1183 4309 Bing-

82 4347 466 4416 immurmurantem
