2766 4996
407 421 465 482 DE
486 422 840 487 DISPENSATIONE.
1112 434 1167 488 185

72 588 124 659 qui
137 605 190 662 per
201 587 411 664 simplicitatem
419 587 466 645 vel
478 589 664 665 ignorantiam
673 590 768 648 literas
777 610 793 648 a
802 590 883 648 nobis
894 591 1055 667 impetrant,
1068 592 1166 667 hujus·

70 684 150 747 modi
177 686 320 744 credimus
345 685 545 746 discretionem
568 687 771 757 adhibendam
791 700 823 746 ut
844 689 875 746 bi
898 691 947 762 qui
971 692 1058 765 priori
1079 689 1166 749 modo

70 783 221 843 salsitatem
235 785 409 861 exprimunt,
423 786 468 843 vel
481 788 662 862 supprimunt
681 789 836 854 veritatem,
856 788 886 844 in
899 806 958 846 suae
972 790 1165 864 perversitatis

72 900 199 959 poenam,
225 884 335 942 nullum
362 902 399 941 ex
425 883 481 941 illis
506 884 595 941 literis
617 884 800 942 commodum
825 887 1165 959 consequantur-Inter

70 980 142 1038 alios
156 990 259 1049 autem,
274 984 324 1054 qui
345 983 493 1057 posteriori
514 981 598 1039 modo
617 982 712 1040 literas
732 984 893 1058 impetrant,
914 983 1048 1042 duximus
1068 984 1165 1043 distin·

70 1077 226 1154 guendum,
241 1098 304 1152 que
317 1081 423 1138 salsitas
437 1092 570 1158 suggesta
583 1080 676 1147 suerit,
693 1081 737 1138 vel
751 1099 813 1154 quse
826 1083 929 1139 veritas
943 1084 980 1140 sit
992 1100 1162 1158 suppressa:

71 1195 138 1235 nam
151 1177 176 1234 si
189 1178 252 1235 talis
265 1196 402 1254 expressa
414 1180 451 1235 sit
470 1178 584 1244 salsitas,
600 1180 646 1236 vel
666 1180 767 1236 veritas
788 1179 933 1249 occultata,
949 1198 1011 1253 quae
1032 1182 1162 1253 quamvis

72 1275 176 1333 suisset
194 1277 287 1344 tacita,
309 1275 354 1334 vel
374 1294 521 1353 expressa,
535 1293 589 1334 nos
609 1277 796 1335 nibilominus
816 1278 915 1335 saltem
933 1280 962 1336 iu
982 1279 1073 1336 forma
1085 1297 1163 1338 com·

70 1374 152 1432 muni
172 1373 268 1432 literas
291 1374 480 1442 dedissemus,
503 1373 649 1450 delegatus
672 1394 729 1433 non
752 1393 875 1447 sequens
895 1375 1014 1434 ferinam
1029 1377 1057 1434 in
1070 1377 1161 1436 literis

71 1473 143 1550 ipsis
166 1473 335 1548 appositam,
359 1472 516 1531 secundum
538 1471 666 1531 ordinem
679 1474 753 1550 juris
775 1475 805 1532 in
828 1493 914 1532 causa
940 1475 1084 1550 procedat.
1128 1477 1161 1535 Si

69 1569 137 1628 verb
151 1588 203 1646 per
215 1570 380 1647 hujusmodi
394 1571 523 1630 salsitatis
537 1571 815 1646 expressionem,vel
828 1575 1063 1648 suppressionem
1075 1576 1161 1633 etiam

68 1670 205 1737 veritatis,
219 1668 305 1727 literae
319 1669 424 1728 fuerint
436 1671 600 1745 impetratae,
621 1688 677 1741 qua
691 1671 774 1727 tacita
787 1669 831 1727 vel
852 1688 989 1746 expressa
1001 1690 1055 1730 nos
1069 1673 1161 1733 nutiles

68 1786 185 1844 prorsus
198 1767 292 1825 literas
306 1767 496 1836 dedissemus,
511 1786 528 1825 a
539 1767 670 1844 delegato
684 1786 741 1825 non
754 1777 798 1825 est
811 1769 990 1839 aliquatenus
1003 1770 1160 1843 proceden-

70 1860 189 1924 dum.”¹
230 1865 471 1940 Quotiescumque
494 1867 578 1943 igitur
591 1884 676 1922 causa
692 1864 875 1944 principalis
895 1865 1079 1943 dispensandi
1093 1878 1161 1925 tern-

70 1982 142 2040 pore
156 1976 344 2038 porrectarum
358 1984 476 2042 precum
489 1951 547 2022 uon
560 1964 697 2032 subsistit,
712 1964 789 2022 nulla
801 1967 854 2022 erit
866 1964 1056 2040 dispensatio:
1079 1983 1161 2023 secus

69 2065 95 2120 si
109 2080 196 2120 cause
216 2074 323 2122 tautum
345 2074 459 2123 moveat
477 2062 512 2121 ad
535 2058 646 2121 facilius
669 2063 901 2140 dispensandum.
944 2063 1007 2123 lmo
1031 2066 1055 2123 si
1075 2084 1162 2124 causa

68 2161 243 2238 principalis,
255 2181 329 2234 que,
343 2161 411 2221 dum
426 2181 525 2240 preces
539 2165 760 2239 porrigerentur,
774 2163 952 2229 subsistebat,
967 2173 1032 2220 ante
1046 2182 1161 2221 conces·

68 2278 130 2319 saur
143 2259 397 2336 dispensationem,
412 2264 473 2319 sive
488 2280 504 2317 a
517 2262 681 2337 Superiore,
696 2263 758 2318 sive
778 2281 794 2316 a
807 2260 946 2335 delegato,
967 2260 1089 2327 deficiat,
1103 2279 1160 2320 non

67 2358 144 2416 valet
156 2357 348 2435 dispensatio;
369 2359 534 2419 conceditur
547 2361 653 2435 quippe
669 2367 688 2393 “
701 2369 838 2431 quatenus
852 2360 878 2415 si
891 2359 929 2416 ita
948 2357 1022 2415 est.”
1065 2359 1123 2416 Sed
1136 2361 1161 2418 si

67 2474 207 2514 concessa
215 2459 276 2534 jam
290 2457 511 2535 dispensatione,
533 2467 684 2530 autequam
704 2458 770 2530 quis
791 2475 824 2514 ea
844 2468 946 2523 utatur,
960 2476 1046 2514 causa
1056 2469 1159 2526 cesset,

68 2557 285 2614 controvertitur
296 2568 390 2616 utrum
403 2574 437 2614 ea
450 2557 542 2615 adhuc
555 2558 655 2616 valeat.
698 2558 845 2616 Sententia
858 2555 1001 2615 affirmans
1015 2560 1082 2616 satis
1097 2576 1161 2634 pro·

67 2654 167 2712 babilis
193 2655 313 2721 videtur,
337 2656 428 2713 ablato
449 2657 557 2714 scilicet
577 2656 650 2732 legis
670 2656 793 2721 vinculo,
817 2674 852 2711 eo
873 2655 954 2730 ligari
975 2657 1039 2726 quis
1062 2657 1161 2728 nequit

69 2752 201 2829 amplius,
216 2764 244 2810 et
257 2763 276 2788 “
286 2753 390 2813 iactum
404 2754 529 2830 legitime
542 2756 685 2812 retractari
698 2773 756 2812 uon
776 2751 867 2817 debet,
880 2753 948 2810 lieet
966 2770 1050 2808 casus
1064 2764 1162 2828 postea

68 2852 190 2917 eveniat,
205 2870 291 2923 aquo
305 2871 362 2911 non
377 2855 469 2929 potuit
482 2843 661 2910 inchoari.”²

108 2953 159 3006 56.
181 2947 285 3008 Cessat
297 2949 484 3027 dispensatio,
498 2952 523 3008 si
543 2961 643 3027 postea
655 2948 768 3007 deficiat
780 2946 914 3014 conditio,
929 2948 981 3005 sub
996 2967 1060 3020 qus,
1076 2951 1159 3007 tacite

67 3046 168 3106 saltem
182 3047 333 3117 intellecta,
354 3050 408 3108 suit
426 3066 580 3108 concessa:
601 3069 638 3106 v:
661 3067 695 3124 g:
717 3049 742 3106 si
762 3046 826 3120 quis
846 3047 882 3105 ob
902 3045 1034 3105 afflictam
1055 3048 1159 3106 valetu-

66 3145 164 3205 dinem
177 3147 330 3205 obtinuerit
342 3147 585 3225 dispensationem
607 3169 623 3206 a
644 3147 706 3223 lege
725 3146 840 3223 jejunii,
861 3146 906 3203 vel
925 3146 960 3203 ab
981 3145 1077 3203 officio
1089 3149 1159 3204 reci-

68 3245 163 3312 tando,
182 3256 333 3303 restaurata
348 3248 507 3306 valetudine
526 3247 665 3307 tenebitur
679 3246 821 3321 jeJunare,
841 3253 871 3299 et
889 3242 1016 3301 officium
1030 3245 1157 3300 recitare.

67 3342 127 3401 Sed
140 3345 165 3402 si
178 3344 216 3402 ob
236 3344 419 3404 vehementes
432 3348 525 3405 camis
539 3363 610 3417 quos
631 3343 787 3420 patiebatur
800 3340 941 3404 stimulos,
962 3341 1075 3415 petierit
1094 3343 1158 3413 quis

66 3451 96 3499 et
106 3440 261 3501 obtinuerit
274 3443 548 3521 dispensationema
567 3454 633 3502 voto
653 3441 786 3499 castitatis
807 3438 842 3496 ad
864 3439 1073 3497 matrimonium
1094 3460 1160 3499 con·

68 3539 244 3608 trahendum,
269 3546 372 3618 poterit
393 3544 461 3602 illud
484 3544 565 3609 inire,
587 3541 697 3600 etiamsi
715 3541 775 3617 jam
801 3558 860 3598 non
885 3537 985 3598 eadem
1009 3543 1160 3601 tentatione

67 3640 208 3715 agitetur:
230 3658 294 3698 nam
309 3643 433 3702 conditio
447 3661 505 3702 non
518 3643 676 3700 adnectitur
689 3639 903 3716 dispensationi.

108 3742 157 3797 57.
180 3737 303 3797 Cessare
327 3752 421 3818 potest
441 3742 614 3818 dispensatio
631 3739 924 3818 perseverationem
945 3738 1160 3816 dispensantis,

67 3838 113 3894 cui
122 3837 189 3894 licet
198 3839 234 3895 ob
243 3840 352 3915 justam
366 3858 481 3899 causam
492 3859 554 3898 eam
565 3839 743 3898 rescindere:
766 3858 824 3900 non
834 3838 908 3895 valet
917 3847 1010 3894 tamen
1022 3838 1161 3894 inferioris

70 3934 177 4012 praelati
191 3940 345 4004 revocatio,
360 3940 415 3998 nisi
434 3958 516 4012 siqua
535 3941 562 3998 ei
584 3938 754 4014 suffragetur
766 3936 853 4000 ratio;
875 3952 927 3993 nec
947 3937 1025 3992 enim
1048 3932 1161 4008 dispen-

66 4033 148 4092 sandi
160 4036 206 4093 vel
226 4037 378 4096 revocandi
390 4038 508 4096 facultas
521 4041 546 4095 ei
561 4057 576 4097 a
590 4037 749 4115 legislatore
770 4031 932 4091 concredita
951 4041 1091 4099 censetur,
1105 4033 1161 4090 nisi

66 4133 145 4208 juste
164 4136 334 4194 exercenda.

102 4302 145 4367 (1)
167 4302 197 4352 G.
209 4302 292 4370 Super
303 4301 390 4363 literis,
401 4303 431 4353 de
444 4303 583 4368 Rescriptis.
796 4300 836 4361 (2)
856 4299 915 4363 Reg.
928 4300 966 4349 73.
983 4299 1050 4351 Juris
1061 4301 1087 4350 in
1105 4303 1128 4348 6.

598 4401 650 4456 17*
