2744 4980
180 405 218 458 88
444 401 501 461 DE
522 400 724 461 SECUNDO
746 398 1000 461 PRAECEPTO.

179 567 290 624 entibus
303 567 446 640 praebeant
458 566 657 635 offensionem,
671 567 769 623 divino
791 568 906 623 nomine
925 566 1004 631 laeso,
1025 580 1084 620 non
1104 569 1170 619 suut
1184 560 1274 617 absol-

179 662 274 732 vendi,
288 664 390 721 nisiex
404 666 500 722 animo
512 664 642 724 studeant
654 682 769 741 pravam
780 663 929 722 emendare
943 660 1188 720 consuetudinem.

220 767 268 820 59.
284 761 322 820 In
328 763 457 840 justitia
467 764 546 839 jurat
558 766 607 834 qui
617 782 680 821 rem
693 780 802 832 aquarn
817 781 849 819 se
859 763 1000 821 iacturum
1009 760 1156 836 promittit.
1178 756 1275 813 Deum

180 871 281 919 testem
295 860 429 917 adhibere
444 860 480 917 de
494 881 523 918 re
542 862 617 917 mala
636 861 806 931 exequenda
825 862 918 937 gravis
932 860 1005 917 foret
1017 858 1159 934 majestati
1169 855 1277 912 divinar

133 1020 137 1027 ,
180 969 209 1016 et
221 960 361 1016 sanctitati
375 961 480 1034 injuria
493 959 639 1016 Ceterum
652 960 785 1015 excusari
804 958 954 1030 aliquando
975 965 1097 1032 possunt
1117 976 1134 1011 a
1152 955 1276 1030 graviori

182 1058 277 1132 culpa,
292 1058 342 1128 qui
365 1058 472 1127 absque
494 1057 581 1114 animi
604 1057 815 1123 deliberatione,
836 1066 865 1113 et
883 1073 969 1131 pravo
989 1054 1121 1121 consilio,
1132 1054 1229 1130 jurant
1242 1069 1273 1108 se

182 1172 244 1213 renr
258 1154 363 1212 malam
376 1155 509 1213 facturos.

224 1256 273 1310 60.
294 1252 313 1309 J
315 1262 461 1310 uramenta
474 1272 537 1325 quae
552 1255 715 1311 emittuntur
728 1255 757 1310 in
771 1253 896 1310 Sacratis
905 1251 1095 1310 societatibus
1105 1251 1276 1308 Liberorum

183 1352 373 1418 Muratorum,
389 1349 476 1428 (mee
485 1348 638 1427 Masona)
650 1351 802 1408 Sociorum
815 1351 1011 1426 singularium,
1027 1349 1111 1428 (Odd
1120 1346 1276 1425 retroue)

184 1448 212 1506 dt
230 1447 351 1506 aliorum
374 1448 459 1504 variis
480 1449 644 1506 nominibus
666 1449 887 1525 designatorum,
915 1449 1046 1524 plurimis
1072 1467 1109 1505 ex
1135 1447 1278 1523 capitibus

183 1547 281 1604 illicita
294 1557 376 1612 sunt;
391 1547 484 1622 primo
498 1548 615 1619 quidem
625 1547 702 1620 quod
715 1549 880 1606 emittuntur
893 1557 991 1605 contra
1000 1550 1094 1622 legem
1108 1539 1278 1610 Ecclesiae,l

183 1643 229 1703 cui
242 1663 343 1702 omnes
361 1663 399 1701 ex
413 1643 522 1703 Christi
535 1655 677 1722 praecepto
691 1646 826 1703 obaudire
842 1656 984 1712 tenentur,
999 1663 1118 1719 quaque
1128 1646 1177 1721 jus
1192 1644 1282 1700 habet

185 1743 260 1801 filios
281 1761 350 1800 suos
373 1744 462 1800 abiis
485 1745 603 1802 coetibus
625 1744 807 1819 prohibendi,
829 1745 932 1815 quibus
960 1746 1028 1802 mali
1053 1743 1166 1818 species
1193 1743 1280 1798 inest.

187 1842 318 1900 Necesse
332 1861 391 1900 non
405 1851 449 1897 est
470 1844 588 1919 probare
602 1860 703 1918 pravos
717 1843 753 1899 ob
772 1843 845 1899 lines
859 1844 1022 1900 societatem
1036 1843 1116 1909 coiri,
1131 1842 1176 1897 uel
1192 1859 1282 1916 prava

185 1940 275 1998 foveri
295 1941 454 2016 principia:
476 1959 563 2012 quum
577 1939 653 1996 enim
667 1958 798 1998 arcanum
813 1941 998 2017 profiteantur
1011 1941 1194 2015 impervium,
1209 1938 1280 1996 mali

182 2039 297 2114 species
320 2047 348 2092 et
372 2038 531 2113 periculum
552 2045 626 2094 certe
647 2033 753 2095 adest²
793 2039 935 2096 Praeterea
957 2040 1006 2111 qui
1027 2039 1124 2113 jurant
1150 2057 1180 2093 se
1207 2036 1279 2094 illud

185 2154 329 2202 moenum,
344 2134 542 2208 quodcumque
555 2135 600 2201 sit,
615 2136 670 2193 alto
693 2137 805 2194 silentio
825 2155 939 2212 semper
958 2144 1125 2203 servaturos,
1148 2138 1178 2191 in
1199 2136 1281 2193 omni

186 2253 281 2293 rerum
294 2243 406 2299 eventu,
421 2244 525 2291 temere
547 2252 578 2290 se
591 2234 727 2311 obligant,
742 2254 829 2307 quum
843 2235 904 2292 fieri
925 2235 1016 2309 possit
1034 2244 1065 2290 ut
1085 2233 1230 2310 ejusmodi
1245 2234 1283 2290 sit

187 2332 264 2405 quod
284 2334 389 2405 absque
409 2332 554 2408 religionis
575 2333 619 2389 vel
645 2334 805 2408 reipublicae
825 2332 992 2391 detrimento
1018 2342 1139 2404 nequeat
1158 2333 1277 2388 servari.

187 2431 259 2497 Quae
280 2440 373 2488 autem
394 2431 524 2506 praemitti
545 2430 646 2488 dicitur
664 2432 823 2498 declaratis,
845 2431 916 2488 nihil
937 2430 1063 2489 muneris
1082 2431 1190 2506 imponi
1204 2428 1285 2502 quod

187 2528 291 2586 muniis
305 2547 368 2600 quae
378 2530 444 2586 Deo
457 2537 486 2586 et
497 2531 594 2605 patria
608 2532 672 2602 quis
685 2529 769 2586 debet
781 2528 906 2604 deroget,
919 2531 966 2586 vix
980 2540 1073 2605 potest
1086 2551 1102 2586 a
1116 2529 1281 2585 temeritatis

186 2627 248 2684 labe
261 2629 388 2685 eximere
406 2629 569 2704 jurantem
593 2649 658 2686 narn
681 2629 800 2703 exponit
821 2647 852 2684 se
876 2627 1032 2685 discrimini
1056 2630 1152 2684 munia
1171 2627 1219 2683 illa
1242 2644 1280 2682 er

186 2726 328 2783 societatis
349 2728 507 2803 principiis,
531 2727 624 2802 potius
651 2746 736 2800 quarn
763 2745 799 2782 ex
822 2726 962 2784 Ecclesiae
977 2726 1086 2782 Christi
1106 2726 1279 2788 auctoritate,

188 2823 353 2881 aestimandi.
395 2825 545 2882 Incurrunt
557 2825 663 2882 idcirco
676 2827 704 2882 in
718 2826 1039 2882 excommunicationem
1054 2825 1140 2899 Papa
1154 2840 1280 2879 reserva·

187 2908 243 2978 tan
257 2940 358 2980 ornnes
371 2923 421 2996 qui
434 2924 580 2980 societates
594 2924 655 2980 illas
677 2925 783 2990 ineunt,
798 2924 917 2980 coetibus
938 2922 1084 2989 adsistunt,
1100 2922 1145 2977 vel
1165 2923 1200 2977 iis
1214 2920 1283 2976 dant

185 3035 320 3093 operam:
342 3039 399 3092 qua
414 3039 535 3079 censura
548 3021 672 3078 adstricti
692 3020 827 3078 censendi
848 3030 923 3086 sunt,
939 3022 987 3092 qui
1008 3020 1105 3076 illicita
1117 3017 1282 3093 hujusmodi

186 3115 315 3174 sodalitia
334 3119 435 3190 quovis
460 3120 575 3178 nomine
596 3120 703 3186 ineunt,
723 3119 764 3174 uti
785 3118 858 3194 proh
877 3117 974 3174 dolor!
996 3118 1132 3192 contingit
1154 3116 1284 3190 plurimis

116 3270 120 3279 ,
190 3208 358 3274 cathomis.
401 3217 447 3274 De
467 3218 595 3274 censuris
616 3218 692 3274 siluit
716 3217 869 3274 concilium
896 3215 1102 3274 Baltimoreuse
1130 3214 1188 3270 lV.
1216 3214 1284 3269 satis

188 3311 296 3371 ducens
306 3333 421 3374 monere
434 3315 594 3373 sacerdotes
607 3334 657 3373 cos
670 3334 770 3372 omnes
781 3335 797 3372 a
810 3315 993 3372 sacramentis
1007 3313 1196 3388 repellendos.
1220 3312 1281 3368 No-

223 3479 265 3544 (1)
285 3481 349 3531 Vide
359 3483 463 3532 Constit.
482 3481 617 3532 Clementis
628 3482 686 3532 ΧΠ.
704 3482 736 3532 ln
755 3481 886 3541 eminenti,
897 3489 922 3531 et
934 3480 1061 3530 Benedicti
1073 3480 1143 3528 XIV.
1159 3475 1287 3529 Providus

188 3560 362 3615 Romanorum
376 3565 541 3633 Pontificum.

222 3645 264 3714 (2)
278 3647 305 3697 Id
318 3650 379 3700 mihi
390 3653 523 3701 certissime
535 3667 677 3715 persuasum
697 3658 734 3700 eat
745 3666 829 3699 eorum
842 3650 981 3699 institutum
994 3665 1023 3698 eo
1035 3648 1134 3698 tendere
1146 3657 1174 3697 ut
1184 3648 1284 3697 rationis

186 3732 270 3782 lumen
281 3733 371 3782 divine
388 3735 445 3785 fidei
465 3735 601 3786 auctoritati
619 3742 788 3798 anteponatur,
807 3741 831 3783 et
850 3734 941 3783 sensim
960 3734 1014 3782 siue
1031 3748 1106 3782 seusu
1123 3732 1283 3796 disponantur

187 3817 263 3866 animi
274 3818 305 3866 ad
315 3818 430 3880 dogmata
440 3821 531 3878 omnia,
543 3820 619 3868 veluti
631 3834 728 3877 errores,
739 3819 910 3882 superstitione
922 3825 946 3866 et
958 3817 1104 3881 prejudiciis
1116 3818 1183 3877 vulgi
1196 3816 1284 3866 induc-

187 3899 385 3964 tos,abjicisnda.
419 3901 604 3951 Arcanumboc
622 3899 741 3964 estquod
759 3915 810 3949 non
822 3900 977 3964 suspicantur
989 3899 1088 3963 plurimi
1108 3914 1139 3947 ax
1163 3897 1229 3962 ipsis,
1241 3914 1284 3962 pu·

188 3989 268 4031 tantas
287 3985 473 4034 abstractionem
492 3994 589 4035 tantum
609 3983 778 4048 fieri‚quando
798 3984 829 4033 de
850 3984 978 4045 Religiona
992 3984 1099 4034 revelata
1120 3984 1184 4032 intra
1204 3983 1286 4032 aulam

186 4064 257 4115 silere
272 4068 387 4132 J'ubeturr
405 4069 520 4133 quodque
539 4083 589 4118 non
607 4068 776 4118 manifestatur
792 4068 903 4132 pluribus
921 4068 1017 4132 quiper
1028 4083 1113 4117 omnes
1130 4067 1220 4129 gradus
1231 4082 1286 4116 ave·

185 4147 294 4207 hunturt
311 4151 354 4201 aad
364 4152 429 4216 quod
442 4161 495 4203 tum
506 4153 606 4202 demum
618 4153 753 4203 declaratur
770 4152 868 4217 quando
885 4153 967 4202 socius
984 4154 1036 4217 jam
1053 4152 1163 4202 noscitur
1181 4152 1287 4202 idoneus

186 4240 255 4283 tanto
266 4234 356 4285 lumini
367 4235 483 4287 israndoi
520 4236 583 4286 Vide
595 4235 617 4288 le
634 4235 698 4289 Voilc
708 4236 757 4289 leve
768 4248 866 4302 etopus
877 4235 979 4287 Barruel
989 4236 1120 4288 Msmoirea
1127 4252 1195 4304 pour
1206 4238 1286 4287 aer-air

185 4332 202 4365 a
213 4314 332 4370 l'ltiatoirc
342 4317 379 4370 du
387 4319 562 4373 Jacobt'nisme.
