2744 4980
36 3114 44 3156 ἱ

511 409 568 467 DE
589 409 703 468 LEGE
726 410 852 469 NOVA.
1141 498 1152 519 ι
1190 421 1229 477 09

125 594 224 640 amen,
240 575 307 633 dico
320 576 417 632 vobis:
440 575 495 631 nisi
510 573 744 634 manducaveritis
764 594 878 633 carnem
891 575 943 634 filii
956 577 1094 645 hominis,
1109 590 1136 635 et
1149 581 1226 639 bibe·

125 676 190 731 ritis
204 677 269 751 ejus
283 675 462 750 sanguinem,
477 692 536 730 non
553 673 690 732 habebitis
705 673 790 730 vitam
800 676 830 732 in
843 672 973 733 vobis.”¹
1014 675 1158 736 Caeterum
1170 678 1226 737 dis·

126 774 245 850 ciplinae
259 775 339 850 leges
358 773 472 845 reliquit
492 773 660 848 praesulibus
683 771 811 830 ecclesie
830 774 1003 842 statuendas,
1018 776 1226 850 variandasque

128 891 185 948 pro
205 873 334 931 locorum
358 885 576 948 temporumque
599 871 771 938 diversitate,
795 891 883 944 quum
906 882 946 932 tot
967 876 1096 949 gentibus
1115 895 1168 953 per
1190 886 1230 934 tot

130 972 240 1029 saecula
251 974 300 1031 lex
313 992 370 1030 una
383 970 540 1042 eademque
553 969 630 1028 haud
644 972 820 1029 conveniret.

173 1075 226 1127 26.
247 1071 356 1129 Christi
370 1072 418 1128 lex
438 1070 467 1127 in
487 1088 522 1127 eo
541 1090 558 1126 a
577 1070 707 1128 Mosaica
720 1069 912 1147 distinguitur,
926 1070 1004 1143 quod
1026 1072 1088 1129 haee
1107 1072 1229 1149 lapideis

133 1169 238 1227 tabulis
252 1172 336 1228 suerit
348 1170 505 1244 inscripta:
526 1169 575 1225 illa
587 1168 654 1227 rerd
674 1188 723 1227 ore
743 1170 931 1246 promulgata,
952 1180 981 1226 et
994 1170 1118 1247 Spiritus
1132 1173 1230 1230 Sancti

135 1270 227 1345 gratia
250 1270 392 1327 mentibus
412 1267 603 1341 cordibusque
626 1268 801 1328 credentium
824 1270 974 1345 impressa,
996 1271 1127 1341 quamvis
1149 1272 1231 1347 plura

136 1387 199 1440 quae
215 1367 249 1424 ad
262 1388 325 1426 eam
335 1369 479 1444 pertinent
489 1367 619 1442 Apostoli
633 1378 661 1424 et
670 1367 872 1444 Evangelistae,
884 1386 936 1444 pro
950 1370 1100 1427 occasione
1114 1370 1169 1428 sibi
1180 1370 1228 1427 ob·

138 1468 202 1532 lata,
217 1469 322 1543 scripto
332 1467 578 1543 consignaverint:
601 1477 621 1502 ‘⁶
632 1468 753 1544 epistola
762 1469 831 1524 estis
846 1465 986 1533 Christi,”
998 1469 1037 1524 ait
1049 1469 1157 1527 Paulus
1173 1467 1231 1526 Co·

138 1565 257 1622 rinthios
272 1567 431 1640 alloquens,
455 1567 642 1624 “ministrata
662 1587 679 1623 a
699 1567 791 1633 nobis,
806 1575 836 1623 et
857 1568 963 1642 scripta
981 1585 1040 1625 non
1061 1578 1230 1634 atramento,

139 1663 189 1722 sed
204 1665 313 1741 Spiritu
335 1667 392 1724 Dei
407 1666 480 1723 vivi:
502 1684 560 1723 non
580 1667 609 1723 in
633 1667 732 1724 tabulis
752 1664 883 1742 lapideis,
903 1664 1003 1723 sedin
1025 1667 1124 1724 tabulis
1138 1665 1232 1724 cordis

140 1761 351 1843 carnalibus.''²
391 1763 489 1822 “Hoc
502 1775 546 1822 est
559 1775 759 1823 testamentum
774 1764 851 1837 quod
864 1764 1016 1840 disponam
1032 1763 1131 1823 domui
1144 1764 1233 1823 Israel

141 1877 206 1941 post
218 1863 283 1921 dies
297 1864 372 1932 illos,
385 1863 453 1922 dicit
464 1863 626 1922 Dominus:
650 1863 753 1922 Dando
762 1864 842 1939 leges
853 1881 930 1920 meas
945 1863 975 1920 in
988 1872 1112 1921 mentem
1123 1881 1233 1930 eorum,

139 1974 166 2021 et
182 1965 213 2019 in
228 1964 314 2021 corde
328 1965 642 2042 eorumsnperscribam
652 1957 750 2022 eas.''³
775 1962 1060 2038 Distingnituretiam
1074 1963 1138 2021 Lex
1150 1963 1236 2019 Nova

141 2084 157 2120 a
179 2062 280 2120 Veteri
304 2062 451 2122 dulcedine
474 2082 542 2121 sua:
566 2073 585 2098 ‘⁴
592 2064 696 2139 jugum
719 2064 797 2120 enirn
819 2080 916 2119 meum
941 2080 1029 2120 suave
1042 2062 1118 2130 est,”
1143 2061 1237 2134 inquit

144 2161 286 2229 Christus,
309 2171 365 2218 “et
377 2180 451 2219 onus
472 2181 568 2219 meum
589 2159 702 2219 Μεθ’*
742 2160 827 2219 Unde
848 2161 1044 2236 Augustinus:
1067 2160 1172 2218 “Haec
1192 2173 1236 2219 est

145 2260 322 2336 apertissima
349 2260 508 2318 differentia
534 2260 656 2320 duorum
682 2268 925 2327 testamentorum,
949 2260 1034 2317 timor
1057 2269 1086 2318 et
1108 2255 1238 2316 amor.”⁵

148 2359 357 2418 Plenitudinem
372 2362 457 2419 etiam
472 2361 566 2436 gratiae
580 2379 678 2417 seeum
693 2359 773 2416 affert
786 2377 859 2416 nova
869 2358 917 2416 lex
928 2357 1078 2417 Christum
1092 2357 1237 2434 Redemp

148 2473 234 2514 torem
248 2460 332 2515 nobis
346 2457 481 2523 offerens,
502 2478 591 2529 quum
610 2459 688 2516 nulla
708 2459 796 2535 gratia
816 2460 846 2515 in
867 2457 956 2515 veteri
975 2457 1039 2532 lege
1059 2459 1237 2524 tribueretur,

148 2557 200 2613 nisi
214 2567 330 2631 propter
343 2554 454 2613 Christi
464 2556 565 2613 merita
578 2555 713 2632 precisa:
728 2564 901 2631 quapropter
910 2554 1067 2631 Apostolus
1080 2555 1115 2613 de
1130 2556 1239 2633 populo

150 2655 262 2726 antiquo
283 2655 340 2721 ait:
370 2655 533 2712 “bibebant
553 2667 647 2713 autem
661 2653 695 2710 de
716 2654 834 2730 spiritali
855 2664 1049 2726 consequente
1069 2674 1120 2713 eos
1142 2667 1237 2730 petra:

152 2763 226 2830 petra
238 2764 333 2811 autem
348 2764 407 2810 erat
420 2745 603 2810 Christus.''⁶
642 2755 683 2812 Et
696 2753 728 2809 S.
743 2753 874 2810 Thomas
889 2752 972 2810 docet
984 2772 1034 2810 eos
1055 2754 1180 2825 “quiin
1195 2770 1241 2810 ve·

152 2855 200 2911 teri
223 2853 411 2910 Testamento
434 2853 590 2911 habuerunt
612 2853 729 2929 gratiam
752 2851 875 2928 Spiritus
896 2851 994 2909 Sancti
1014 2860 1043 2909 ot
1063 2851 1239 2919 charitatem,

154 2951 308 3010 secundum
322 2952 377 3010 hoc
391 2953 561 3029 pertinuisse
575 2952 610 3011 ad
619 2954 714 3030 legem
726 2943 890 3009 Novam.’'⁷

221 3127 263 3191 (1)
284 3125 357 3174 Joun.
368 3125 401 3174 vi.
415 3128 457 3173 54.
854 3125 893 3191 (2)
913 3124 928 3172 2
941 3123 999 3173 Gor.
1010 3125 1043 3174 iii.
1056 3128 1080 3174 3.

220 3211 260 3277 (3)
281 3211 345 3259 Heb.
359 3210 407 3259 viii.
421 3213 460 3260 10.
836 3209 896 3273 ,(4)
917 3208 976 3257 Mat.
985 3209 1017 3257 xi.
1030 3207 1070 3257 ³0.

223 3299 266 3363 (5)
287 3295 317 3345 L.
329 3296 382 3345 eds.
395 3295 526 3345 Adamant.
537 3312 558 3344 c.
571 3296 629 3345 xvii.
855 3296 894 3356 (6)
917 3295 925 3338 1
944 3292 1000 3340 Gor.
1012 3309 1036 3340 x.
1049 3295 1071 3345 4.

442 3384 481 3448 (7)
504 3382 522 3430 1.
535 3381 558 3430 2,
570 3399 611 3448 qn.
626 3385 679 3433 107.
690 3389 732 3430 art.
746 3380 761 3430 i.
773 3379 808 3430 od
817 3377 963 3430 seeundum.
