2766 4996
200 395 259 452 ste
368 394 426 455 DE
446 387 806 451 OBLlGATlONIBUS
828 386 1123 453 CLERIOORUM.

195 558 299 620 suerint
311 560 469 634 pertinaces
482 576 547 616 cum
560 575 665 632 magns
677 556 795 614 aliorum
812 554 981 624 offensione,
997 557 1170 616 denuntiare
1181 560 1284 635 episto

195 678 244 736 po.
266 656 324 714 Sed
334 658 501 732 plenumque
515 675 573 714 uon
586 654 705 731 expedit
716 655 840 728 aliquem
850 655 944 732 pelam
956 673 993 713 ex
1004 656 1085 714 altari
1099 657 1145 714 vel
1158 670 1284 734 suggesto

198 766 304 822 notare,
320 774 356 813 ne
370 756 568 814 exulcerentur
577 755 675 821 animi,
689 755 783 829 potius
797 771 884 826 quam
897 764 1042 813 sanentur.

238 857 288 910 46.
311 854 488 931 Pauperibus
511 864 555 910 est
576 851 811 920 subveniendum,
833 853 870 910 iis
891 855 967 912 enim
991 862 1073 929 pater
1095 855 1135 912 sit
1155 853 1287 930 parochus

195 961 321 1030 oportet;
350 954 453 1027 quibus
472 952 593 1029 proinde
612 969 730 1028 operam
752 968 834 1009 suam
857 953 886 1009 in
908 952 995 1010 sacris
1019 953 1130 1011 muniis
1155 951 1287 1010 obeundis

199 1052 320 1110 libenter
340 1063 368 1109 et
387 1053 472 1128 gratis
495 1050 661 1128 impendere
683 1049 776 1115 debet,
799 1060 939 1109 eteorum
962 1051 1192 1117 necessitatibus,
1215 1061 1288 1127 prout

201 1151 333 1229 potuerit,
348 1150 506 1227 providere,
520 1149 638 1207 divitum
652 1159 680 1206 et
692 1149 804 1224 piorum
818 1166 873 1224 ope
885 1149 1018 1226 expetite.

242 1253 292 1308 47.
315 1249 531 1308 Matrimonium
544 1249 714 1306 contracturi
728 1247 861 1305 derebus
874 1246 940 1306 fidei
959 1256 988 1306 et
999 1248 1109 1306 muniis
1123 1246 1288 1306 Christianis

201 1346 351 1423 diligenter
372 1345 538 1405 instituendi
560 1357 635 1413 sunt,
658 1354 690 1403 ut
709 1345 785 1403 filios
804 1362 839 1402 ea
857 1344 995 1412 decessu
1015 1364 1159 1418 suamque
1179 1364 1286 1422 operam

202 1444 343 1520 denegare
357 1445 459 1520 poterit
472 1443 611 1520 parochus
625 1445 660 1501 iis
674 1445 723 1514 qui
737 1462 770 1500 ea
783 1445 922 1520 ignorant.
956 1443 1103 1502 Ceterum
1117 1463 1207 1517 quum
1221 1455 1286 1500 tenta

202 1542 241 1600 sit
254 1541 372 1599 facilitas
385 1541 596 1599 matrimonium
616 1540 733 1600 ineundi
753 1560 848 1600 corum
869 1561 998 1619 praecone
1018 1542 1166 1611 heretico,
1180 1543 1224 1599 vel
1237 1561 1286 1598 rua·

204 1643 333 1719 gistrum,
347 1659 405 1698 non
425 1650 538 1716 prestat
550 1640 717 1716 plerumque
731 1659 781 1698 eos
801 1641 1092 1717 repellererquamvis
1109 1659 1196 1699 omne
1209 1640 1287 1697 studi·

206 1759 255 1799 um
269 1737 460 1798 adhibendum
474 1739 511 1796 sit
522 1747 553 1796 ut
565 1747 743 1816 quantocyus
756 1740 935 1797 instaurentur.

243 1843 292 1896 48.
313 1838 472 1896 Puerorum
485 1838 662 1896 instmctioni
675 1839 704 1894 in
723 1837 823 1895 litteris
843 1839 1027 1909 scientiisque
1048 1836 1184 1895 humenis
1197 1838 1286 1913 inuigi-

202 1938 260 1994 lare
273 1936 357 1994 debet
369 1934 520 2012 parochus,
534 1954 570 1993 ne
585 1935 656 1994 fides
676 1935 861 2013 periclitetur,
875 1955 912 1994 ex
925 1934 1188 2011 ludimagistromm
1201 1936 1285 2011 pravis

201 2034 352 2109 principiis
365 2034 412 2090 vel
425 2033 561 2100 moribus,
575 2035 620 2090 vel
642 2052 679 2092 ex
699 2034 777 2092 libris
798 2035 901 2112 pravis.
943 2032 977 2093 ld
997 2034 1126 2092 maxime
1140 2033 1286 2093 curandum

202 2131 256 2189 bac
269 2132 299 2188 in
311 2131 438 2207 regione,
451 2130 500 2187 ubi
513 2132 632 2207 publicas
653 2132 811 2209 discipline
830 2134 901 2191 ratio
922 2134 1005 2210 plene
1026 2132 1119 2191 tendit
1139 2132 1175 2191 ad
1191 2150 1285 2209 pueros

201 2228 328 2288 doctriua
350 2227 487 2287 catholica
510 2230 722 2290 destituendos:
743 2232 821 2303 quod
842 2240 870 2289 st
891 2232 932 2289 rei
954 2239 1058 2289 euentu
1082 2233 1283 2308 comprobem

122 2392 128 2415 ι,
202 2329 349 2387 Tenentur
377 2327 495 2404 parochi
518 2330 545 2386 vi
567 2330 611 2387 sui
633 2330 770 2398 muneris,
793 2340 822 2388 et
846 2330 893 2388 alii
918 2331 1094 2403 quicumque
1120 2349 1215 2389 euram
1240 2330 1284 2388 ob

105 2422 140 2469 ‘⁶
204 2427 324 2489 t'urentee
340 2427 506 2492 animarum,
521 2426 555 2483 ad
568 2427 693 2485 subsidia
711 2428 809 2486 salutis
828 2429 887 2486 suis
907 2429 1007 2487 ovibus
1024 2429 1194 2504 prestanda,
1207 2430 1284 2486 etiam

205 2540 270 2577 cum
294 2523 356 2577 vitae
380 2522 516 2595 periculo,
539 2533 655 2598 urgente
678 2537 814 2594 extrema,
838 2544 888 2584 seu
913 2530 990 2603 gravi
1010 2529 1200 2587 necessitate:
1224 2545 1284 2586 uam

207 2628 226 2653 ‘⁶
237 2619 329 2676 bonus
342 2627 438 2696 pastor
450 2619 573 2679 animem
587 2639 668 2679 suam
681 2621 728 2679 dat
740 2641 792 2699 pro
805 2626 905 2684 ovibus
919 2619 1026 2683 suis.''¹

642 2809 683 2873 (l)
697 2807 768 2858 Josn.
782 2826 805 2859 x.
819 2812 846 2858 ll
