2744 4980
320 450 378 514 Du
398 449 664 516 rurensihus
684 444 1055 553 ostlesrtoutttus.
1174 467 1233 560 877

188 627 255 681 105.
276 621 372 682 Debet
379 621 470 700 judex
484 640 583 681 causas
597 623 724 683 eeleriter
735 625 881 701 expedire,
896 635 1007 685 servata
1019 636 1113 687 tamen
1126 647 1234 689 morae

141 720 253 798 legibus
264 723 443 798 prescripta:
466 721 665 798 “jurgantium
673 725 880 782 controversias
893 724 978 784 oelsri
991 729 1132 786 sententia
1141 730 1232 788 termi-

140 838 221 888 nare,
235 830 264 877 et
275 821 399 893 aequitati
413 821 547 879 eonvenit
565 830 594 878 et
614 815 748 898 rigori.'’¹
789 822 894 882 Peoeat
912 824 998 900 igitur
1010 827 1060 898 qui
1073 845 1104 884 se
1117 826 1231 887 facilem

140 919 249 995 prebet
260 917 401 976 advocatis
415 937 509 978 moras
523 929 634 978 nectere
655 922 854 993 quarentibus,
877 931 909 979 ut
922 923 972 1000 jus
991 925 1093 983 actoris
1106 925 1230 993 eludent,

140 1018 187 1077 vel
200 1017 359 1076 molestiam
372 1037 422 1076 reo
436 1018 572 1085 inserant3
593 1020 683 1077 velut
695 1037 775 1078 reum
792 1039 807 1077 a
816 1021 894 1096 justa
904 1019 1084 1082 damnatione
1097 1024 1227 1100 eripiam.

139 1116 227 1182 Quod
240 1117 266 1175 si
279 1117 365 1175 nimis
384 1117 550 1175 festinanter
568 1135 683 1176 eausam
705 1117 741 1178 ad
760 1120 868 1178 exitum
888 1118 954 1178 duci
969 1121 1078 1197 jubeat,
1093 1132 1125 1180 ut
1137 1125 1230 1182 amieo

138 1215 310 1290 gretifioehn
322 1235 388 1274 oum
402 1216 514 1273 alterius
529 1214 706 1284 detrimento,
721 1218 766 1276 rel
779 1227 810 1275 ut
822 1219 922 1295 populi
931 1220 961 1279 iu
974 1238 1055 1280 reum
1068 1220 1136 1280 odio
1149 1223 1230 1281 satis·

136 1313 232 1382 faeiat,
246 1333 329 1373 suum
343 1314 438 1392 prodit
447 1333 562 1374 munus.

181 1417 249 1471 106.
270 1414 304 1472 ln
316 1413 400 1472 rebus
422 1414 552 1472 civilibus
568 1413 675 1491 judiois
696 1414 838 1473 sententis
858 1425 920 1474 aeta
940 1416 1064 1476 forensia
1085 1427 1114 1475 et
1134 1419 1230 1494 legum

137 1521 266 1570 tenorem
279 1513 440 1572 neeessarib
453 1514 593 1586 sequitur,
606 1513 674 1572 lieet
695 1531 848 1590 gravamen
870 1515 967 1574 forsan
980 1516 1066 1575 alicui
1079 1515 1145 1575 inde
1159 1517 1230 1575 oria·

136 1618 199 1668 tur:
221 1612 334 1686 publiea
346 1613 424 1670 enim
433 1613 538 1671 utilitas
557 1613 648 1689 exigit
660 1620 691 1670 ut
698 1611 808 1690 judicia
819 1614 862 1672 sio
874 1623 1022 1691 gerantur:
1044 1625 1074 1674 et
1084 1615 1160 1674 valet
1171 1632 1229 1673 rss·

135 1709 250 1783 publiea
263 1729 326 1770 eam
345 1711 502 1770 oouoedere
524 1720 692 1788 potestatem
706 1712 736 1770 in
749 1711 856 1770 bonurn
868 1730 1030 1782 commune,
1044 1715 1091 1772 eui
1104 1713 1228 1788 singulo-

135 1824 200 1866 rum
213 1809 280 1884 jura
292 1809 406 1869 cedunt

178 1910 246 1968 1⁰7.
268 1907 390 1968 Gareere
403 1907 546 1979 includere
559 1927 638 1967 reum
651 1907 743 1986 judici
756 1907 831 1977 lieet,
851 1927 917 1968 nem
925 1910 1112 1987 'blasphemus
1125 1911 1156 1969 in
1168 1929 1227 1969 oer-

134 2022 232 2064 cerem
246 2008 351 2066 missus
364 2017 437 2067 esta
456 2007 553 2075 Mose,
567 2006 659 2066 donee
674 2007 732 2066 Dei
744 2007 873 2065 voluntas
886 2006 922 2066 de
936 2026 1019 2084 poeua
1032 2011 1060 2067 ei
1073 2008 1228 2086 infligenda

132 2099 350 2165 innotescerst²
388 2106 430 2164 Et
450 2116 482 2163 ut
503 2107 647 2182 sapienter
667 2105 863 2164 animadvertit
875 2107 908 2165 S.
923 2107 1072 2165 Thomas:
1095 2107 1225 2166 “Homo

133 2204 185 2274 qui
210 2204 334 2264 abutitur
355 2214 494 2282 potestate
514 2206 569 2264 sibi
590 2203 663 2272 data,
687 2215 811 2263 meretur
831 2223 895 2263 earn
917 2207 1054 2264 emittere.
1096 2207 1138 2264 Et
1158 2204 1224 2264 ideo

132 2298 244 2360 homini
257 2304 306 2376 qui
319 2302 466 2381 peccando
480 2305 584 2362 abusus
597 2314 641 2361 est
651 2304 741 2363 libero
753 2320 807 2362 usu
817 2321 935 2363 suorum
947 2305 1148 2372 membrorum,
1157 2321 1224 2362 eou-

133 2401 252 2460 veniens
262 2413 306 2459 est
324 2402 555 2462 incarcerationis
574 2396 740 2460 meterin.”⁸
779 2401 924 2461 Ceterum
947 2421 983 2461 ne
996 2421 1110 2480 poenam
1130 2403 1224 2460 subire

132 2499 198 2570 quis
207 2500 334 2559 videatur
347 2503 494 2568 innocens,
508 2500 667 2578 precedere
680 2500 784 2560 debent
796 2502 923 2560 oriminis
937 2501 1041 2561 indicis
1060 2501 1156 2578 gravia
1169 2511 1223 2559 tes·

132 2598 204 2656 tium
214 2600 377 2676 juramento
387 2601 512 2677 probate,
527 2619 594 2658 nam
608 2607 628 2635 “
638 2601 810 2658 inearoerare
824 2600 958 2673 aliquem,
971 2601 1017 2659 vel
1027 2600 1225 2673 qualitercum-

132 2715 188 2768 que
201 2697 337 2768 detinere,
352 2713 396 2757 est
408 2700 548 2767 illicitum,
563 2699 619 2757 nisi
640 2698 689 2755 fiat
710 2697 868 2757 secundnm
888 2698 1018 2757 ordinem
1035 2699 1162 2773 justitie,
1177 2711 1225 2757 ant

131 2797 160 2852 in
174 2814 298 2872 poenem,
313 2798 407 2858 autad
420 2796 556 2856 cautelam
576 2797 695 2873 alicujus
718 2796 786 2854 meli
799 2792 954 2854 vitandi.'’⁴
992 2797 1063 2854 Jure
1076 2798 1223 2855 communi

129 2905 244 2953 cavetur
263 2915 299 2955 ne
322 2898 392 2955 civis
415 2898 552 2956 innoxius
571 2895 682 2954 elroere
696 2887 888 2963 includatur3⁵
907 2904 935 2951 et
955 2895 1011 2953 reis
1038 2893 1070 2951 fit
1092 2894 1221 2961 seoultas,

130 2995 263 3068 prestitis
272 2995 452 3063 vadimoniis,
465 2997 591 3054 libertate
605 2993 725 3062 smendi,
740 2994 832 3053 donee
841 2993 982 3074 judicium
995 2994 1152 3053 subierint:
1166 2996 1224 3054 nisi

165 3214 210 3279 (1)
229 3212 291 3280 Cap.
304 3215 328 3265 ii.
341 3215 371 3265 de
383 3225 446 3266 sent.
457 3225 481 3267 et
493 3233 518 3267 rs
533 3216 610 3283 indie.
643 3215 682 3266 De
694 3215 774 3266 oensis
793 3213 958 3265 oriminslibus
979 3215 1064 3265 statuit
1084 3215 1225 3265 constitutio

129 3295 447 3351 sensumsensurn:
463 3300 516 3351 “ln
528 3302 560 3351 all
579 3300 691 3350 eriminsl
711 3299 889 3365 proesentions,
901 3298 942 3348 tbs
960 3299 1062 3348 eccussd
1079 3299 1141 3349 shall
1152 3302 1226 3364 enjoy

127 3381 170 3431 the
181 3382 247 3445 right
258 3393 283 3434 to
295 3400 309 3434 s
320 3385 410 3449 spssdy
421 3384 470 3436 and
482 3386 564 3450 public
576 3384 636 3443 trial,
648 3386 679 3448 by
692 3400 725 3434 sn
742 3384 866 3449 impartis!
875 3385 933 3448 jury
947 3383 975 3431 ol
988 3383 1030 3431 the
1041 3381 1110 3432 State
1121 3383 1169 3433 and
1180 3383 1228 3433 dis·

128 3468 184 3516 trist
196 3468 302 3519 wbsreiu
323 3469 364 3519 ths
384 3469 458 3520 crime
475 3471 539 3521 shall
550 3471 612 3521 bare
623 3471 686 3520 been
697 3467 861 3520 committsd.''
895 3466 987 3535 Artiole
999 3466 1030 3515 vi.
1042 3467 1222 3518 Amendmsnts

130 3561 156 3601 to
167 3551 252 3602 Const.
264 3553 355 3604 Unitsd
366 3552 456 3605 Stetss.

164 3639 207 3702 (2)
227 3636 287 3688 Les.
299 3640 367 3689 xxiv.
381 3643 419 3691 12.
666 3640 708 3705 (3)
728 3640 752 3686 7.
765 3642 787 3687 2.
799 3655 840 3702 qu.
852 3638 901 3687 lxv.
915 3645 958 3687 art
971 3637 1004 3686 iii.
1039 3634 1081 3685 Ad
1090 3638 1201 3687 tertium.

165 3722 417 3792 (Qffiffimfflm

165 3808 208 3872 (5)
227 3808 292 3874 “By
307 3813 337 3858 16
350 3810 406 3861 Car.
418 3810 433 3858 i
444 3827 466 3860 c.
478 3825 502 3859 x.
513 3810 536 3860 il
549 3825 598 3874 any
610 3824 699 3874 person
710 3809 740 3857 be
749 3807 879 3859 restrained
892 3808 920 3857 ol
928 3807 966 3858 his
976 3808 1062 3871 liberty
1074 3809 1106 3871 by
1117 3807 1187 3856 order
1198 3822 1225 3854 or

126 3893 213 3944 dscrss
224 3896 253 3944 ol
265 3911 315 3959 any
325 3896 405 3957 illegsl
417 3903 494 3954 court,
506 3911 533 3945 or
550 3897 582 3959 by
595 3892 725 3944 command
743 3894 771 3942 ol
784 3894 826 3943 tho
844 3892 925 3955 king's
937 3894 1039 3957 majesty
1051 3892 1077 3941 in
1089 3906 1185 3956 person,
1197 3907 1224 3941 or

127 3981 159 4043 by
172 3990 278 4030 narrant
289 3980 318 4029 ol
330 3981 372 4031 the
391 3980 487 4030 oounoil
499 3981 581 4038 heard,
593 3995 620 4028 or
631 3979 659 4026 ol
672 3993 720 4040 any
733 3979 761 4026 ol
775 3977 815 4026 the
833 3977 902 4040 privy
914 3976 1018 4034 counoil,
1030 3977 1061 4025 he
1073 3977 1143 4034 shall,
1157 3992 1224 4040 upon

129 4066 235 4115 demand
247 4066 277 4116 ol
289 4065 328 4116 his
340 4066 449 4125 oonnsel,
460 4064 523 4115 hsvs
534 4079 549 4113 s
560 4064 615 4113 writ
626 4065 654 4113 ol
667 4060 756 4113 habeor
767 4075 856 4127 eorpus
876 4072 901 4111 to
922 4061 993 4123 bring
1011 4059 1049 4110 bis
1066 4060 1130 4123 body
1142 4060 1222 4109 before

126 4152 169 4202 the
180 4161 250 4203 oourt
270 4152 298 4202 ol
312 4151 393 4215 king’s
409 4151 488 4202 bench
500 4167 527 4201 or
538 4167 652 4201 common
671 4151 746 4214 plsas,
756 4149 813 4198 who
825 4147 888 4197 shell
905 4146 1037 4196 determins
1056 4144 1165 4195 whether
1182 4145 1223 4195 the

126 4254 201 4288 cause
214 4238 242 4287 ol
254 4238 295 4287 his
305 4237 474 4288 eommitmsnt
485 4238 514 4288 bs
522 4235 599 4303 just.”
629 4236 790 4294 -Blaclmtous,
802 4235 817 4284 l.
829 4233 845 4284 i.
857 4248 882 4282 n.
896 4234 951 4281 1³⁵.
981 4231 1044 4282 Vids
1056 4239 1080 4280 st
1092 4229 1179 4280 Gonrt.
1191 4230 1222 4279 U.

129 4321 302 4380 S§Mm2

670 4397 726 4452 3³*
