2744 4980
320 453 377 512 DE
400 453 697 515 COMMUNIONE
718 453 937 517 PASCHALl.
1116 463 1177 520 205

84 641 123 680 ex
136 621 265 696 Eugenii
279 618 332 677 IV.
348 618 562 686 declaratione,¹
575 632 603 677 et
619 618 759 677 Ecclesia
771 637 826 678 usu
847 632 875 678 et
887 640 984 681 sensu.
1027 621 1182 686 Concessit

84 739 170 797 porro
194 718 285 776 Sedes
298 720 476 795 Apostolica,
490 720 655 796 rogantibus
675 720 803 795 patribus
823 721 909 796 primi
931 723 1047 779 concilii
1067 727 1180 800 provin·

84 819 166 877 cialis
181 818 410 886 Baltimorensis,
425 830 455 876 ut
468 819 567 876 fideles
581 819 654 874 intra
666 818 827 894 provincias
840 817 992 879 stederstas
1006 833 1180 898 preceptum

85 919 142 976 hoc
158 917 274 992 implere
295 918 406 993 possint
426 938 442 975 a
461 918 603 975 dominica
623 918 715 993 prima
734 916 965 994 Quadragesimae
983 918 1018 977 ad
1031 919 1181 980 Trinitatis

86 1019 193 1075 sesmm
208 1017 357 1073 inclusive.

129 1120 178 1172 33.
201 1115 296 1180 Quum
316 1116 460 1173 consessio
480 1117 597 1191 proprio
617 1115 757 1173 sacerdoti
776 1116 905 1176 facienda
917 1117 1120 1194 injungeretur,
1135 1139 1182 1179 eu·

86 1215 221 1272 charistia
240 1215 274 1269 ab
294 1214 395 1272 eodem
416 1214 601 1290 suscipienda
621 1214 803 1290 intelligiturt
827 1214 903 1286 quod
923 1234 959 1273 ex
979 1218 1183 1277 consuetudine

89 1313 232 1372 Ecclesiae
252 1314 342 1389 exigit
353 1324 385 1370 ut
398 1314 428 1370 in
442 1315 556 1389 propria
569 1313 704 1389 parochia
724 1314 902 1388 suscipiatur.
945 1315 977 1370 S.
993 1314 1184 1393 congregatio

90 1412 288 1470 Cardinalium
302 1411 418 1477 idcirco,
434 1430 508 1470 anno
524 1416 612 1480 1682,
623 1411 776 1469 declaravit
788 1412 937 1470 saeculares
950 1431 1009 1471 non
1022 1415 1183 1474 satisfacere

91 1524 234 1588 praecepto
254 1511 456 1578 ecclesiastico,
472 1529 522 1587 per
541 1511 771 1568 communionem
788 1510 890 1569 factam
912 1512 941 1569 in
962 1512 1089 1571 ecclesiis
1103 1532 1185 1591 regu·

90 1612 202 1667 larium.
245 1610 361 1667 atvero
376 1629 464 1681 quum
478 1611 562 1668 nullae
583 1609 658 1685 apud
676 1628 729 1666 nos
743 1610 872 1685 partecioe
896 1621 1091 1686 agnoscantur,
1112 1632 1183 1688 prte-

92 1721 208 1785 ceptum
223 1708 371 1784 impletum
386 1719 527 1775 censetur,
540 1709 712 1780 ubicumque
725 1708 789 1778 quis
803 1708 1001 1766 eucharistiam
1014 1712 1182 1786 susceperit:

92 1808 145 1865 sed
159 1807 312 1884 optandum
326 1819 370 1864 est
383 1820 411 1864 et
424 1806 600 1866 suadendum
613 1818 645 1864 ut
661 1809 690 1865 in
711 1806 831 1863 ecclesia
850 1825 912 1878 quae
926 1808 1085 1883 paroecialis
1099 1809 1186 1867 instar

93 1909 132 1964 sit
146 1908 324 1982 suscipiatur.

138 2010 187 2062 34.
209 2005 253 2062 De
272 2004 392 2061 consilio
412 2004 578 2062 confessarii
599 2005 635 2061 ob
655 2004 778 2075 aliquam
800 2003 993 2061 rationabilem
1015 2023 1131 2064 causam
1151 2006 1186 2064 ad

96 2116 210 2180 tempus
224 2105 258 2161 ab
271 2102 446 2160 eucharistias
461 2104 642 2180 perceptione
656 2103 794 2159 abstinere
814 2102 878 2173 quis
898 2103 1010 2179 poterit,
1029 2106 1098 2176 quin
1118 2125 1187 2182 prae·

96 2204 171 2279 cepti
187 2201 282 2259 violati
302 2219 369 2258 reus
389 2202 538 2260 habeatur:
561 2201 635 2273 quod
657 2199 807 2257 dicendum
821 2199 930 2258 videtur
943 2203 1027 2259 etiarn
1042 2202 1076 2259 de
1089 2222 1124 2260 eo
1138 2206 1187 2276 qui

97 2321 150 2359 sua
162 2302 247 2377 culpa
260 2299 389 2358 confiteri
397 2301 523 2376 neglexit
532 2301 623 2358 donec
633 2301 770 2376 temporis
781 2298 923 2374 paschalis
931 2300 997 2358 finis
1008 2301 1187 2370 immineret;

98 2401 229 2473 quamvis
242 2398 319 2456 enim
337 2399 373 2456 ob
392 2418 501 2458 moram
522 2400 609 2466 illam,
630 2417 687 2470 qua
707 2416 737 2454 se
760 2397 864 2474 objecit
882 2396 1050 2466 discrimini,
1071 2401 1190 2475 graviter

99 2499 259 2575 arguendus
270 2498 316 2564 sit,
327 2498 412 2555 utitur
423 2509 517 2556 tamen
529 2498 601 2573 legis
614 2497 809 2562 concessione,
819 2495 886 2552 dum
900 2499 1141 2565 communionem,
1153 2518 1189 2557 ex

101 2599 221 2656 consilio
234 2596 411 2662 confessarii,
426 2596 529 2655 differt.
558 2595 700 2653 Caetemm
710 2596 736 2652 si
744 2595 902 2671 neglexerit
914 2597 1048 2655 accedere
1062 2606 1188 2673 tempore

101 2717 116 2753 a
131 2697 305 2756 confessario
318 2694 445 2761 definito,
460 2715 524 2753 reus
538 2695 635 2753 violati
648 2696 783 2771 precepti
797 2694 879 2768 plane
888 2693 1033 2752 habendus
1047 2696 1110 2753 erit.
1138 2696 1192 2753 llla

103 2798 173 2872 legis
188 2795 336 2853 concessio
350 2794 517 2870 suffragatur
530 2796 560 2851 in
572 2794 625 2850 hac
636 2794 761 2869 regione,
775 2791 843 2848 licet
856 2801 966 2867 tempus
980 2793 1190 2868 amplissimum

106 2906 246 2970 praecepto
270 2892 468 2950 satisfaciendo
490 2893 621 2950 omuibus
644 2891 734 2957 detur,
755 2909 821 2948 nam
849 2891 982 2965 temporis
1008 2893 1138 2949 extensio
1157 2894 1194 2950 ob

104 3010 283 3050 communem
298 2993 495 3049 necessitatem
510 2992 648 3048 sactanon
662 2990 778 3066 derogat
791 2988 885 3065 gratiae
900 3007 984 3061 quam
997 2991 1044 3047 lex
1058 2992 1194 3066 permittit

104 3092 222 3167 singulis
236 3091 328 3148 tribui.

143 3188 393 3248 uehementer
416 3188 553 3246 sumenda
579 3200 623 3244 est
645 3187 824 3253 eucharistia,
848 3187 956 3244 ratione
982 3207 1044 3259 qus
1072 3189 1101 3245 in
1125 3190 1192 3246 tanti

108 3289 419 3346 sacramentihonorem
433 3300 461 3344 et
474 3289 502 3345 in
511 3287 693 3363 suscipientis
707 3287 853 3343 utilitatem
867 3283 959 3350 cedat,
971 3286 1092 3357 ideoque
1101 3287 1196 3344 animo

109 3389 243 3464 apeccati
257 3389 350 3463 gravis
364 3387 427 3443 labe
451 3387 581 3444 immuni.
623 3385 764 3442 Damnata
786 3383 893 3441 idcirco
916 3392 960 3439 est
982 3384 1015 3441 ab
1028 3384 1197 3442 Innocentio

110 3487 160 3545 Xl·
186 3486 358 3562 propositio:
382 3486 557 3561 “Praecepto
580 3482 790 3543 communionis
811 3500 910 3538 annua
931 3483 1032 3539 satisfit
1050 3501 1102 3559 per
1114 3484 1198 3542 sacri·

109 3586 199 3661 legam
213 3584 332 3642 Domini
347 3576 643 3641 manducationem.”²
675 3583 733 3648 Qui
747 3582 830 3657 igitur
843 3590 951 3638 tantum
965 3582 1079 3640 admisit
1090 3585 1199 3642 crimen

109 3700 138 3742 ut
150 3702 255 3759 corpus
270 3683 388 3741 Domini
403 3681 518 3757 indigne
531 3682 723 3751 manducaret,
738 3680 863 3756 paschali
878 3682 989 3739 muneri
1003 3681 1197 3741 satisfaciendi

112 3783 216 3858 specie,
231 3782 314 3838 debet
335 3794 512 3856 quantocyus
530 3789 558 3836 et
580 3780 713 3857 plangere
726 3780 850 3857 culpam,
865 3791 893 3836 et
909 3781 1005 3838 animo
1018 3781 1069 3838 rite
1082 3781 1200 3856 probato

111 3893 140 3938 et
153 3892 321 3958 expurgato,
336 3881 463 3939 divinum
477 3889 683 3937 sacramentum
697 3879 851 3954 suscipere.

153 3984 201 4038 36.
215 3978 365 4039 Paschalis
376 3981 541 4037 communio
552 3977 680 4036 facienda
693 3986 745 4044 est,
760 3978 831 4034 intra
844 3985 956 4052 tempus
967 3974 1075 4033 scilicet
1084 3976 1129 4034 vel
1138 3976 1201 4054 lege

106 4080 260 4137 ⁴communi
274 4079 319 4137 vel
333 4078 448 4154 speciali
462 4076 570 4136 indulto
584 4077 743 4144 definitum,
757 4073 901 4145 etiauuab
914 4092 948 4131 eo
962 4073 1011 4146 qui
1024 4074 1109 4151 paulo
1122 4085 1202 4134 antea

346 4299 384 4362 (1)
403 4292 485 4358 Bulla,
503 4293 567 4348 Fide
579 4293 667 4364 dignu.

346 4384 389 4448 (2)
408 4381 480 4449 Prsp
492 4384 531 4432 to.
545 4383 608 4433 inter
618 4380 745 4431 damnatas
755 4373 771 4425 2
783 4375 874 4437 Martii,
889 4376 961 4426 tate.

198 4463 283 4526 Vos.
300 4463 409 4528 l.-l9

86 4548 143 4659 ἃ
