2744 4980
544 375 600 435 DE
623 375 901 438 IGNORANTIA.
1232 384 1272 439 28

184 540 299 609 aaron,
312 541 419 617 passim
432 557 531 598 carnes
544 539 716 600 manducent
727 542 826 600 diebus
840 542 981 610 omnibus,
994 553 1094 618 preter
1103 542 1177 600 1111111
1192 563 1276 603 vene·

186 631 241 692 ris:
263 659 326 712 quae
348 639 535 712 quorumdam
555 640 739 707 consuetudo,
766 641 851 698 veluti
864 660 916 698 suo
942 642 1055 700 arbitrio
1075 642 1223 719 jejunandi
1249 654 1277 700 et

193 730 339 797 ¹¹bstineridi
347 737 724 814 aliisdiebusobligationem
732 740 897 806 tollentium,
905 739 1059 798 nullimode
1067 741 1273 816 probandaest:

197 832 271 895 ⁸edsi
283 837 428 914 diligentia
449 837 616 915 plerumque
639 837 773 907 adhibita,
788 838 938 910 aliquando
960 858 1027 897 casu
1049 841 1199 906 omittatur,
1213 860 1271 898 non

200 942 265 993 trum
276 936 356 994 facile
378 936 468 1012 cnlpae
488 935 649 993 damnandi.
693 938 789 995 Facile
812 938 896 995 etiam
919 947 1088 996 excusantur
1109 939 1158 1010 qui
1179 938 1273 1015 legere

200 1039 244 1090 nou
254 1043 362 1101 norunt,
376 1046 405 1091 et
414 1036 487 1092 inter
494 1035 675 1093 Acatholicos
682 1047 838 1104 versantur,
848 1038 1047 1109 neminemque
1055 1037 1159 1094 habent
1166 1039 1215 1108 qui
1223 1056 1274 1094 eos

195 1140 295 1191 nonen
305 1133 441 1191 festorum
456 1134 501 1191 vel
513 1133 676 1192 esurialium
695 1135 815 1193 dierum.
859 1136 891 1194 Si
905 1136 1023 1192 venialis
1036 1135 1119 1193 fuerit
1131 1136 1275 1211 negligen-

190 1229 224 1285 tia
237 1232 370 1299 discendi,
384 1252 402 1289 a
412 1233 498 1309 culpa
510 1233 631 1309 graviori
644 1233 716 1309 legis
729 1234 843 1291 violatio
857 1234 1045 1291 excusabitur.

219 1335 272 1388 35.
293 1331 455 1407 Ignorantia
477 1333 603 1389 muneris
626 1331 702 1404 quod
725 1334 789 1405 quis
815 1333 935 1408 suscipit
960 1335 1171 1390 exeusationem
1194 1333 1270 1391 haud

162 1419 263 1487 facile
275 1428 405 1496 admittit,
420 1431 576 1505 prasertim
599 1431 624 1488 ei
648 1431 776 1488 mercede
799 1443 914 1507 accepta
936 1430 1005 1489 illud
1027 1441 1165 1497 exerceat,
1189 1433 1234 1488 vel
1248 1435 1273 1490 si

148 1530 275 1588 gravia
294 1527 478 1587 incommoda
503 1546 540 1584 ex
561 1547 655 1585 errore
678 1541 838 1602 sequantur.
883 1529 1024 1588 “Omnes
1052 1540 1180 1588 tenentur
1201 1532 1273 1586 scire

141 1628 369 1685 eolitmuniter
381 1645 416 1684 ea
428 1645 491 1699 quas
504 1636 570 1684 sunt
582 1627 658 1696 fidei,
673 1639 702 1684 et
719 1628 890 1687 universalia
898 1630 972 1706 juris
986 1639 1144 1705 praecepta:
1168 1631 1272 1704 singuli

131 1724 273 1783 &utem
286 1745 321 1783 ea
335 1745 398 1799 qua
411 1725 447 1783 ad
459 1743 557 1783 eomm
570 1735 683 1794 statum,
697 1727 743 1784 vel
766 1727 891 1785 officium
915 1721 1089 1803 spectant.”l
1131 1727 1275 1799 Equidem

122 1818 265 1882 nemo
289 1836 400 1883 tenetur
422 1825 555 1882 eximiam
578 1843 694 1900 prorsus
717 1845 749 1882 ae
772 1826 943 1901 singularem
957 1826 1086 1900 peritiam
1098 1826 1165 1881 artis
1189 1844 1273 1895 quam
1315 1894 1319 1899 .

111 1915 332 1980 Dtofitctur
344 1924 454 1990 habere,
468 1923 512 1980 vel
525 1925 651 1980 muneris
665 1942 722 1995 qno
735 1923 868 1999 fungitur,
883 1925 938 1981 nisi
952 1924 1013 1998 ipse
1027 1940 1058 1979 se
1072 1922 1107 1979 ad
1117 1941 1178 1979 eam
1193 1933 1275 1998 pasto

108 2015 355 2097 a(letringan
383 2021 434 2079 sed
460 2021 604 2079 sufficiens
630 2023 754 2079 muneris
781 2021 932 2079 exercendi
957 2022 1056 2078 notitia
1081 2023 1115 2078 ab
1141 2023 1275 2080 omnibus

112 2118 313 2195 Qxigttua
340 2138 377 2178 ne
403 2120 479 2178 fraus
504 2120 552 2177 liat
577 2121 614 2178 iis
636 2123 685 2192 qui
717 2140 814 2178 eorum
837 2138 962 2196 operam,
986 2119 1115 2177 mercede
1137 2123 1271 2194 praestita,

125 2226 319 2290 quarunt,
343 2219 389 2276 vel
411 2218 609 2277 detrimentum
632 2230 770 2277 nascatur.
814 2218 892 2277 Hinc
915 2220 964 2290 qui
987 2221 1053 2276 artis
1075 2216 1207 2275 medendi
1228 2220 1276 2276 vix

135 2317 342 2376 tudtmenta
353 2318 498 2384 callentes,
512 2336 574 2375 eain
588 2319 753 2393 profitentur
765 2329 794 2375 et
805 2330 938 2376 exercent
950 2335 1015 2375 oum
1037 2317 1186 2374 manifesto
1200 2318 1276 2374 infir-

153 2430 296 2474 1norum
309 2419 371 2474 vitas
392 2417 568 2485 discrimine,
591 2418 757 2493 gravissime
780 2426 914 2493 peccant:
939 2417 987 2489 qui
1010 2415 1136 2473 advocati
1159 2434 1276 2473 munere

157 2516 341 2591 fungentes,
365 2516 411 2574 vel
424 2517 535 2584 notarii,
550 2515 594 2572 vel
607 2516 715 2584 scribta,
730 2516 913 2575 instrumenta
934 2534 987 2572 sua
1007 2515 1147 2590 imperitia
1159 2515 1197 2571 ita
1209 2534 1276 2572 con·

170 2615 279 2672 ficiunt
290 2626 322 2672 ut
344 2616 445 2672 robore
467 2624 589 2681 careant,
604 2613 706 2673 damna
728 2615 794 2672 inde
816 2615 996 2674 obvenientia
1018 2613 1120 2670 debent
1132 2631 1270 2689 reparare.

182 2714 238 2780 Qui
252 2714 481 2772 confessionibus
504 2713 680 2789 excipiendis
703 2724 811 2782 vacant,
825 2714 931 2772 ethices
954 2713 1112 2769 christianae
1135 2712 1276 2787 principia

181 2826 209 2869 et
219 2813 299 2888 leges
312 2831 415 2888 parum
428 2812 531 2880 edocti,
545 2814 713 2889 gravissimo
726 2823 871 2870 versantur
883 2813 912 2869 in
926 2811 1088 2868 discrimine
1102 2827 1134 2865 se
1147 2799 1274 2881 aliosque

183 2910 329 2986 perdendi.

222 3014 270 3067 36.
295 3011 399 3068 Utrum
414 3010 564 3084 aliquando
578 3021 724 3088 peccatum
747 3009 905 3068 admittatur
926 3013 996 3083 quin
1008 3011 1048 3067 rei
1062 3008 1168 3067 malitia
1186 3013 1274 3068 menti

184 3109 320 3167 ullatenus
334 3111 508 3178 obversetur,
523 3110 665 3187 disputant
678 3110 821 3186 theologi:
845 3121 912 3168 sunt
929 3112 1006 3168 enirn
1029 3110 1077 3181 qui
1101 3117 1217 3165 censent
1239 3108 1273 3164 de

184 3207 328 3265 honestate
343 3210 461 3267 achonis
482 3228 695 3281 nonnumquam
708 3209 780 3267 nihil
794 3209 923 3276 dubitari,
937 3209 1004 3267 licet
1022 3221 1119 3263 revera
1132 3207 1162 3263 in
1176 3226 1275 3280 pecca·

185 3317 240 3364 tum
255 3309 428 3384 imputetur3
450 3327 538 3380 quum
551 3308 599 3366 alii
613 3307 786 3366 contendant
798 3306 947 3378 aliqualem
961 3305 1162 3362 dubitationem
1176 3304 1274 3361 saltem

186 3407 286 3479 requiri
299 3417 332 3464 ut
344 3419 491 3482 peccatum
505 3409 551 3465 sit.
596 3416 615 3442 ‘⁴
628 3405 750 3474 Quando
762 3405 838 3462 nulla
852 3405 913 3461 talis
926 3401 1084 3481 cognitio,'’
1098 3402 1192 3475 inquit
1204 3402 1275 3461 Sua-

187 3507 283 3573 resius,
299 3515 320 3541 “
333 3507 361 3562 in
376 3518 500 3565 mentem
510 3508 606 3575 subiit,
618 3525 673 3578 qua
682 3506 773 3581 possit
782 3504 909 3561 voluntas
919 3504 1036 3562 excitari
1047 3501 1082 3560 ad
1094 3501 1273 3573 querendam

187 3607 341 3673 seientiam,
356 3615 471 3663 nonest
484 3607 514 3663 in
526 3615 663 3682 potestate
676 3603 801 3662 hominis
814 3622 846 3660 se
860 3602 894 3660 ad
908 3604 984 3661 illam
997 3620 1121 3670 movere,
1135 3613 1163 3658 et
1175 3621 1274 3661 conse·

127 3760 136 3768 ,
188 3717 372 3775 quenternon
386 3715 480 3780 potest
501 3705 563 3762 talis
587 3704 744 3781 ignorantia
765 3703 875 3761 homini
898 3693 1076 3778 imputari.”¹
1119 3701 1176 3767 Qui
1190 3704 1274 3777 igitur

188 3821 241 3860 rem
256 3804 382 3875 aliquam
394 3803 461 3860 lacit
474 3823 559 3875 quarn
572 3802 646 3860 haud
669 3804 827 3878 suspicatur
848 3821 911 3860 esse
934 3803 1078 3878 injustam,
1092 3819 1150 3857 non
1165 3812 1272 3875 peccat,

190 3899 285 3960 horum
299 3901 497 3978 theologorum
506 3903 626 3979 judicio,
641 3901 707 3958 licet
719 3900 812 3960 forsan
835 3903 865 3959 in
878 3921 963 3959 eausa
975 3901 1141 3977 peccaverit.
1185 3898 1243 3955 Alii
1257 3918 1273 3954 e

190 4015 282 4060 eontra
294 4002 394 4061 dicunt
405 4020 471 4060 curn
484 4013 547 4059 actu
560 4019 676 4079 peccare
688 4001 755 4058 licet
767 3999 802 4058 de
816 4000 941 4077 periculo
954 3996 1090 4074 peccandi
1104 3996 1144 4053 nil
1157 4015 1271 4073 prorsus
1320 3980 1330 3992 ¹

421 4171 464 4235 (l)
484 4167 510 4218 S.
522 4167 613 4218 lhom.
627 4167 647 4218 1.
659 4171 682 4216 2.
695 4183 735 4231 qu.
747 4167 822 4217 lxxvi.
831 4175 874 4216 art
887 4165 919 4215 ll.
931 4165 1005 4232 Resp.

418 4255 458 4320 (2)
478 4252 636 4319 intpto.
648 4251 784 4302 Dusae
797 4256 821 4301 8.
832 4269 857 4301 n.
871 4252 909 4300 18.
