2744 4980
135 127 172 187 lb
279 124 336 185 DE
356 124 411 192 VI,
435 123 569 191 METU,
589 122 648 184 ET
668 120 1058 182 OONOUPISOENTIA.

133 291 176 349 vis
196 286 342 361 adhibetur
360 297 392 346 ut
407 285 557 347 voluntatis
577 286 753 363 propositum
778 294 910 354 mutetur,
937 285 1013 358 quod
1037 286 1100 343 fieri
1126 293 1224 342 tamen

132 388 231 461 nequit
243 388 298 445 nisi
310 386 425 462 proprio
439 386 587 443 voluntatis
601 394 674 442 actu.
716 384 762 442 De
776 385 881 441 actibus
895 384 1025 442 violentis
1038 384 1107 441 dicit
1120 380 1225 440 Cardi-

133 487 204 544 nalis
219 484 336 544 Gerdil:
359 494 378 521 ‘⁴
388 484 423 542 In
436 484 491 541 illis
505 484 611 541 actibus
624 483 712 542 homo
727 483 890 540 violentiam
904 483 1015 559 patitur,
1036 492 1066 540 et
1081 490 1224 555 quatenus

133 584 202 642 tales
216 592 292 641 actus
306 592 402 641 natura
415 600 466 638 sua
486 582 604 638 subsunt
626 583 746 658 imperio
766 581 928 648 voluntatis,
942 579 998 637 dici
1020 591 1114 657 potest
1127 579 1224 652 aliquo

133 701 219 740 sensu
232 682 316 739 etiam
329 681 387 738 vim
400 680 496 737 inferri
508 680 653 747 voluntati,
667 698 701 737 eo
715 679 791 753 quod
805 680 1009 755 peractionem
1024 678 1135 737 externi
1148 677 1225 754 prin·

133 781 201 857 cipii
214 781 259 837 vel
272 798 329 837 non
342 788 508 836 exercentur
520 789 597 836 actus
611 796 683 851 quos
696 779 824 855 imperat,
836 778 881 834 vel
894 796 967 850 quos
980 796 1037 836 non
1048 779 1180 854 imperat,
1191 793 1225 833 ea

133 879 297 944 obsistente,
311 871 523 936 exercentur.'’¹

173 981 224 1034 23.
246 976 343 1034 Metus
358 984 376 1011 ‘⁶
387 984 430 1032 est
441 975 569 1032 instantis
583 976 628 1032 vel
640 974 725 1032 futuri
738 974 856 1051 periculi
877 993 961 1033 causa
981 975 1084 1033 mentis
1101 972 1223 1049 trepida·

134 1069 224 1133 tio.''²
264 1074 367 1132 Gravis
388 1072 490 1130 diciun
511 1070 622 1144 quoties
642 1074 749 1130 malum
774 1072 888 1145 aliquod
914 1075 1015 1150 ingens
1043 1072 1226 1149 probabiliter

135 1171 244 1230 videtur
264 1171 404 1229 futurum:
434 1172 475 1227 sic
496 1173 615 1229 carceris
636 1170 768 1239 diuturni,
791 1172 982 1247 percussionis
1004 1171 1135 1229 violentas
1158 1187 1225 1228 cum

135 1272 233 1329 mortis
247 1269 370 1343 quodam
392 1269 528 1346 periculo,
542 1288 651 1346 magnas
672 1271 800 1346 pecuniae
821 1270 911 1346 copiae
932 1269 1095 1328 amissionis
1117 1269 1225 1326 verosi·

136 1369 221 1436 milis,
242 1376 335 1427 metus
360 1369 452 1445 gravis
473 1378 612 1425 censetur.
654 1367 741 1426 Levis
764 1376 807 1425 est
829 1378 921 1427 metus
941 1367 1062 1426 levioris
1076 1365 1227 1444 cujusdam

137 1467 242 1534 damni,
257 1487 292 1523 v:
316 1485 351 1543 g:
375 1465 451 1539 quod
460 1466 524 1539 quis
534 1486 639 1542 paucos
652 1466 751 1524 obolos
764 1467 887 1535 amittam
909 1468 955 1524 vel
967 1467 1059 1543 gravis
1068 1465 1136 1523 mali
1149 1463 1227 1522 haud

137 1565 305 1623 verosimilis
319 1566 494 1641 expectatio:
519 1565 562 1621 sic
582 1565 661 1622 dives
675 1577 812 1623 mercator
824 1566 880 1622 levi
894 1575 1001 1623 tantum
1014 1574 1091 1623 metu
1103 1564 1228 1640 tangitur

136 1681 172 1721 ne
186 1682 285 1721 omnes
298 1681 356 1719 suaa
369 1680 455 1720 naves
469 1661 559 1719 subito
573 1674 697 1737 pereant,
709 1681 866 1736 omnesque
880 1664 924 1720 sui
937 1663 1076 1720 debitores
1089 1662 1159 1719 fiant
1172 1661 1228 1719 sol·

137 1759 229 1818 vendo
242 1761 374 1837 impares.
417 1757 561 1817 Absolute
575 1760 621 1817 vel
636 1759 758 1819 relative
771 1770 863 1819 metus
876 1762 980 1837 gravis
993 1760 1039 1818 vel
1059 1760 1142 1828 levis,
1155 1778 1228 1818 nun·

137 1867 255 1935 cupatur
266 1866 350 1936 prout
362 1859 392 1915 in
404 1876 435 1915 se
449 1858 555 1916 malurn
568 1877 663 1934 grave,
677 1859 722 1917 vel
734 1860 807 1927 leue,
822 1870 874 1926 est,
888 1859 935 1917 vel
946 1867 1077 1935 respectu
1090 1875 1226 1934 persona·

138 1974 209 2015 nun.
252 1956 388 2015 Absolute
401 1959 494 2033 gravis
507 1966 551 2014 est
562 1967 664 2025 metus,
679 1959 727 2031 qui
748 1957 865 2015 habetur
882 1976 918 2016 ne
931 1958 1021 2016 hostis
1033 1955 1126 2014 subitd
1141 1974 1228 2028 quem

138 2056 194 2113 telo
207 2056 355 2112 conficiat:
375 2055 489 2112 relative
503 2056 595 2130 gravis
609 2065 652 2112 est
664 2066 755 2114 metus
779 2056 905 2114 mulieris
927 2075 964 2114 ne
985 2056 1050 2129 quis
1063 2073 1128 2112 eam
1142 2063 1228 2113 noctu

137 2170 189 2228 per
202 2153 295 2210 vicum
309 2161 498 2211 transeuntem
519 2151 704 2229 aggrediatur.
746 2154 833 2212 Levis
853 2163 897 2211 est
909 2163 1000 2213 metus
1014 2151 1151 2213 obsolute
1163 2153 1228 2229 ejus

138 2251 188 2323 qui
201 2251 280 2308 timet
289 2269 325 2308 ne
338 2251 403 2324 quis
424 2269 489 2309 eum
510 2250 666 2326 vituperet;
688 2249 820 2322 relative,
844 2253 897 2311 viri
919 2254 1026 2311 robusti
1046 2253 1171 2309 umentis
1191 2269 1229 2309 ne

135 2349 260 2424 juvenis,
274 2348 319 2406 vel
342 2348 385 2405 vir
407 2348 511 2404 viribus
532 2348 657 2417 inferior,
678 2367 744 2407 eum
765 2367 851 2406 manu
869 2349 1014 2426 percutiat.
1057 2349 1156 2407 Metus
1169 2365 1229 2407 non

139 2446 205 2505 iacit
217 2445 294 2520 quod
307 2454 385 2504 actus
398 2445 501 2503 nonsit
513 2445 684 2504 voluntarius
698 2447 872 2523 simpliciter,
886 2446 937 2504 sed
951 2455 1057 2505 tantum
1070 2445 1229 2505 secuudum

140 2545 227 2618 quid;
248 2563 314 2603 nam
327 2546 376 2618 qui
389 2544 497 2610 metuit,
512 2545 569 2620 agit
581 2546 760 2616 quantumvis
781 2544 857 2603 haud
870 2545 1050 2604 inclinatione
1064 2545 1226 2602 voluntatis.

140 2642 276 2700 Famulus
289 2644 338 2715 qui
351 2644 430 2700 timet
450 2660 486 2699 ne
507 2660 623 2700 munere
644 2643 805 2711 dimittatur,
819 2644 874 2701 nisi
895 2661 1010 2720 operam
1033 2642 1229 2720 prestethero

140 2740 276 2817 flagitium
300 2741 427 2817 patranti,
441 2740 595 2797 voluntarie
618 2743 684 2818 agit,
699 2743 828 2813 quamvis
853 2740 1064 2814 quodammodo
1089 2751 1229 2816 repugnet

140 2840 285 2897 voluntas:
309 2847 328 2873 “
338 2837 367 2895 id
380 2837 489 2905 enim,‘'
504 2838 596 2910 inquit
608 2837 640 2897 S.
655 2839 796 2908 Thomas,
809 2839 844 2897 de
858 2851 934 2897 metu
947 2840 1100 2906 disserens,
1122 2848 1141 2874 ‘⁴
1152 2837 1230 2911 quod

140 2956 192 3013 per
204 2948 311 2997 metum
324 2937 423 3014 agitur,
437 2939 467 2994 in
479 2954 510 2993 se
527 2936 733 2996 consideratum
754 2957 812 2996 non
832 2948 876 2995 est
896 2939 1101 2998 voluntarium:
1126 2936 1178 2994 sed
1199 2936 1231 2993 fit

141 3037 328 3096 voluntarium
351 3037 380 3094 in
402 3055 480 3103 casu,
495 3037 603 3094 scilicet
622 3037 657 3094 ad
679 3037 822 3095 vitandum
846 3037 951 3095 malum
972 3036 1049 3111 quod
1069 3027 1231 3094 timetur.'’³

142 3134 213 3201 Quae
227 3135 298 3192 fiunt
310 3152 346 3191 ex
367 3143 443 3191 metu
463 3136 602 3192 minorem
623 3154 680 3211 prae
701 3153 733 3192 se
753 3137 905 3212 praesemnt
924 3137 1087 3212 gravitatem
1107 3136 1143 3192 iis
1164 3152 1230 3207 que

142 3241 219 3290 metu
241 3231 320 3289 nullo
341 3240 459 3307 urgente
482 3231 554 3288 sacta
575 3225 666 3290 sunt.⁴
704 3232 784 3291 Hinc
806 3237 836 3293 in
853 3235 919 3312 jure
938 3235 1075 3292 canonico
1095 3232 1231 3293 Pontifex

141 3329 266 3386 decernit
277 3328 412 3386 leviorem
435 3329 637 3406 injungendam
659 3332 852 3407 penitentiam
864 3333 1017 3409 episcopis,
1037 3336 1087 3403 qui
1101 3350 1138 3390 ex
1152 3341 1229 3389 metu

143 3437 346 3493 consenserunt
355 3426 465 3504 injustae
475 3426 644 3504 depositioni
654 3431 782 3506 episcopi
791 3427 816 3487 :⁵
828 3442 856 3489 et
865 3441 956 3491 metus
967 3431 1068 3491 dicitur
1077 3441 1231 3495 attenuare,

143 3527 213 3599 quin
226 3525 302 3584 tollat
314 3517 453 3602 culpam.⁰
479 3525 623 3585 Ceterum
636 3529 720 3605 culpa
732 3529 898 3604 plerumque
912 3529 1037 3588 mortalis
1050 3538 1163 3590 manet:
1179 3528 1232 3586 sed

143 3626 173 3684 in
192 3626 226 3684 iis
246 3644 309 3699 quae
324 3625 390 3702 jure
410 3635 517 3684 tantum
532 3626 666 3704 positivo
687 3637 753 3685 sunt
771 3640 912 3706 precepta
923 3629 969 3687 vel
981 3629 1075 3698 vetita,
1090 3637 1183 3687 metus
1197 3628 1232 3684 ab

179 3791 221 3855 (l)
240 3791 323 3841 'l’ract
334 3791 365 3842 de
376 3792 470 3844 actibus
480 3792 605 3844 humanus
616 3808 637 3844 c
648 3793 665 3844 i.
679 3792 750 3859 Prop.
762 3793 778 3843 i.

179 3874 222 3939 (9)
241 3873 290 3924 Lib
301 3875 333 3924 ir.
346 3875 441 3938 Digest.
453 3878 489 3927 tit.
501 3877 526 3927 ii.
705 3920 708 3925 .
730 3877 772 3944 (3)
792 3877 813 3927 l.
824 3876 848 3926 2:
860 3894 901 3944 qu.
912 3879 945 3930 vi.
1225 3939 1227 3942 Α

179 3959 222 4023 (4)
242 3957 266 4006 2.
278 3962 301 4007 2.
311 3974 353 4022 qu.
364 3975 435 4010 cxxv.
447 3968 490 4010 art.
501 3963 534 4012 iv.
545 3960 620 4029 Resp.
722 3964 765 4028 (5)
786 3961 848 4030 Gap.
859 3963 1002 4032 Inprimis,
1013 3979 1101 4015 mussa
1110 3962 1134 4015 2.
1146 3979 1188 4028 qu.
1199 3965 1216 4013 i.

180 4044 223 4108 (6)
244 4042 306 4109 Gap.
319 4043 412 4104 Sacris,
424 4043 459 4094 tit
471 4043 623 4109 dabisque
634 4045 662 4096 in
672 4052 747 4107 metu,
759 4046 807 4098 &o
874 4100 881 4118 .-
