2766 4996
569 425 646 485 bu
668 426 814 486 BELLO.
1169 433 1228 489 253

139 591 355 666 quodammodo
365 594 407 650 eis
420 592 537 659 favetur,
545 601 574 650 et
586 593 620 651 ab
633 591 757 652 hostium
770 593 877 652 ultione
891 604 1085 672 proteguntur,
1096 590 1149 653 uec
1157 597 1233 657 enim

138 693 211 751 sinit·
220 691 391 767 respublica,
405 702 436 748 ut
455 690 541 750 veluti
564 692 660 768 piratae
684 686 857 750 tractentur.¹
898 693 980 752 Bello
1003 694 1139 772 flagrante
1160 695 1235 752 savet

138 809 225 863 quam
245 791 372 870 maxime
386 791 503 866 privatis
516 808 613 857 neves,
628 790 688 847 suis
701 791 850 867 impensis,
871 793 1080 861 instruentibus,
1094 806 1126 850 ut
1137 794 1242 851 hostes«

140 888 349 965 aggrediantur,
363 899 393 946 ot
404 889 510 946 litteras
523 887 654 948 concedit
665 890 769 960 quibus
781 890 895 947 licentia
914 893 956 949 eis
976 891 1057 949 datur
1068 910 1154 949 naves
1167 892 1234 950 hos·

140 989 210 1046 tium
224 987 367 1065 cupiendi,
378 998 407 1045 et
419 989 586 1060 omniaque
599 989 629 1045 in
642 987 684 1044 eis
698 998 809 1066 reperta
821 987 925 1046 suerint
937 983 1114 1066 diripiendi³
1134 989 1234 1049 Coetus

141 1104 295 1162 supremus
318 1086 592 1154 Neo-Eboracenus,
616 1103 692 1144 anno
714 1091 801 1154 1814,
822 1085 891 1144 dum
915 1088 1021 1147 bellum
1047 1107 1112 1146 cum
1132 1090 1234 1166 Anglis

140 1194 295 1263 gereretur,
319 1186 387 1244 seuit
407 1185 567 1243 facultatem
593 1185 702 1243 civibus
723 1186 961 1260 quibuscumque,
987 1205 1107 1246 numero
1133 1189 1234 1246 saltem

138 1286 277 1358 quinque,
291 1286 456 1342 societatem
470 1282 587 1344 ineundi
599 1293 631 1342 ut
649 1302 736 1343 naves
757 1287 938 1354 instruerent,
960 1287 1052 1360 iisque
1071 1286 1166 1344 tribuit
1178 1288 1235 1345 col·

137 1384 207 1461 legii
219 1377 392 1461 privilegia.³

183 1486 232 1540 31.
256 1484 325 1552 Qui,
339 1483 452 1541 licentia
464 1484 579 1560 previa,
594 1483 670 1560 capit
689 1482 734 1541 vel
754 1483 850 1561 diripit
868 1499 956 1542 nates
975 1485 1110 1554 hostium,
1125 1494 1235 1546 tenetur

143 1582 268 1658 predam
283 1584 313 1641 in
328 1591 440 1658 portum
454 1581 605 1649 deducere,
626 1592 655 1641 et
670 1581 780 1659 judicio
799 1582 947 1659 subjicere,
964 1594 995 1641 ut
1007 1584 1042 1642 de
1055 1603 1086 1642 re
1100 1580 1236 1643 constet.⁴

142 1681 176 1738 si
189 1682 300 1740 omittat
313 1699 373 1740 rem
387 1692 497 1759 gestem
509 1682 613 1740 referre
633 1692 662 1739 et
680 1682 807 1757 probare,
827 1682 952 1757 predam
973 1682 1118 1741 amittendi
1137 1682 1235 1741 discri-

142 1781 214 1838 mini
226 1781 370 1857 objicitur,
384 1799 473 1853 quum
496 1779 653 1839 dominium
672 1797 730 1838 uon
751 1788 898 1838 censeatur
916 1781 1081 1857 perfectum,
1100 1782 1155 1839 uisi
1168 1791 1235 1858 post

140 1880 312 1938 senteutiam
324 1881 419 1939 latam.
462 1878 607 1938 Cretenrm
623 1880 762 1957 justitiam
781 1879 886 1937 violare
905 1898 964 1938 non
984 1879 1103 1946 videtur,
1117 1897 1182 1937 uam
1197 1898 1235 1943 ex

138 1979 204 2055 jure
218 1980 345 2054 gentium
358 1998 404 2038 res
417 1988 500 2056 capta
512 1979 545 2036 fit
563 1977 695 2055 capturis.
737 1975 793 2044 Qui
815 1978 921 2050 absque
941 1979 1055 2037 licentia
1071 1980 1156 2056 capit,
1170 1980 1236 2045 ret'n

145 2089 250 2149 uetque
264 2078 399 2154 predam,
413 2096 471 2137 non
484 2078 594 2135 videtur
602 2077 719 2154 justitie
738 2079 848 2137 violate
867 2096 944 2147 reus,
958 2097 1024 2136 nam
1044 2078 1156 2137 licentia
1171 2097 1235 2155 per·

146 2177 217 2233 tinet
229 2175 263 2234 ad
279 2179 354 2255 juris
375 2177 514 2246 ordinem,
536 2186 565 2235 et
583 2175 678 2254 praeda
695 2176 725 2234 in
739 2195 852 2255 poenam
873 2178 1030 2236 vindicatur
1050 2179 1233 2253 reipublice:

145 2275 197 2332 sed
216 2277 264 2352 jus
285 2286 328 2334 est
350 2280 457 2354 captori
479 2294 517 2334 ex
538 2277 601 2352 ipsa
623 2278 817 2352 occupatione,
827 2277 867 2334 uti
883 2276 1041 2353 jurisperiti
1060 2295 1126 2334 cum
1140 2277 1235 2334 Voeto

145 2373 261 2440 docent,
283 2383 366 2451 “per
390 2377 482 2435 solam
503 2375 717 2452 occupationem
740 2374 898 2434 dominium
919 2374 1021 2453 proedae
1040 2374 1169 2434 hostibus
1192 2395 1236 2433 ac·

144 2466 270 2545 quiri.'’⁵

186 2577 238 2630 ³2.
260 2570 319 2639 Qui
338 2593 403 2634 com
422 2576 505 2634 hoste
524 2584 607 2652 capto
626 2576 787 2651 paciscitur,
806 2591 967 2650 navemque
986 2576 1103 2634 liberam
1123 2574 1238 2634 dimittit

148 2673 239 2748 pretio
252 2673 453 2749 persolvendo,
468 2675 516 2734 dat
534 2676 561 2733 ei
574 2674 679 2733 litteras
698 2676 855 2734 securitatis
876 2677 910 2734 ab
926 2676 989 2734 aliis
1002 2674 1130 2752 ejusdem
1144 2676 1236 2750 gentis

149 2762 301 2840 navibus;⁶
322 2775 378 2831 nisi
404 2775 497 2832 obstet
516 2773 565 2832 lex
587 2774 813 2849 redemptionem
835 2773 1000 2852 hujusmodi
1021 2782 1130 2840 vetans,
1153 2781 1238 2848 prout

177 3019 215 3082 (l)
234 3026 248 3051 '⁴
260 3019 285 3070 lt
294 3020 351 3085 they
361 3021 488 3086 depredote
500 3037 565 3086 upon
578 3021 619 3071 the
630 3035 717 3086 enemy
730 3019 834 3071 without
845 3035 860 3070 s
871 3018 1035 3087 commissiou,
1047 3017 1103 3082 they
1117 3027 1155 3068 oct
1169 3034 1235 3083 upou

139 3103 202 3155 their
213 3107 282 3171 peril,
294 3109 341 3158 end
354 3125 394 3158 erc
406 3109 477 3158 lisble
488 3119 513 3158 to
524 3109 553 3158 be
564 3108 684 3174 punisbed
694 3110 725 3173 by
738 3108 801 3158 their
811 3123 868 3158 own
879 3105 1019 3168 sovsrsigm
1036 3105 1081 3156 but
1091 3105 1133 3154 the
1144 3121 1232 3168 enemy

146 3206 185 3240 ars
205 3201 249 3242 not
267 3193 401 3243 werrented
421 3204 446 3243 ιο
468 3193 579 3243 consider
596 3193 663 3243 them
675 3209 702 3243 ss
713 3190 859 3242 criminals?
894 3188 1085 3240 Kent'sComm.
1096 3189 1143 3237 rol.
1155 3189 1170 3237 i.
1183 3195 1237 3251 part

141 3276 208 3326 ileo.
221 3294 243 3327 v.
255 3293 280 3326 u.
291 3280 331 3325 98.

173 3365 213 3426 (2)
233 3369 249 3392 ⁴⁸
258 3361 287 3410 ln
300 3360 368 3410 order
388 3369 413 3410 to
433 3375 570 3423 succursus
589 3360 758 3425 privstsering,
770 3361 789 3410 it
808 3360 830 3409 is
845 3357 917 3408 ususl
929 3365 954 3406 ιο
965 3357 1037 3406 sllow
1047 3354 1090 3405 the
1101 3370 1196 3404 owners
1208 3358 1237 3404 oi

135 3447 229 3512 private
241 3446 321 3494 smted
335 3447 424 3494 vessels
444 3455 469 3495 to
488 3444 640 3510 appropriate
658 3444 803 3494 themselves
814 3442 856 3493 the
868 3437 1006 3507 property.”
1042 3439 1177 3500 Ibidemn.
1195 3441 1236 3489 97.

139 3530 307 3594 Excipiuntur
318 3546 370 3594 quo
382 3540 445 3580 srtes
455 3540 480 3581 st
491 3530 605 3580 scientius
616 3537 740 3595 spectent:
757 3528 811 3578 “ln
832 3527 873 3578 the
892 3543 948 3578 cess
966 3527 996 3577 of
1007 3525 1050 3578 ths
1074 3526 1185 3591 Merqnis
1205 3527 1236 3576 de

139 3615 301 3672 Somerueles,
313 3615 354 3665 ths
365 3613 520 3678 enlightsued
532 3614 610 3682 judge
628 3615 656 3664 oi
670 3613 712 3665 the
731 3613 920 3677 vics-edmirslty
932 3620 1002 3664 court
1020 3621 1047 3662 et
1061 3612 1172 3670 Helilsx,
1184 3628 1233 3662 rss·

138 3700 205 3750 tored
216 3708 242 3749 to
254 3699 295 3749 tho
307 3699 431 3764 Aendsmy
443 3702 472 3750 oi
486 3702 544 3750 Arte
555 3700 580 3750 ῑιι
593 3698 762 3765 ΡοίΙιᾱοΙρίιίι
773 3715 851 3750 ocem
861 3700 890 3750 oi
903 3698 990 3750 ltulisu
1002 3698 1084 3765 points
1096 3698 1145 3748 sud
1158 3699 1237 3762 print·

139 3785 252 3849 captured
265 3786 296 3849 by
309 3785 423 3835 sBritish
436 3787 513 3835 rasel
524 3786 551 3836 in
562 3785 604 3835 the
615 3801 665 3836 wer
676 3786 705 3835 of
721 3785 790 3844 tels,
800 3801 834 3835 on
854 3785 918 3834 their
931 3799 1035 3849 passage
1047 3792 1072 3833 ιο
1086 3782 1127 3832 the
1144 3779 1237 3830 Unitsd

142 3868 235 3926 steten
253 3869 301 3918 sud
314 3868 344 3918 be
362 3870 402 3919 did
415 3871 433 3919 it
444 3870 484 3919 ‘in
501 3870 645 3933 conformity
665 3879 690 3920 to
702 3869 743 3919 the
755 3871 801 3919 lsw
822 3869 851 3919 οι
863 3869 961 3918 ustinus
974 3884 1001 3917 ss
1020 3863 1139 3930 prectissd
1159 3864 1190 3926 by
1205 3862 1238 3912 sll

139 3953 248 4003 civilired
262 3953 400 4012 countries,'
417 3954 465 4003 end
483 3955 586 4004 οοοιιιιο
603 3954 644 4004 tho
665 3962 713 4004 srts
725 3953 773 4002 end
784 3953 893 4002 scieuoes
903 3967 944 4000 ere
955 3949 1071 4000 admitted
1083 3956 1108 3997 ιο
1121 3947 1181 3996 l'orm
1204 3963 1236 3996 sn

139 4039 266 4103 exception
279 4048 304 4088 to
314 4038 354 4088 tho
366 4053 448 4088 severs
457 4037 533 4100 rights
544 4039 573 4087 os
586 4035 708 4087 wortsre.'’
741 4035 842 4094 Ibidem,
853 4050 879 4084 n.
890 4032 931 4083 0³.
965 4032 1040 4082 Note.

181 4125 224 4189 (s)
244 4122 344 4182 Ibidem,
355 4139 380 4174 n.
392 4126 433 4173 98.
468 4123 542 4172 Note.

178 4209 220 4273 (⁴)
234 4207 336 4267 lbidem,
346 4224 372 4258 n.
385 4207 438 4257 loe.
813 4203 854 4269 (⁵)
868 4201 968 4252 ibidem.

176 4295 218 4358 (d)
232 4292 311 4343 “The
323 4292 394 4342 effect
404 4292 434 4342 oi
446 4307 462 4342 s
479 4305 578 4342 nnsom
595 4288 768 4352 irequivelent
784 4294 810 4338 to
826 4286 903 4337 essse
920 4286 1026 4338 conduct
1037 4287 1139 4350 msutsd
1152 4289 1184 4354 by
1197 4288 1239 4338 the

183 4387 259 4447 vm.
282 4386 388 4445 1.-23

348 4740 422 4877 ,θ

1243 4550 1363 4710 Ι
