2744 4980
225 423 282 478 144
514 414 575 481 ll!
594 415 769 478 oculto
788 414 1042 481 PEAECEPTO.

222 586 321 644 tiendo
341 582 515 644 custodibus.
559 585 605 643 Ab
628 583 684 642 hoc
705 582 930 642 invidiosissimo
948 582 1083 649 clamore,
1104 599 1163 653 quo
1183 584 1328 660 cogimur,

221 704 281 743 non
304 705 356 761 pro
380 685 553 760 cujusquam
575 682 755 760 opibus,ch
777 683 932 742 honoribus
954 678 1052 740 inhoc
1065 681 1172 739 seculo
1185 691 1325 740 banscur-

222 785 360 852 rentibus,
375 801 435 843 uon
455 803 508 859 pro
528 784 593 859 ipsa
616 782 702 857 hujus
721 782 858 858 temporis
870 783 937 849 vita,
952 779 1004 838 sed
1016 799 1068 856 pro
1082 790 1186 837 aterna
1198 779 1326 839 hominis

224 883 317 942 salute
332 883 455 948 mentiri,
471 901 530 955 quo
554 881 725 955 confugiam,
741 880 796 937 nisi
818 879 853 937 ad
875 891 913 948 te,
928 881 1041 938 Veritas
1051 872 1100 934 l”¹
1141 879 1277 945 Quolibet
1297 882 1326 937 in

224 982 390 1042 discrimine
403 980 476 1037 nihil
491 979 567 1052 quod
581 997 680 1037 verum
694 980 803 1038 nonsit
815 979 1017 1055 proferendum
1037 977 1174 1035 affirmat:
1197 979 1326 1036 “Faciat

226 1100 297 1157 ergo
311 1081 400 1138 homo
414 1079 500 1136 etiarn
514 1097 567 1154 pro
581 1079 729 1154 temporali
743 1077 893 1137 homiuum
915 1080 1004 1137 salute
1027 1076 1104 1149 quod
1127 1088 1237 1152 potest;
1258 1097 1324 1136 cum

227 1190 321 1238 autem
345 1178 380 1236 ad
399 1178 476 1235 hunc
489 1178 638 1236 articulum
652 1189 768 1235 ventum
782 1176 921 1245 fueritin
942 1179 990 1236 tali
1000 1175 1082 1237 saluti
1101 1176 1250 1235 consulere
1270 1179 1325 1234 nisi

225 1278 373 1356 peccando
388 1295 444 1335 non
460 1277 560 1354 possit,
570 1278 632 1354 jam
642 1295 673 1333 se
683 1277 826 1334 existimet
838 1296 897 1335 non
908 1278 1011 1337 habere
1021 1274 1089 1347 quid
1102 1273 1195 1343 saciat,
1210 1276 1325 1348 quando

224 1379 253 1436 id
266 1376 409 1451 reliquum
423 1394 488 1433 csse
503 1378 683 1452 perspexerit
695 1375 772 1448 quod
785 1394 844 1435 non
857 1387 932 1434 recte
948 1367 1082 1434 saciat.’'²

267 1480 335 1534 179.
358 1473 517 1534 Mendacio
536 1475 666 1535 officiosa
684 1475 853 1550 plerumque
874 1475 1014 1532 venialem
1034 1490 1092 1530 non
1111 1473 1254 1532 excedunt
1266 1476 1325 1533 cnl-

225 1594 310 1652 patn:
332 1576 359 1632 si
376 1576 540 1653 juramento
559 1574 716 1641 firmentur,
730 1573 860 1632 mortalia
879 1575 961 1652 plane
982 1584 1066 1629 sunt:
1088 1573 1162 1629 sicut
1180 1584 1209 1630 et
1222 1576 1247 1630 si
1260 1576 1325 1646 quis

225 1694 256 1732 se
270 1684 388 1732 excuset
403 1672 517 1748 culpam
530 1673 559 1731 in
573 1673 693 1731 alterum
713 1671 899 1741 retundendo,
920 1692 985 1730 cum
1006 1689 1110 1747 magno
1132 1672 1196 1748 ejus
1209 1671 1324 1740 damno,

226 1784 294 1830 tunc
308 1775 386 1832 enirn
400 1773 599 1848 perniciosum
619 1783 662 1828 est
681 1773 872 1831 mendacium.
914 1772 972 1838 Qui
993 1790 1025 1828 se
1038 1781 1140 1847 purgat
1153 1770 1256 1829 salsum
1271 1784 1325 1828 tes·

227 1871 323 1940 tando,
347 1871 529 1930 solemnitate
551 1870 671 1943 quadam
693 1870 824 1938 adhibita,
839 1890 903 1943 quie
923 1873 959 1929 sit
978 1873 1066 1930 instar
1081 1872 1246 1947 juramenti,
1268 1889 1326 1928 non

227 1984 323 2048 potest
335 1970 449 2029 facilen
469 1971 582 2028 mortali
604 1981 722 2046 peccato
743 1972 888 2028 excusari:
910 1991 946 2027 v:
968 1989 1005 2046 g:
1026 1970 1051 2026 si
1073 1969 1207 2029 sacerdos
1229 1989 1325 2028 coram

227 2071 306 2128 altari
319 2089 352 2127 sc
366 2069 488 2127 crimine
502 2088 559 2141 quo
580 2069 731 2127 infamatus
745 2082 789 2127 est
801 2080 902 2146 purget
913 2069 1072 2137 mendacio,
1084 2071 1205 2146 graviter
1214 2081 1323 2144 peccat.

228 2169 292 2227 Imo
306 2170 331 2228 si
345 2171 467 2228 alterum
481 2167 629 2226 mendacio
643 2179 771 2237 excuset,
786 2179 862 2226 tauta
874 2188 938 2227 cum
952 2170 1139 2231 solemnitate,
1152 2187 1217 2226 rcus
1231 2170 1326 2243 mavis

229 2268 324 2326 delicti
339 2268 460 2326 videtur.
503 2267 548 2324 De
563 2267 753 2343 praedicatoris
766 2286 885 2326 munere
906 2269 1003 2326 scribit
1015 2267 1134 2344 Mayol:
1157 2277 1176 2303 “
1187 2269 1326 2344 generali·

225 2377 269 2425 ter
291 2386 377 2426 omne
401 2366 581 2425 mendacium
602 2366 791 2442 predicatoris
814 2378 910 2425 contra
930 2369 1074 2425 veritatem
1095 2374 1270 2442 spectantem
1290 2366 1325 2423 ud

227 2467 436 2524 concionatoris
451 2464 576 2529 officium
588 2478 721 2524 censetur
733 2467 868 2524 mortale:
881 2467 994 2539 quando
1007 2465 1074 2524 verb
1083 2467 1177 2524 solum
1188 2466 1322 2523 mentitur

227 2576 329 2640 praeter
342 2567 489 2623 veritatem
503 2564 634 2622 doctrinm
648 2566 720 2622 utin
735 2567 898 2623 nominibus
913 2577 1059 2624 auctorum
1073 2565 1118 2623 vel
1131 2565 1322 2631 citationibus,

229 2675 295 2721 tunc
309 2663 344 2721 ad
359 2683 505 2722 summum
519 2664 663 2721 venialiter
674 2674 780 2722 tantum
795 2660 940 2741 peccat.”³

540 2879 555 2952 §
571 2877 625 2937 lll.
648 2878 695 2936 Dr:
710 2896 865 2939 neunscro
878 2896 993 2937 rocoso.

270 3064 336 3120 180.
357 3062 499 3120 Jocosum
520 3062 622 3120 dicitnr
642 3063 824 3122 mendacium
844 3064 904 3122 ludi
924 3083 1010 3123 causa
1022 3065 1179 3140 prolatum:
1202 3063 1279 3136 quod
1300 3065 1324 3121 si

224 3159 370 3235 loquentis
392 3163 502 3218 unimus
526 3172 628 3238 pateat,
645 3163 691 3220 vel
714 3182 752 3220 ex
775 3163 916 3240 adjunctis
937 3164 1019 3222 tacite
1039 3163 1196 3240 colligatur,
1210 3165 1258 3220 vix
1273 3165 1326 3219 erit

226 3261 368 3320 mendacii
390 3263 520 3338 species:
543 3260 648 3318 idcirco
672 3264 848 3338 Augustinus
869 3265 923 3320 ait:
946 3273 1037 3336 “que
1056 3263 1183 3340 jocando
1197 3261 1327 3319 dicuntur

227 3379 375 3433 nunquam
401 3372 468 3419 sunt
488 3372 584 3437 punita
604 3361 771 3420 mendacia:
800 3362 903 3420 habeut
926 3364 1001 3420 enim
1024 3361 1267 3419 evidentissimam
1288 3379 1325 3418 ex

226 3462 455 3532 pronuntiatione
469 3471 552 3532 atque
568 3461 632 3535 ipso
648 3462 773 3537 jocantis
793 3461 896 3519 affectu
917 3461 1152 3536 significationem
1176 3462 1264 3518 animi
1277 3479 1325 3518 ne·

225 3574 368 3628 quaquam
383 3559 514 3624 fallentis,
530 3559 583 3614 etsi
597 3576 655 3616 non
674 3579 740 3616 vera
759 3554 982 3619 enuntiantis.”⁴
1023 3560 1088 3617 Hac
1107 3561 1218 3618 ratione
1239 3578 1325 3617 excu-

224 3655 280 3713 sari
295 3667 416 3731 possunt
429 3674 492 3727 qun
506 3656 658 3728 aliquando
668 3659 752 3716 amici
762 3660 951 3735 etpropinqui
965 3661 1142 3736 confingunt,
1153 3677 1185 3717 se
1199 3661 1323 3718 invicem

225 3753 387 3830 decipiendi
410 3772 505 3821 causa,
528 3754 564 3811 ad
587 3757 676 3813 animi
699 3757 955 3816 oblectamentum:
987 3759 1158 3834 plerumque
1184 3760 1262 3817 enim
1289 3758 1324 3814 ad

225 3853 322 3912 dolum
335 3852 537 3929 suspicandum
551 3855 690 3929 proclives
704 3866 779 3924 sunt,
803 3867 831 3913 et
854 3858 967 3915 nonnisi
990 3857 1025 3916 ad
1048 3868 1160 3935 tempus
1183 3866 1213 3916 ct
1231 3858 1322 3915 obiter

224 3951 411 4029 decipiuntur.
454 3953 700 4026 Quandocumque
720 3954 785 4014 verb
805 3958 874 4033 joco
893 3955 1074 4016 mendacium
1095 3960 1179 4025 inest,
1194 3958 1257 4015 leve
1280 3966 1324 4014 est

223 4064 383 4129 peccatum,
397 4053 452 4110 nisi
463 4053 655 4130 juramentum
669 4057 827 4124 accesserit,
842 4056 888 4114 vel
906 4055 1039 4114 derebus
1058 4059 1147 4114 sacris
1161 4075 1227 4116 cum
1242 4056 1320 4115 Reli·

162 4236 211 4317 ,ῃ
260 4236 303 4301 (1)
324 4234 689 4313 Contmltendaciqmsszm,
951 4244 994 4309 (n)
1014 4241 1220 4302 Intremuit

261 4321 303 4386 (3)
323 4320 416 4388 Expos.
427 4322 477 4372 viii.
489 4338 561 4389 preec-
574 4320 670 4393 [ΜΗ.
679 4325 726 4375 eol.
740 4325 812 4377 1⁰⁷3.
949 4328 992 4393 (4)
1012 4326 1050 4376 De
1061 4326 1194 4378 Mendacio
1205 4342 1227 4376 c.
1237 4326 1289 4377 xiv.

860 4526 872 4555 Ι
974 4509 978 4515 .
