2744 4980
180 412 235 466 152
463 406 519 465 DE
541 405 713 464 OCTAVO
735 404 988 466 PRAECEPTO.

175 570 287 644 quando
301 571 442 648 significat
455 569 531 642 quod
544 589 601 628 non
622 581 674 637 est,
696 589 753 627 non
773 582 866 627 autem
887 571 1000 642 qnando
1021 579 1093 627 tacet
1113 570 1190 642 quod
1204 582 1268 637 est;

174 670 251 743 quod
264 669 415 743 aliquando
428 670 511 727 licet:
533 671 572 727 ita
584 670 670 727 etiam
684 670 827 726 simulatio
841 678 893 735 est,
911 668 1023 741 qnando
1037 668 1139 741 aliquis
1154 690 1206 745 per
1219 689 1270 727 ex·

173 771 274 828 teriora
288 771 369 845 signa
383 768 518 826 sactorum
529 767 574 823 vel
589 786 693 834 rerum,
704 768 842 843 significat
852 767 961 839 aliquid
974 766 1050 841 quod
1063 788 1121 825 non
1134 779 1194 825 est:
1210 789 1269 827 uon

173 880 266 928 autem
280 870 305 925 si
318 867 420 938 aliquis
431 866 625 941 praetermittat
644 866 802 941 significare
817 867 893 937 quod
906 878 958 924 cst.
1002 866 1087 924 Unde
1101 868 1204 940 aliquis
1218 888 1268 944 po·

171 977 227 1025 test
239 976 386 1042 peccatum
400 983 483 1022 suum
497 965 637 1022 occultare
651 966 757 1035 absque
770 965 958 1023 simulatione.
988 965 1028 1022 Et
1040 967 1199 1024 secundum
1213 967 1267 1024 hoc

173 1063 385 1140 intelligendum
399 1063 533 1135 estquod
547 1063 744 1138 Hieronymus
757 1063 835 1130 dicit,
850 1063 926 1135 quod
939 1064 1095 1122 secundum
1110 1065 1267 1123 remedium

174 1172 239 1238 post
257 1161 434 1238 naufragium
455 1172 499 1219 est
520 1172 668 1237 peccatum
688 1161 870 1229 abscondere,
891 1181 927 1220 ne
950 1163 1059 1221 scilicet
1072 1164 1177 1222 exinde
1201 1166 1267 1223 aliis

173 1260 337 1320 scandalum
351 1257 547 1338 generetur.'’¹

212 1365 283 1418 200.
305 1361 478 1436 Hypocrisis
492 1379 526 1416 ea
538 1359 726 1418 simulationis
742 1361 853 1436 species
873 1360 974 1419 dicitur
994 1363 1128 1434 qusquis
1145 1363 1265 1438 justum,

173 1461 252 1536 pium
267 1470 430 1519 sanctumve
443 1479 475 1517 sc
495 1460 585 1536 fingit,
606 1461 710 1517 vitioso
729 1469 861 1517 manente
875 1461 980 1518 animo.
1022 1460 1107 1526 Quod
1127 1463 1151 1517 si
1171 1462 1267 1519 fiatad

172 1558 384 1636 propagandam
398 1559 540 1624 heresim,
555 1559 600 1615 vel
614 1558 649 1614 ad
669 1557 892 1634 corrumpendos
913 1577 1017 1624 mores,
1032 1559 1078 1616 vel
1091 1561 1121 1617 in
1136 1560 1212 1617 aliud
1226 1580 1267 1617 re·

171 1660 286 1736 ligionis
300 1659 497 1733 reipublicaeve
511 1657 656 1722 damnum,
676 1676 758 1732 grave
779 1667 823 1713 est
840 1657 996 1716 mentiendi
1015 1676 1123 1734 genus:
1145 1653 1266 1716 secussi

172 1759 233 1816 sola
245 1759 306 1816 laus
321 1751 484 1829 quaeramr.²

210 1861 281 1915 201.
302 1855 435 1914 Adulatio
454 1856 538 1913 etiam
559 1854 716 1912 mentiendi
736 1865 779 1911 est
798 1874 898 1931 genus,
919 1874 953 1912 ee
973 1857 1080 1932 quippe
1102 1858 1167 1929 quis
1187 1857 1265 1914 alteri

171 1955 320 2023 blanditur,
335 1955 456 2013 eximias
469 1956 496 2012 ei
509 1953 599 2020 dotes,
614 1954 783 2025 ultraquam
798 1954 900 2013 veritas
918 1955 995 2021 sinit,
1010 1955 1170 2014 tribuendo.
1194 1956 1264 2013 Pec-

171 2063 264 2113 catum
278 2064 322 2111 est
334 2072 428 2130 grave,
443 2052 557 2126 quando
570 2054 635 2124 quis
648 2052 743 2109 laudat
756 2053 842 2112 alium
861 2055 898 2112 ob
917 2072 1065 2129 perperam
1079 2063 1148 2122 acta,
1170 2073 1205 2112 ea
1219 2074 1265 2110 ve-

171 2154 223 2212 luti
245 2154 378 2230 preclare
402 2162 480 2229 gesta
502 2152 663 2209 efferendo:
686 2152 770 2208 “Vae
793 2154 842 2224 qui
864 2152 958 2211 dicitis
981 2154 1086 2212 malum
1108 2149 1266 2212 bonum.’'³

171 2252 293 2320 Quando
315 2253 380 2325 quis
393 2251 564 2309 blandiendo
577 2252 700 2307 veritatis
719 2250 823 2310 limites
844 2252 974 2319 transilit,
990 2270 1025 2310 eo
1047 2253 1167 2310 oonsilio
1180 2264 1212 2310 ut
1226 2253 1264 2310 al·

171 2364 263 2410 terum
276 2352 312 2409 ed
331 2351 507 2427 peccandum
521 2349 643 2416 inducat,
664 2351 773 2426 peccati
793 2353 885 2428 gravis
905 2370 970 2408 reus
984 2352 1069 2409 etiam
1082 2361 1135 2408 est.
1177 2351 1264 2418 Quod

170 2452 273 2524 siquis
287 2461 395 2508 tantum
408 2451 503 2526 cupiat
522 2449 600 2507 alteri
614 2449 736 2525 placere,
752 2451 835 2526 culpa
854 2451 925 2509 levis
940 2461 1061 2527 putatur,
1077 2453 1188 2522 quotics
1203 2452 1264 2509 uul-

169 2550 228 2609 lum
241 2551 335 2626 gravis
349 2550 455 2624 lapsus,
476 2567 527 2605 seu
547 2548 642 2605 damni
663 2550 832 2623 periculum,
855 2545 1010 2609 imminet.⁴
1049 2550 1208 2608 Veritatem
1222 2550 1262 2608 di-

169 2648 260 2706 cendo
274 2647 426 2721 aliquando
435 2648 467 2705 fit
480 2646 612 2713 adulatio,
627 2665 663 2703 ex
677 2649 763 2704 animi
777 2649 944 2715 intentione,
955 2647 1069 2721 quando
1082 2651 1149 2721 quis
1164 2651 1262 2707 alienu

170 2747 348 2807 delectationi
368 2748 453 2805 nimis
466 2746 578 2804 studet:
601 2745 651 2802 sed
672 2748 769 2804 avitio
789 2747 845 2807 hoc
869 2749 1004 2806 immunis
1023 2751 1135 2822 estqui
1157 2759 1263 2806 tantum

169 2847 258 2905 officii
272 2866 358 2906 causa
371 2847 489 2904 eximias
504 2847 617 2903 alterius
631 2845 711 2902 dotes
732 2857 889 2923 opportune
909 2846 1013 2914 laudet,
1028 2849 1082 2906 etsi
1103 2849 1264 2923 suspicetur

110 2941 113 2948 ’
169 2946 248 3003 alteri
261 2947 327 3004 inde
341 2947 418 3003 nasci
438 2964 554 3003 sensum
575 2945 715 3017 quendam
737 2947 857 3004 nimium
877 2946 983 3022 gloriae.
1026 2947 1077 3004 Sic
1090 2948 1125 3004 iis
1139 2948 1189 3020 qui
1203 2966 1263 3005 mu·

169 3062 236 3103 nere
247 3046 342 3116 aliquo
356 3045 520 3119 funguntur,
535 3045 580 3101 vel
600 3055 736 3119 potestate
757 3045 923 3120 precellunt
942 3046 1036 3104 solent
1055 3046 1154 3104 laudes
1168 3065 1262 3104 rerum

169 3145 301 3220 preclare
312 3153 455 3220 gestarum
469 3144 564 3209 tribui,
575 3162 638 3215 quae
647 3153 675 3200 et
685 3143 867 3219 amplioribus
878 3145 1061 3203 enuntiantur
1073 3146 1175 3211 verbis,
1190 3147 1261 3217 quin

170 3255 325 3302 assentator
339 3242 476 3300 dicendus
490 3243 527 3299 sit
540 3244 589 3314 qui
603 3262 655 3319 pro
669 3244 708 3300 rei
722 3245 837 3301 veritate
850 3243 984 3315 loquitur.

205 3453 217 3514 (
222 3451 248 3514 1)
262 3452 285 3499 2.
297 3454 321 3500 2.
332 3466 373 3513 qu.
385 3451 433 3500 cxi.
445 3460 488 3501 art.
500 3451 515 3501 i.
527 3449 563 3501 od
572 3455 702 3516 quartum.
773 3451 815 3515 (2)
830 3449 929 3508 Ibidem,
940 3459 982 3499 art
995 3451 1027 3499 ic.

207 3533 248 3599 (³)
261 3534 330 3583 uate
342 3550 365 3583 v.
376 3537 416 3583 20.
769 3535 808 3598 (4)
822 3534 848 3582 S.
860 3534 951 3585 Thom.
963 3538 987 3584 2.
996 3538 1020 3584 2.
1032 3550 1072 3598 qu.
1085 3550 1139 3585 cxv.
1151 3543 1194 3584 art.
1206 3535 1230 3584 ii.
