<?xml version="1.0" encoding="UTF-8"?>
<!DOCTYPE html PUBLIC "-//W3C//DTD XHTML 1.0 Transitional//EN"
    "http://www.w3.org/TR/xhtml1/DTD/xhtml1-transitional.dtd">
<html xmlns="http://www.w3.org/1999/xhtml" xml:lang="en" lang="en">
 <head>
  <title>
</title>
<meta http-equiv="Content-Type" content="text/html;charset=utf-8" />
  <meta name='ocr-system' content='tesseract 3.04.00' />
  <meta name='ocr-capabilities' content='ocr_page ocr_carea ocr_par ocr_line ocrx_word'/>
</head>
<body>
  <div class='ocr_page' id='page_1' title='image "./theologiaemoral00kenrgoog_0316.png"; bbox 0 0 2744 4980; ppageno 0'>
   <div class='ocr_carea' id='block_1_1' title="bbox 285 188 1219 441">
    <p class='ocr_par' dir='ltr' id='par_1_1' title="bbox 285 188 1219 441">
     <span class='ocr_line' id='line_1_1' title="bbox 884 188 945 259; baseline 0 0"><span class='ocrx_word' id='word_1_1' title='bbox 884 188 945 259; x_wconf 63' lang='lat' dir='ltr'>&#39;t</span> 
     </span>
     <span class='ocr_line' id='line_1_2' title="bbox 285 372 1219 441; baseline 0.005 -6"><span class='ocrx_word' id='word_1_2' title='bbox 285 374 343 435; x_wconf 85' lang='lat' dir='ltr'>DE</span> <span class='ocrx_word' id='word_1_3' title='bbox 364 373 563 435; x_wconf 81' lang='lat' dir='ltr'><strong>PECOATO</strong></span> <span class='ocrx_word' id='word_1_4' title='bbox 584 373 775 436; x_wconf 77' lang='lat' dir='ltr'>MORTALl</span> <span class='ocrx_word' id='word_1_5' title='bbox 795 372 854 432; x_wconf 83' lang='lat' dir='ltr'>ET</span> <span class='ocrx_word' id='word_1_6' title='bbox 874 375 1060 436; x_wconf 82' lang='lat' dir='ltr'>VENIALI.</span> <span class='ocrx_word' id='word_1_7' title='bbox 1160 383 1219 441; x_wconf 76' lang='lat'>295</span> 
     </span>
    </p>
   </div>
   <div class='ocr_carea' id='block_1_2' title="bbox 114 539 1298 4079">
    <p class='ocr_par' dir='ltr' id='par_1_2' title="bbox 125 539 1223 1113">
     <span class='ocr_line' id='line_1_3' title="bbox 125 539 1219 618; baseline 0.005 -17"><span class='ocrx_word' id='word_1_8' title='bbox 125 554 178 601; x_wconf 91' lang='lat' dir='ltr'>tur.</span> <span class='ocrx_word' id='word_1_9' title='bbox 222 542 393 601; x_wconf 88' lang='lat' dir='ltr'>Sanctorum</span> <span class='ocrx_word' id='word_1_10' title='bbox 414 551 526 618; x_wconf 86' lang='lat' dir='ltr'>patrum</span> <span class='ocrx_word' id='word_1_11' title='bbox 545 541 713 600; x_wconf 90' lang='lat' dir='ltr'>documenta</span> <span class='ocrx_word' id='word_1_12' title='bbox 725 552 754 600; x_wconf 90' lang='lat' dir='ltr'>et</span> <span class='ocrx_word' id='word_1_13' title='bbox 766 539 963 617; x_wconf 78' lang='lat' dir='ltr'>theologorum</span> <span class='ocrx_word' id='word_1_14' title='bbox 976 547 1122 604; x_wconf 77' lang='lat' dir='ltr'>sententie</span> <span class='ocrx_word' id='word_1_15' title='bbox 1138 566 1219 607; x_wconf 86' lang='lat' dir='ltr'>suam</span> 
     </span>
     <span class='ocr_line' id='line_1_4' title="bbox 125 639 1222 724; baseline 0.005 -26"><span class='ocrx_word' id='word_1_16' title='bbox 125 641 232 699; x_wconf 90' lang='lat' dir='ltr'>habent</span> <span class='ocrx_word' id='word_1_17' title='bbox 243 643 303 700; x_wconf 91' lang='lat' dir='ltr'>vim</span> <span class='ocrx_word' id='word_1_18' title='bbox 316 643 345 700; x_wconf 90' lang='lat' dir='ltr'>in</span> <span class='ocrx_word' id='word_1_19' title='bbox 359 642 483 718; x_wconf 67' lang='lat' dir='ltr'>peccatu</span> <span class='ocrx_word' id='word_1_20' title='bbox 503 639 682 700; x_wconf 85' lang='lat' dir='ltr'>definiendis.</span> <span class='ocrx_word' id='word_1_21' title='bbox 724 640 869 698; x_wconf 74' lang='lat' dir='ltr'>Caeterum</span> <span class='ocrx_word' id='word_1_22' title='bbox 892 641 1031 715; x_wconf 89' lang='lat' dir='ltr'>quidquid</span> <span class='ocrx_word' id='word_1_23' title='bbox 1051 655 1128 703; x_wconf 90' lang='lat' dir='ltr'>certo</span> <span class='ocrx_word' id='word_1_24' title='bbox 1141 665 1222 724; x_wconf 90' lang='lat' dir='ltr'>argu·</span> 
     </span>
     <span class='ocr_line' id='line_1_5' title="bbox 126 738 1223 817; baseline 0.005 -20"><span class='ocrx_word' id='word_1_25' title='bbox 126 749 223 799; x_wconf 88' lang='lat' dir='ltr'>mento</span> <span class='ocrx_word' id='word_1_26' title='bbox 236 759 295 799; x_wconf 91' lang='lat' dir='ltr'>non</span> <span class='ocrx_word' id='word_1_27' title='bbox 317 738 525 799; x_wconf 77' lang='lat' dir='ltr'>demonstratur</span> <span class='ocrx_word' id='word_1_28' title='bbox 541 759 636 816; x_wconf 87' lang='lat' dir='ltr'>grave,</span> <span class='ocrx_word' id='word_1_29' title='bbox 657 758 715 797; x_wconf 94' lang='lat' dir='ltr'>non</span> <span class='ocrx_word' id='word_1_30' title='bbox 734 739 817 797; x_wconf 88' lang='lat' dir='ltr'>debet</span> <span class='ocrx_word' id='word_1_31' title='bbox 835 738 917 797; x_wconf 91' lang='lat' dir='ltr'>facile</span> <span class='ocrx_word' id='word_1_32' title='bbox 937 755 1085 817; x_wconf 87' lang='lat' dir='ltr'>peccatum</span> <span class='ocrx_word' id='word_1_33' title='bbox 1105 746 1223 803; x_wconf 80' lang='lat' dir='ltr'>mortale</span> 
     </span>
     <span class='ocr_line' id='line_1_6' title="bbox 127 836 1223 915; baseline 0.005 -20"><span class='ocrx_word' id='word_1_34' title='bbox 127 837 286 915; x_wconf 63' lang='lat' dir='ltr'>praedicari,</span> <span class='ocrx_word' id='word_1_35' title='bbox 300 858 337 901; x_wconf 90' lang='lat' dir='ltr'>ne</span> <span class='ocrx_word' id='word_1_36' title='bbox 351 839 453 896; x_wconf 85' lang='lat' dir='ltr'>animes</span> <span class='ocrx_word' id='word_1_37' title='bbox 464 838 573 910; x_wconf 79' lang='lat' dir='ltr'>laqueis</span> <span class='ocrx_word' id='word_1_38' title='bbox 587 839 762 905; x_wconf 80' lang='lat' dir='ltr'>irretiantur3</span> <span class='ocrx_word' id='word_1_39' title='bbox 782 836 832 895; x_wconf 92' lang='lat' dir='ltr'>sed</span> <span class='ocrx_word' id='word_1_40' title='bbox 853 839 993 897; x_wconf 91' lang='lat' dir='ltr'>tutissime</span> <span class='ocrx_word' id='word_1_41' title='bbox 1016 841 1169 902; x_wconf 78' lang='lat' dir='ltr'>suademus</span> <span class='ocrx_word' id='word_1_42' title='bbox 1192 855 1223 902; x_wconf 89' lang='lat' dir='ltr'>ut</span> 
     </span>
     <span class='ocr_line' id='line_1_7' title="bbox 128 937 1222 1020; baseline 0.006 -26"><span class='ocrx_word' id='word_1_43' title='bbox 128 956 162 994; x_wconf 79' lang='lat' dir='ltr'>ea</span> <span class='ocrx_word' id='word_1_44' title='bbox 175 939 275 996; x_wconf 87' lang='lat' dir='ltr'>omnia</span> <span class='ocrx_word' id='word_1_45' title='bbox 286 937 387 996; x_wconf 89' lang='lat' dir='ltr'>sedulo</span> <span class='ocrx_word' id='word_1_46' title='bbox 397 938 547 1006; x_wconf 74' lang='lat' dir='ltr'>evitentur,</span> <span class='ocrx_word' id='word_1_47' title='bbox 563 955 627 1010; x_wconf 81' lang='lat' dir='ltr'>quae</span> <span class='ocrx_word' id='word_1_48' title='bbox 634 937 770 1013; x_wconf 87' lang='lat' dir='ltr'>gravioris</span> <span class='ocrx_word' id='word_1_49' title='bbox 784 939 893 1013; x_wconf 89' lang='lat' dir='ltr'>peccati</span> <span class='ocrx_word' id='word_1_50' title='bbox 903 937 1058 1000; x_wconf 78' lang='lat' dir='ltr'><strong>discrimen</strong></span> <span class='ocrx_word' id='word_1_51' title='bbox 1070 942 1116 1000; x_wconf 89' lang='lat' dir='ltr'>vel</span> <span class='ocrx_word' id='word_1_52' title='bbox 1128 945 1222 1020; x_wconf 88' lang='lat' dir='ltr'>suspi-</span> 
     </span>
     <span class='ocr_line' id='line_1_8' title="bbox 129 1036 396 1113; baseline -0.004 -20"><span class='ocrx_word' id='word_1_53' title='bbox 129 1036 243 1093; x_wconf 87' lang='lat' dir='ltr'>cionem</span> <span class='ocrx_word' id='word_1_54' title='bbox 256 1037 396 1113; x_wconf 86' lang='lat' dir='ltr'>injiciunt.</span> 
     </span>
    </p>

    <p class='ocr_par' dir='ltr' id='par_1_3' title="bbox 129 1134 1232 2202">
     <span class='ocr_line' id='line_1_9' title="bbox 168 1134 1224 1218; baseline 0.004 -25"><span class='ocrx_word' id='word_1_55' title='bbox 168 1139 219 1193; x_wconf 75' lang='lat'>32.</span> <span class='ocrx_word' id='word_1_56' title='bbox 241 1135 309 1210; x_wconf 89' lang='lat' dir='ltr'>Ipsa</span> <span class='ocrx_word' id='word_1_57' title='bbox 322 1144 439 1211; x_wconf 87' lang='lat' dir='ltr'>peccata</span> <span class='ocrx_word' id='word_1_58' title='bbox 450 1135 572 1194; x_wconf 88' lang='lat' dir='ltr'>venialia</span> <span class='ocrx_word' id='word_1_59' title='bbox 585 1136 711 1194; x_wconf 86' lang='lat' dir='ltr'>animum</span> <span class='ocrx_word' id='word_1_60' title='bbox 734 1134 868 1212; x_wconf 90' lang='lat' dir='ltr'>paulatim</span> <span class='ocrx_word' id='word_1_61' title='bbox 882 1137 917 1195; x_wconf 92' lang='lat' dir='ltr'>ad</span> <span class='ocrx_word' id='word_1_62' title='bbox 939 1140 1069 1198; x_wconf 90' lang='lat' dir='ltr'>mortalia</span> <span class='ocrx_word' id='word_1_63' title='bbox 1090 1139 1224 1218; x_wconf 87' lang='lat' dir='ltr'>patranda</span> 
     </span>
     <span class='ocr_line' id='line_1_10' title="bbox 131 1232 1228 1315; baseline 0.005 -23"><span class='ocrx_word' id='word_1_64' title='bbox 131 1232 297 1310; x_wconf 86' lang='lat' dir='ltr'>disponunt,</span> <span class='ocrx_word' id='word_1_65' title='bbox 312 1234 337 1292; x_wconf 92' lang='lat' dir='ltr'>si</span> <span class='ocrx_word' id='word_1_66' title='bbox 349 1235 378 1311; x_wconf 72' lang='lat' dir='ltr'>ei</span> <span class='ocrx_word' id='word_1_67' title='bbox 391 1235 455 1305; x_wconf 89' lang='lat' dir='ltr'>quis</span> <span class='ocrx_word' id='word_1_68' title='bbox 466 1234 556 1292; x_wconf 89' lang='lat' dir='ltr'>libere</span> <span class='ocrx_word' id='word_1_69' title='bbox 576 1234 730 1311; x_wconf 76' lang='lat' dir='ltr'>indulgeat,</span> <span class='ocrx_word' id='word_1_70' title='bbox 755 1233 826 1293; x_wconf 89' lang='lat' dir='ltr'>adeo</span> <span class='ocrx_word' id='word_1_71' title='bbox 846 1245 877 1293; x_wconf 87' lang='lat' dir='ltr'>ut</span> <span class='ocrx_word' id='word_1_72' title='bbox 896 1238 1056 1312; x_wconf 75' lang='lat' dir='ltr'>sepissime</span> <span class='ocrx_word' id='word_1_73' title='bbox 1077 1240 1228 1315; x_wconf 87' lang='lat' dir='ltr'>impleatur</span> 
     </span>
     <span class='ocr_line' id='line_1_11' title="bbox 132 1330 1227 1415; baseline 0.005 -25"><span class='ocrx_word' id='word_1_74' title='bbox 132 1330 203 1391; x_wconf 90' lang='lat' dir='ltr'>illud</span> <span class='ocrx_word' id='word_1_75' title='bbox 215 1332 416 1391; x_wconf 88' lang='lat' dir='ltr'>Ecclesiastici</span> <span class='ocrx_word' id='word_1_76' title='bbox 430 1330 554 1390; x_wconf 86' lang='lat' dir='ltr'>dictum:</span> <span class='ocrx_word' id='word_1_77' title='bbox 571 1341 591 1368; x_wconf 85' lang='lat'>“</span> <span class='ocrx_word' id='word_1_78' title='bbox 602 1335 653 1408; x_wconf 92' lang='lat' dir='ltr'>qui</span> <span class='ocrx_word' id='word_1_79' title='bbox 665 1335 776 1410; x_wconf 91' lang='lat' dir='ltr'>spernit</span> <span class='ocrx_word' id='word_1_80' title='bbox 788 1332 909 1415; x_wconf 84' lang='lat' dir='ltr'>modica,</span> <span class='ocrx_word' id='word_1_81' title='bbox 920 1336 1056 1411; x_wconf 85' lang='lat' dir='ltr'>paulatim</span> <span class='ocrx_word' id='word_1_82' title='bbox 1070 1333 1227 1395; x_wconf 86' lang='lat' dir='ltr'>decidet.&#39;&#39;¹</span> 
     </span>
     <span class='ocr_line' id='line_1_12' title="bbox 132 1431 1228 1511; baseline 0.005 -22"><span class='ocrx_word' id='word_1_83' title='bbox 132 1431 278 1503; x_wconf 83' lang='lat' dir='ltr'>Equidem</span> <span class='ocrx_word' id='word_1_84' title='bbox 291 1433 441 1501; x_wconf 82' lang='lat' dir='ltr'>imminuta</span> <span class='ocrx_word' id='word_1_85' title='bbox 453 1431 585 1489; x_wconf 81' lang='lat' dir='ltr'>charitate</span> <span class='ocrx_word' id='word_1_86' title='bbox 595 1432 732 1508; x_wconf 72' lang='lat' dir='ltr'>cupiditas</span> <span class='ocrx_word' id='word_1_87' title='bbox 746 1450 833 1508; x_wconf 91' lang='lat' dir='ltr'>prava</span> <span class='ocrx_word' id='word_1_88' title='bbox 844 1433 919 1488; x_wconf 89' lang='lat' dir='ltr'>vires</span> <span class='ocrx_word' id='word_1_89' title='bbox 933 1435 1062 1507; x_wconf 89' lang='lat' dir='ltr'>acquirit,</span> <span class='ocrx_word' id='word_1_90' title='bbox 1072 1437 1228 1511; x_wconf 75' lang='lat' dir='ltr'>praesertim</span> 
     </span>
     <span class='ocr_line' id='line_1_13' title="bbox 133 1529 1229 1606; baseline 0.003 -16"><span class='ocrx_word' id='word_1_91' title='bbox 133 1533 162 1590; x_wconf 87' lang='lat' dir='ltr'>in</span> <span class='ocrx_word' id='word_1_92' title='bbox 175 1532 213 1588; x_wconf 89' lang='lat' dir='ltr'>iis</span> <span class='ocrx_word' id='word_1_93' title='bbox 226 1550 291 1603; x_wconf 73' lang='lat' dir='ltr'>quar</span> <span class='ocrx_word' id='word_1_94' title='bbox 304 1529 539 1590; x_wconf 86' lang='lat' dir='ltr'>consuetudinem</span> <span class='ocrx_word' id='word_1_95' title='bbox 553 1541 581 1587; x_wconf 91' lang='lat' dir='ltr'>et</span> <span class='ocrx_word' id='word_1_96' title='bbox 593 1531 796 1606; x_wconf 71' lang='lat' dir='ltr'>proclivitatem</span> <span class='ocrx_word' id='word_1_97' title='bbox 812 1529 946 1589; x_wconf 87' lang='lat' dir='ltr'>inserunt.</span> <span class='ocrx_word' id='word_1_98' title='bbox 989 1533 1068 1591; x_wconf 89' lang='lat' dir='ltr'>Hinc</span> <span class='ocrx_word' id='word_1_99' title='bbox 1081 1533 1229 1593; x_wconf 90' lang='lat' dir='ltr'>mendacia</span> 
     </span>
     <span class='ocr_line' id='line_1_14' title="bbox 129 1628 1230 1707; baseline 0.004 -19"><span class='ocrx_word' id='word_1_100' title='bbox 129 1629 189 1707; x_wconf 89' lang='lat' dir='ltr'>joci</span> <span class='ocrx_word' id='word_1_101' title='bbox 203 1628 250 1686; x_wconf 88' lang='lat' dir='ltr'>vel</span> <span class='ocrx_word' id='word_1_102' title='bbox 263 1628 350 1689; x_wconf 88' lang='lat' dir='ltr'>officii</span> <span class='ocrx_word' id='word_1_103' title='bbox 363 1647 449 1688; x_wconf 88' lang='lat' dir='ltr'>causa</span> <span class='ocrx_word' id='word_1_104' title='bbox 461 1629 569 1705; x_wconf 86' lang='lat' dir='ltr'>prolata</span> <span class='ocrx_word' id='word_1_105' title='bbox 581 1628 616 1687; x_wconf 92' lang='lat' dir='ltr'>ad</span> <span class='ocrx_word' id='word_1_106' title='bbox 635 1631 763 1706; x_wconf 88' lang='lat' dir='ltr'>graviora</span> <span class='ocrx_word' id='word_1_107' title='bbox 776 1629 885 1686; x_wconf 88' lang='lat' dir='ltr'>sensim</span> <span class='ocrx_word' id='word_1_108' title='bbox 898 1633 961 1688; x_wconf 89' lang='lat' dir='ltr'>sine</span> <span class='ocrx_word' id='word_1_109' title='bbox 980 1649 1067 1690; x_wconf 90' lang='lat' dir='ltr'>sensu</span> <span class='ocrx_word' id='word_1_110' title='bbox 1080 1633 1230 1692; x_wconf 89' lang='lat' dir='ltr'>hominem</span> 
     </span>
     <span class='ocr_line' id='line_1_15' title="bbox 132 1726 1227 1811; baseline 0.002 -25"><span class='ocrx_word' id='word_1_111' title='bbox 132 1727 309 1804; x_wconf 84' lang='lat' dir='ltr'>disponunt:</span> <span class='ocrx_word' id='word_1_112' title='bbox 331 1727 475 1787; x_wconf 78' lang='lat' dir='ltr'>hacundia</span> <span class='ocrx_word' id='word_1_113' title='bbox 493 1726 569 1785; x_wconf 89' lang='lat' dir='ltr'>haud</span> <span class='ocrx_word' id='word_1_114' title='bbox 591 1746 720 1805; x_wconf 91' lang='lat' dir='ltr'>repressa</span> <span class='ocrx_word' id='word_1_115' title='bbox 732 1738 829 1811; x_wconf 84' lang='lat' dir='ltr'>movet</span> <span class='ocrx_word' id='word_1_116' title='bbox 850 1729 977 1788; x_wconf 90' lang='lat' dir='ltr'>animum</span> <span class='ocrx_word' id='word_1_117' title='bbox 999 1730 1035 1788; x_wconf 88' lang='lat' dir='ltr'>ad</span> <span class='ocrx_word' id='word_1_118' title='bbox 1054 1731 1227 1793; x_wconf 81' lang='lat' dir='ltr'>vindictam:</span> 
     </span>
     <span class='ocr_line' id='line_1_16' title="bbox 133 1825 1229 1904; baseline 0.005 -21"><span class='ocrx_word' id='word_1_119' title='bbox 133 1838 219 1904; x_wconf 89' lang='lat' dir='ltr'>potus</span> <span class='ocrx_word' id='word_1_120' title='bbox 234 1846 372 1886; x_wconf 82' lang='lat' dir='ltr'>excessus</span> <span class='ocrx_word' id='word_1_121' title='bbox 392 1827 459 1884; x_wconf 89' lang='lat' dir='ltr'>licet</span> <span class='ocrx_word' id='word_1_122' title='bbox 479 1845 582 1902; x_wconf 92' lang='lat' dir='ltr'>parvus</span> <span class='ocrx_word' id='word_1_123' title='bbox 602 1825 637 1884; x_wconf 92' lang='lat' dir='ltr'>ad</span> <span class='ocrx_word' id='word_1_124' title='bbox 657 1827 819 1884; x_wconf 89' lang='lat' dir='ltr'>ebrietatem</span> <span class='ocrx_word' id='word_1_125' title='bbox 832 1825 918 1884; x_wconf 90' lang='lat' dir='ltr'>ducit.</span> <span class='ocrx_word' id='word_1_126' title='bbox 960 1826 1106 1888; x_wconf 74' lang='lat' dir='ltr'>Ceterum</span> <span class='ocrx_word' id='word_1_127' title='bbox 1119 1831 1229 1889; x_wconf 89' lang='lat' dir='ltr'>nullum</span> 
     </span>
     <span class='ocr_line' id='line_1_17' title="bbox 133 1925 1232 2003; baseline 0.005 -20"><span class='ocrx_word' id='word_1_128' title='bbox 133 1935 286 2003; x_wconf 73' lang='lat' dir='ltr'>peccabam</span> <span class='ocrx_word' id='word_1_129' title='bbox 299 1929 329 1985; x_wconf 93' lang='lat' dir='ltr'>in</span> <span class='ocrx_word' id='word_1_130' title='bbox 342 1945 374 1984; x_wconf 86' lang='lat' dir='ltr'>ee</span> <span class='ocrx_word' id='word_1_131' title='bbox 386 1925 450 1984; x_wconf 90' lang='lat' dir='ltr'>leve</span> <span class='ocrx_word' id='word_1_132' title='bbox 463 1926 495 1983; x_wconf 84' lang='lat' dir='ltr'>fit</span> <span class='ocrx_word' id='word_1_133' title='bbox 507 1944 592 2001; x_wconf 90' lang='lat' dir='ltr'>grave</span> <span class='ocrx_word' id='word_1_134' title='bbox 605 1944 642 1983; x_wconf 87' lang='lat' dir='ltr'>ex</span> <span class='ocrx_word' id='word_1_135' title='bbox 655 1944 733 1983; x_wconf 90' lang='lat' dir='ltr'>mera</span> <span class='ocrx_word' id='word_1_136' title='bbox 742 1925 900 1997; x_wconf 85' lang='lat' dir='ltr'>frequentia</span> <span class='ocrx_word' id='word_1_137' title='bbox 913 1936 1045 1986; x_wconf 87' lang='lat' dir='ltr'>actuum:</span> <span class='ocrx_word' id='word_1_138' title='bbox 1066 1928 1144 2001; x_wconf 92' lang='lat' dir='ltr'>quod</span> <span class='ocrx_word' id='word_1_139' title='bbox 1154 1929 1232 1988; x_wconf 89' lang='lat' dir='ltr'>enim</span> 
     </span>
     <span class='ocr_line' id='line_1_18' title="bbox 133 2023 1231 2101; baseline 0.002 -18"><span class='ocrx_word' id='word_1_140' title='bbox 133 2025 211 2083; x_wconf 86' lang='lat' dir='ltr'>levia</span> <span class='ocrx_word' id='word_1_141' title='bbox 223 2024 297 2083; x_wconf 84' lang='lat' dir='ltr'>furta</span> <span class='ocrx_word' id='word_1_142' title='bbox 316 2023 467 2098; x_wconf 90' lang='lat' dir='ltr'>aliquando</span> <span class='ocrx_word' id='word_1_143' title='bbox 480 2042 594 2101; x_wconf 90' lang='lat' dir='ltr'>gravem</span> <span class='ocrx_word' id='word_1_144' title='bbox 614 2023 778 2081; x_wconf 86' lang='lat' dir='ltr'>restituendi</span> <span class='ocrx_word' id='word_1_145' title='bbox 788 2024 989 2100; x_wconf 86' lang='lat' dir='ltr'>obligationem</span> <span class='ocrx_word' id='word_1_146' title='bbox 1009 2026 1153 2096; x_wconf 86' lang='lat' dir='ltr'>inducant,</span> <span class='ocrx_word' id='word_1_147' title='bbox 1164 2046 1231 2086; x_wconf 89' lang='lat' dir='ltr'>con·</span> 
     </span>
     <span class='ocr_line' id='line_1_19' title="bbox 133 2122 1231 2202; baseline 0.001 -20"><span class='ocrx_word' id='word_1_148' title='bbox 133 2124 230 2201; x_wconf 89' lang='lat' dir='ltr'>tingit,</span> <span class='ocrx_word' id='word_1_149' title='bbox 244 2142 280 2183; x_wconf 91' lang='lat' dir='ltr'>eo</span> <span class='ocrx_word' id='word_1_150' title='bbox 293 2123 371 2197; x_wconf 89' lang='lat' dir='ltr'>quod</span> <span class='ocrx_word' id='word_1_151' title='bbox 380 2123 491 2200; x_wconf 86' lang='lat' dir='ltr'>justitia</span> <span class='ocrx_word' id='word_1_152' title='bbox 509 2133 584 2182; x_wconf 90' lang='lat' dir='ltr'>vetet</span> <span class='ocrx_word' id='word_1_153' title='bbox 595 2141 656 2181; x_wconf 91' lang='lat' dir='ltr'>rem</span> <span class='ocrx_word' id='word_1_154' title='bbox 674 2122 795 2180; x_wconf 90' lang='lat' dir='ltr'>alienam</span> <span class='ocrx_word' id='word_1_155' title='bbox 817 2123 942 2192; x_wconf 91' lang='lat' dir='ltr'>retineri,</span> <span class='ocrx_word' id='word_1_156' title='bbox 956 2134 985 2182; x_wconf 89' lang='lat' dir='ltr'>et</span> <span class='ocrx_word' id='word_1_157' title='bbox 1004 2127 1109 2202; x_wconf 80' lang='lat' dir='ltr'>sepius</span> <span class='ocrx_word' id='word_1_158' title='bbox 1123 2127 1231 2185; x_wconf 78' lang='lat' dir='ltr'>lirratus</span> 
     </span>
    </p>

    <p class='ocr_par' dir='ltr' id='par_1_4' title="bbox 114 2220 1232 2381">
     <span class='ocr_line' id='line_1_20' title="bbox 114 2220 1232 2301; baseline 0.003 -20"><span class='ocrx_word' id='word_1_159' title='bbox 114 2242 117 2246; x_wconf 86' lang='lat'>·</span> <span class='ocrx_word' id='word_1_160' title='bbox 135 2221 252 2281; x_wconf 89' lang='lat' dir='ltr'>tandem</span> <span class='ocrx_word' id='word_1_161' title='bbox 265 2242 398 2301; x_wconf 90' lang='lat' dir='ltr'>magnam</span> <span class='ocrx_word' id='word_1_162' title='bbox 411 2241 505 2280; x_wconf 88' lang='lat' dir='ltr'>rerum</span> <span class='ocrx_word' id='word_1_163' title='bbox 519 2223 642 2299; x_wconf 90' lang='lat' dir='ltr'>copiam,</span> <span class='ocrx_word' id='word_1_164' title='bbox 652 2220 698 2278; x_wconf 86' lang='lat' dir='ltr'>vel</span> <span class='ocrx_word' id='word_1_165' title='bbox 710 2221 855 2279; x_wconf 84' lang='lat' dir='ltr'>materiam</span> <span class='ocrx_word' id='word_1_166' title='bbox 865 2240 951 2295; x_wconf 89' lang='lat' dir='ltr'>quam</span> <span class='ocrx_word' id='word_1_167' title='bbox 964 2235 1066 2282; x_wconf 89' lang='lat' dir='ltr'>vocant</span> <span class='ocrx_word' id='word_1_168' title='bbox 1078 2226 1232 2284; x_wconf 88' lang='lat' dir='ltr'>notabilem</span> 
     </span>
     <span class='ocr_line' id='line_1_21' title="bbox 135 2322 494 2381; baseline -0.008 0"><span class='ocrx_word' id='word_1_169' title='bbox 135 2323 288 2381; x_wconf 89' lang='lat' dir='ltr'>abstulisse</span> <span class='ocrx_word' id='word_1_170' title='bbox 302 2322 494 2380; x_wconf 89' lang='lat' dir='ltr'>convincatur.</span> 
     </span>
    </p>

    <p class='ocr_par' dir='ltr' id='par_1_5' title="bbox 136 2418 1298 4079">
     <span class='ocr_line' id='line_1_22' title="bbox 178 2418 1230 2496; baseline 0.001 -17"><span class='ocrx_word' id='word_1_171' title='bbox 178 2425 230 2479; x_wconf 78' lang='grc'>33.</span> <span class='ocrx_word' id='word_1_172' title='bbox 251 2421 404 2480; x_wconf 89' lang='lat' dir='ltr'>Peccatum</span> <span class='ocrx_word' id='word_1_173' title='bbox 418 2420 528 2478; x_wconf 88' lang='lat' dir='ltr'>macula</span> <span class='ocrx_word' id='word_1_174' title='bbox 540 2418 662 2492; x_wconf 89' lang='lat' dir='ltr'>quadam</span> <span class='ocrx_word' id='word_1_175' title='bbox 676 2419 765 2476; x_wconf 89' lang='lat' dir='ltr'>inficit</span> <span class='ocrx_word' id='word_1_176' title='bbox 778 2418 911 2486; x_wconf 90' lang='lat' dir='ltr'>animam,</span> <span class='ocrx_word' id='word_1_177' title='bbox 925 2437 1045 2492; x_wconf 89' lang='lat' dir='ltr'>eamque</span> <span class='ocrx_word' id='word_1_178' title='bbox 1058 2439 1149 2496; x_wconf 82' lang='lat' dir='ltr'>poenae</span> <span class='ocrx_word' id='word_1_179' title='bbox 1163 2421 1230 2480; x_wconf 87' lang='lat' dir='ltr'>facit</span> 
     </span>
     <span class='ocr_line' id='line_1_23' title="bbox 136 2517 1233 2598; baseline 0.002 -20"><span class='ocrx_word' id='word_1_180' title='bbox 136 2521 303 2578; x_wconf 85' lang='lat' dir='ltr'>obnoxiam.</span> <span class='ocrx_word' id='word_1_181' title='bbox 345 2517 470 2577; x_wconf 77' lang='lat' dir='ltr'>Macula</span> <span class='ocrx_word' id='word_1_182' title='bbox 485 2518 650 2595; x_wconf 89' lang='lat' dir='ltr'>intelligitur</span> <span class='ocrx_word' id='word_1_183' title='bbox 662 2518 761 2575; x_wconf 89' lang='lat' dir='ltr'>nitoris</span> <span class='ocrx_word' id='word_1_184' title='bbox 775 2534 832 2588; x_wconf 87' lang='lat' dir='ltr'>quo</span> <span class='ocrx_word' id='word_1_185' title='bbox 847 2517 941 2575; x_wconf 90' lang='lat' dir='ltr'>anima</span> <span class='ocrx_word' id='word_1_186' title='bbox 960 2529 1057 2577; x_wconf 86' lang='lat' dir='ltr'>sancta</span> <span class='ocrx_word' id='word_1_187' title='bbox 1070 2519 1159 2597; x_wconf 87' lang='lat' dir='ltr'>fulget</span> <span class='ocrx_word' id='word_1_188' title='bbox 1177 2521 1233 2598; x_wconf 89' lang='lat' dir='ltr'>pri·</span> 
     </span>
     <span class='ocr_line' id='line_1_24' title="bbox 137 2614 1233 2696; baseline 0.003 -21"><span class='ocrx_word' id='word_1_189' title='bbox 137 2621 225 2686; x_wconf 79' lang='lat' dir='ltr'>vatio,</span> <span class='ocrx_word' id='word_1_190' title='bbox 240 2619 311 2676; x_wconf 89' lang='lat' dir='ltr'>adeo</span> <span class='ocrx_word' id='word_1_191' title='bbox 324 2629 356 2675; x_wconf 92' lang='lat' dir='ltr'>ut</span> <span class='ocrx_word' id='word_1_192' title='bbox 363 2619 425 2695; x_wconf 89' lang='lat' dir='ltr'>jam</span> <span class='ocrx_word' id='word_1_193' title='bbox 438 2637 497 2676; x_wconf 89' lang='lat' dir='ltr'>non</span> <span class='ocrx_word' id='word_1_194' title='bbox 509 2617 547 2674; x_wconf 89' lang='lat' dir='ltr'>sit</span> <span class='ocrx_word' id='word_1_195' title='bbox 558 2635 654 2676; x_wconf 90' lang='lat' dir='ltr'>coram</span> <span class='ocrx_word' id='word_1_196' title='bbox 662 2614 726 2673; x_wconf 90' lang='lat' dir='ltr'>Deo</span> <span class='ocrx_word' id='word_1_197' title='bbox 737 2616 856 2691; x_wconf 89' lang='lat' dir='ltr'>pulchra</span> <span class='ocrx_word' id='word_1_198' title='bbox 864 2627 892 2673; x_wconf 92' lang='lat' dir='ltr'>et</span> <span class='ocrx_word' id='word_1_199' title='bbox 902 2616 1030 2676; x_wconf 89' lang='lat' dir='ltr'>amanda.</span> <span class='ocrx_word' id='word_1_200' title='bbox 1072 2618 1122 2677; x_wconf 84' lang='lat' dir='ltr'>Ex</span> <span class='ocrx_word' id='word_1_201' title='bbox 1136 2619 1233 2696; x_wconf 81' lang='lat' dir='ltr'>Serip-</span> 
     </span>
     <span class='ocr_line' id='line_1_25' title="bbox 138 2715 1235 2792; baseline 0.001 -18"><span class='ocrx_word' id='word_1_202' title='bbox 138 2719 209 2775; x_wconf 81' lang='lat' dir='ltr'>turis</span> <span class='ocrx_word' id='word_1_203' title='bbox 222 2719 341 2775; x_wconf 90' lang='lat' dir='ltr'>mutuati</span> <span class='ocrx_word' id='word_1_204' title='bbox 354 2727 421 2774; x_wconf 84' lang='lat' dir='ltr'>sunt</span> <span class='ocrx_word' id='word_1_205' title='bbox 433 2716 558 2792; x_wconf 89' lang='lat' dir='ltr'>theologi</span> <span class='ocrx_word' id='word_1_206' title='bbox 571 2716 735 2792; x_wconf 87' lang='lat' dir='ltr'>imaginem,</span> <span class='ocrx_word' id='word_1_207' title='bbox 750 2733 805 2785; x_wconf 92' lang='lat' dir='ltr'>qua</span> <span class='ocrx_word' id='word_1_208' title='bbox 819 2716 975 2790; x_wconf 88' lang='lat' dir='ltr'>peccatoris</span> <span class='ocrx_word' id='word_1_209' title='bbox 995 2715 1128 2784; x_wconf 92' lang='lat' dir='ltr'>conditio,</span> <span class='ocrx_word' id='word_1_210' title='bbox 1143 2717 1235 2776; x_wconf 91' lang='lat' dir='ltr'>donec</span> 
     </span>
     <span class='ocr_line' id='line_1_26' title="bbox 139 2813 1233 2895; baseline -0.002 -21"><span class='ocrx_word' id='word_1_211' title='bbox 139 2818 309 2895; x_wconf 71' lang='lat' dir='ltr'>penitentia</span> <span class='ocrx_word' id='word_1_212' title='bbox 322 2816 421 2873; x_wconf 89' lang='lat' dir='ltr'>eluerit</span> <span class='ocrx_word' id='word_1_213' title='bbox 433 2813 557 2882; x_wconf 82' lang='lat' dir='ltr'>sordem,</span> <span class='ocrx_word' id='word_1_214' title='bbox 567 2825 630 2891; x_wconf 85' lang='lat' dir='ltr'>apte</span> <span class='ocrx_word' id='word_1_215' title='bbox 644 2813 820 2870; x_wconf 85' lang='lat' dir='ltr'>describitur.</span> <span class='ocrx_word' id='word_1_216' title='bbox 864 2820 883 2847; x_wconf 82' lang='lat'>‘⁴</span> <span class='ocrx_word' id='word_1_217' title='bbox 895 2813 941 2870; x_wconf 81' lang='lat' dir='ltr'>Aa</span> <span class='ocrx_word' id='word_1_218' title='bbox 953 2831 1052 2889; x_wconf 89' lang='lat' dir='ltr'>parum</span> <span class='ocrx_word' id='word_1_219' title='bbox 1063 2815 1143 2871; x_wconf 89' lang='lat' dir='ltr'>vobis</span> <span class='ocrx_word' id='word_1_220' title='bbox 1158 2815 1233 2882; x_wconf 88' lang='lat' dir='ltr'>est‚&#39;&#39;</span> 
     </span>
     <span class='ocr_line' id='line_1_27' title="bbox 141 2910 1235 2990; baseline 0 -16"><span class='ocrx_word' id='word_1_221' title='bbox 141 2916 235 2988; x_wconf 91' lang='lat' dir='ltr'>inquit</span> <span class='ocrx_word' id='word_1_222' title='bbox 248 2916 348 2983; x_wconf 87' lang='lat' dir='ltr'>Josue,</span> <span class='ocrx_word' id='word_1_223' title='bbox 364 2924 383 2950; x_wconf 78' lang='lat'>‘⁴</span> <span class='ocrx_word' id='word_1_224' title='bbox 393 2914 469 2987; x_wconf 91' lang='lat' dir='ltr'>quod</span> <span class='ocrx_word' id='word_1_225' title='bbox 483 2914 620 2990; x_wconf 85' lang='lat' dir='ltr'>peccastis</span> <span class='ocrx_word' id='word_1_226' title='bbox 633 2913 662 2970; x_wconf 92' lang='lat' dir='ltr'>in</span> <span class='ocrx_word' id='word_1_227' title='bbox 677 2910 868 2987; x_wconf 87' lang='lat' dir='ltr'>Beelphegor,</span> <span class='ocrx_word' id='word_1_228' title='bbox 877 2920 905 2967; x_wconf 91' lang='lat' dir='ltr'>et</span> <span class='ocrx_word' id='word_1_229' title='bbox 917 2929 1008 2983; x_wconf 88' lang='lat' dir='ltr'>usque</span> <span class='ocrx_word' id='word_1_230' title='bbox 1022 2913 1051 2969; x_wconf 91' lang='lat' dir='ltr'>in</span> <span class='ocrx_word' id='word_1_231' title='bbox 1065 2925 1235 2988; x_wconf 73' lang='lat' dir='ltr'>presentem</span> 
     </span>
     <span class='ocr_line' id='line_1_28' title="bbox 141 3005 1234 3091; baseline 0.001 -20"><span class='ocrx_word' id='word_1_232' title='bbox 141 3014 219 3073; x_wconf 89' lang='lat' dir='ltr'>diem</span> <span class='ocrx_word' id='word_1_233' title='bbox 243 3014 353 3072; x_wconf 88' lang='lat' dir='ltr'>macula</span> <span class='ocrx_word' id='word_1_234' title='bbox 375 3014 460 3091; x_wconf 89' lang='lat' dir='ltr'>hujus</span> <span class='ocrx_word' id='word_1_235' title='bbox 481 3012 596 3070; x_wconf 86' lang='lat' dir='ltr'>sceleris</span> <span class='ocrx_word' id='word_1_236' title='bbox 617 3012 646 3069; x_wconf 95' lang='lat' dir='ltr'>in</span> <span class='ocrx_word' id='word_1_237' title='bbox 667 3008 746 3069; x_wconf 90' lang='lat' dir='ltr'>vobis</span> <span class='ocrx_word' id='word_1_238' title='bbox 767 3019 913 3086; x_wconf 89' lang='lat' dir='ltr'>permanet</span> <span class='ocrx_word' id='word_1_239' title='bbox 921 3005 971 3065; x_wconf 80' lang='lat' dir='ltr'>i”²</span> <span class='ocrx_word' id='word_1_240' title='bbox 1012 3011 1099 3078; x_wconf 82' lang='lat' dir='ltr'>“Qui</span> <span class='ocrx_word' id='word_1_241' title='bbox 1112 3012 1234 3091; x_wconf 88' lang='lat' dir='ltr'>ingredi·</span> 
     </span>
     <span class='ocr_line' id='line_1_29' title="bbox 142 3106 1236 3184; baseline 0.002 -15"><span class='ocrx_word' id='word_1_242' title='bbox 142 3124 199 3180; x_wconf 86' lang='lat' dir='ltr'>tur,</span> <span class='ocrx_word' id='word_1_243' title='bbox 214 3115 275 3171; x_wconf 88' lang='lat' dir='ltr'>sine</span> <span class='ocrx_word' id='word_1_244' title='bbox 296 3107 444 3170; x_wconf 80' lang='lat' dir='ltr'>macula”⁸</span> <span class='ocrx_word' id='word_1_245' title='bbox 463 3114 493 3170; x_wconf 90' lang='lat' dir='ltr'>in</span> <span class='ocrx_word' id='word_1_246' title='bbox 513 3121 609 3171; x_wconf 85' lang='lat' dir='ltr'>monte</span> <span class='ocrx_word' id='word_1_247' title='bbox 630 3120 726 3168; x_wconf 90' lang='lat' dir='ltr'>sancto</span> <span class='ocrx_word' id='word_1_248' title='bbox 747 3109 889 3166; x_wconf 89' lang='lat' dir='ltr'>habitabit.</span> <span class='ocrx_word' id='word_1_249' title='bbox 932 3106 1066 3169; x_wconf 86' lang='lat' dir='ltr'>“Beatus</span> <span class='ocrx_word' id='word_1_250' title='bbox 1086 3110 1165 3169; x_wconf 91' lang='lat' dir='ltr'>dives</span> <span class='ocrx_word' id='word_1_251' title='bbox 1187 3114 1236 3184; x_wconf 90' lang='lat' dir='ltr'>qui</span> 
     </span>
     <span class='ocr_line' id='line_1_30' title="bbox 141 3203 1235 3285; baseline -0.004 -14"><span class='ocrx_word' id='word_1_252' title='bbox 141 3213 274 3271; x_wconf 88' lang='lat' dir='ltr'>inventus</span> <span class='ocrx_word' id='word_1_253' title='bbox 288 3214 407 3270; x_wconf 90' lang='lat' dir='ltr'>estsine</span> <span class='ocrx_word' id='word_1_254' title='bbox 421 3203 579 3268; x_wconf 80' lang='lat' dir='ltr'>macula.&#39;&#39;⁴</span> <span class='ocrx_word' id='word_1_255' title='bbox 620 3218 640 3245; x_wconf 81' lang='lat'>‘⁸</span> <span class='ocrx_word' id='word_1_256' title='bbox 652 3210 685 3267; x_wconf 91' lang='lat' dir='ltr'>Si</span> <span class='ocrx_word' id='word_1_257' title='bbox 696 3209 800 3267; x_wconf 90' lang='lat' dir='ltr'>laveris</span> <span class='ocrx_word' id='word_1_258' title='bbox 816 3221 842 3264; x_wconf 89' lang='lat' dir='ltr'>te</span> <span class='ocrx_word' id='word_1_259' title='bbox 857 3209 941 3275; x_wconf 87' lang='lat' dir='ltr'>nitro,</span> <span class='ocrx_word' id='word_1_260' title='bbox 962 3218 990 3265; x_wconf 92' lang='lat' dir='ltr'>et</span> <span class='ocrx_word' id='word_1_261' title='bbox 1003 3209 1235 3285; x_wconf 87' lang='lat' dir='ltr'>multiplicaveris</span> 
     </span>
     <span class='ocr_line' id='line_1_31' title="bbox 143 3307 1238 3378; baseline -0.002 -10"><span class='ocrx_word' id='word_1_262' title='bbox 143 3312 195 3369; x_wconf 92' lang='lat' dir='ltr'>tibi</span> <span class='ocrx_word' id='word_1_263' title='bbox 208 3312 324 3369; x_wconf 89' lang='lat' dir='ltr'>herbam</span> <span class='ocrx_word' id='word_1_264' title='bbox 338 3309 441 3378; x_wconf 91' lang='lat' dir='ltr'>borith,</span> <span class='ocrx_word' id='word_1_265' title='bbox 463 3310 602 3367; x_wconf 87' lang='lat' dir='ltr'>maculata</span> <span class='ocrx_word' id='word_1_266' title='bbox 624 3327 656 3365; x_wconf 93' lang='lat' dir='ltr'>es</span> <span class='ocrx_word' id='word_1_267' title='bbox 679 3309 709 3365; x_wconf 90' lang='lat' dir='ltr'>in</span> <span class='ocrx_word' id='word_1_268' title='bbox 732 3307 879 3378; x_wconf 87' lang='lat' dir='ltr'>iniquitate</span> <span class='ocrx_word' id='word_1_269' title='bbox 902 3317 949 3362; x_wconf 90' lang='lat' dir='ltr'>tua</span> <span class='ocrx_word' id='word_1_270' title='bbox 970 3314 1065 3364; x_wconf 68' lang='lat' dir='ltr'>codem</span> <span class='ocrx_word' id='word_1_271' title='bbox 1088 3326 1146 3374; x_wconf 90' lang='lat' dir='ltr'>me,</span> <span class='ocrx_word' id='word_1_272' title='bbox 1171 3308 1238 3367; x_wconf 86' lang='lat' dir='ltr'>dicit</span> 
     </span>
     <span class='ocr_line' id='line_1_32' title="bbox 144 3399 1238 3482; baseline -0.004 -14"><span class='ocrx_word' id='word_1_273' title='bbox 144 3404 338 3469; x_wconf 87' lang='lat' dir='ltr'>Dominus.&#39;&#39;⁵</span> <span class='ocrx_word' id='word_1_274' title='bbox 379 3409 564 3482; x_wconf 86' lang='lat' dir='ltr'>“Inquinatae</span> <span class='ocrx_word' id='word_1_275' title='bbox 589 3417 656 3464; x_wconf 92' lang='lat' dir='ltr'>sunt</span> <span class='ocrx_word' id='word_1_276' title='bbox 680 3424 779 3463; x_wconf 91' lang='lat' dir='ltr'>eorum</span> <span class='ocrx_word' id='word_1_277' title='bbox 799 3415 827 3461; x_wconf 91' lang='lat' dir='ltr'>et</span> <span class='ocrx_word' id='word_1_278' title='bbox 852 3421 934 3461; x_wconf 88' lang='lat' dir='ltr'>mens</span> <span class='ocrx_word' id='word_1_279' title='bbox 961 3415 989 3461; x_wconf 92' lang='lat' dir='ltr'>et</span> <span class='ocrx_word' id='word_1_280' title='bbox 1014 3399 1238 3465; x_wconf 82' lang='lat' dir='ltr'>conscientia.’&#39;⁶</span> 
     </span>
     <span class='ocr_line' id='line_1_33' title="bbox 146 3486 1298 3583; baseline -0.003 -15"><span class='ocrx_word' id='word_1_281' title='bbox 146 3509 275 3568; x_wconf 89' lang='lat' dir='ltr'>Mortem</span> <span class='ocrx_word' id='word_1_282' title='bbox 289 3510 391 3566; x_wconf 79' lang='lat' dir='ltr'>anime</span> <span class='ocrx_word' id='word_1_283' title='bbox 406 3527 469 3580; x_wconf 79' lang='lat' dir='ltr'>qua</span> <span class='ocrx_word' id='word_1_284' title='bbox 493 3515 608 3583; x_wconf 87' lang='lat' dir='ltr'>peccato</span> <span class='ocrx_word' id='word_1_285' title='bbox 627 3505 765 3581; x_wconf 88' lang='lat' dir='ltr'>contingit</span> <span class='ocrx_word' id='word_1_286' title='bbox 778 3502 911 3560; x_wconf 87' lang='lat' dir='ltr'>describit</span> <span class='ocrx_word' id='word_1_287' title='bbox 932 3503 963 3560; x_wconf 91' lang='lat' dir='ltr'>S.</span> <span class='ocrx_word' id='word_1_288' title='bbox 986 3502 1088 3561; x_wconf 87' lang='lat' dir='ltr'>Petrus</span> <span class='ocrx_word' id='word_1_289' title='bbox 1109 3504 1239 3583; x_wconf 80' lang='lat' dir='ltr'>Chryso·</span> <span class='ocrx_word' id='word_1_290' title='bbox 1292 3486 1298 3494; x_wconf 35' lang='lat'>⁸</span> 
     </span>
     <span class='ocr_line' id='line_1_34' title="bbox 146 3601 1298 3684; baseline -0.003 -16"><span class='ocrx_word' id='word_1_291' title='bbox 146 3611 240 3684; x_wconf 88' lang='lat' dir='ltr'>logus,</span> <span class='ocrx_word' id='word_1_292' title='bbox 268 3608 416 3666; x_wconf 90' lang='lat' dir='ltr'>collatione</span> <span class='ocrx_word' id='word_1_293' title='bbox 443 3606 514 3664; x_wconf 87' lang='lat' dir='ltr'>facta</span> <span class='ocrx_word' id='word_1_294' title='bbox 534 3624 600 3663; x_wconf 89' lang='lat' dir='ltr'>curn</span> <span class='ocrx_word' id='word_1_295' title='bbox 624 3615 712 3661; x_wconf 87' lang='lat' dir='ltr'>morte</span> <span class='ocrx_word' id='word_1_296' title='bbox 735 3621 791 3674; x_wconf 91' lang='lat' dir='ltr'>qua</span> <span class='ocrx_word' id='word_1_297' title='bbox 812 3601 907 3658; x_wconf 89' lang='lat' dir='ltr'>anima</span> <span class='ocrx_word' id='word_1_298' title='bbox 932 3621 1079 3680; x_wconf 89' lang='lat' dir='ltr'>acorpore</span> <span class='ocrx_word' id='word_1_299' title='bbox 1100 3603 1238 3672; x_wconf 89' lang='lat' dir='ltr'>discedit;</span> <span class='ocrx_word' id='word_1_300' title='bbox 1296 3668 1298 3672; x_wconf 53' lang='grc'><strong>,</strong></span> 
     </span>
     <span class='ocr_line' id='line_1_35' title="bbox 147 3702 1240 3779; baseline -0.002 -15"><span class='ocrx_word' id='word_1_301' title='bbox 147 3706 341 3765; x_wconf 85' lang='lat' dir='ltr'>“Recedente</span> <span class='ocrx_word' id='word_1_302' title='bbox 355 3707 458 3772; x_wconf 88' lang='lat' dir='ltr'>anima,</span> <span class='ocrx_word' id='word_1_303' title='bbox 473 3723 541 3762; x_wconf 89' lang='lat' dir='ltr'>mox</span> <span class='ocrx_word' id='word_1_304' title='bbox 554 3703 666 3779; x_wconf 88' lang='lat' dir='ltr'>corpori</span> <span class='ocrx_word' id='word_1_305' title='bbox 686 3702 778 3768; x_wconf 87' lang='lat' dir='ltr'>foetor,</span> <span class='ocrx_word' id='word_1_306' title='bbox 799 3703 952 3777; x_wconf 89' lang='lat' dir='ltr'>corruptio,</span> <span class='ocrx_word' id='word_1_307' title='bbox 974 3704 1103 3779; x_wconf 87' lang='lat' dir='ltr'>putredo,</span> <span class='ocrx_word' id='word_1_308' title='bbox 1124 3707 1240 3770; x_wconf 78' lang='lat' dir='ltr'>vermis,</span> 
     </span>
     <span class='ocr_line' id='line_1_36' title="bbox 147 3800 1242 3872; baseline -0.005 -8"><span class='ocrx_word' id='word_1_309' title='bbox 147 3807 220 3864; x_wconf 90' lang='lat' dir='ltr'>ciuis</span> <span class='ocrx_word' id='word_1_310' title='bbox 237 3847 244 3872; x_wconf 92' lang='lat'>,</span> <span class='ocrx_word' id='word_1_311' title='bbox 259 3806 368 3872; x_wconf 89' lang='lat' dir='ltr'>horror,</span> <span class='ocrx_word' id='word_1_312' title='bbox 383 3816 412 3862; x_wconf 90' lang='lat' dir='ltr'>et</span> <span class='ocrx_word' id='word_1_313' title='bbox 424 3805 520 3862; x_wconf 91' lang='lat' dir='ltr'>omnia</span> <span class='ocrx_word' id='word_1_314' title='bbox 539 3803 601 3860; x_wconf 90' lang='lat' dir='ltr'>visu</span> <span class='ocrx_word' id='word_1_315' title='bbox 622 3801 785 3859; x_wconf 88' lang='lat' dir='ltr'>detestanda</span> <span class='ocrx_word' id='word_1_316' title='bbox 798 3800 968 3858; x_wconf 88' lang='lat' dir='ltr'>succedunt:</span> <span class='ocrx_word' id='word_1_317' title='bbox 991 3801 1153 3859; x_wconf 88' lang='lat' dir='ltr'>discedente</span> <span class='ocrx_word' id='word_1_318' title='bbox 1167 3803 1242 3868; x_wconf 91' lang='lat' dir='ltr'>Deo,</span> 
     </span>
     <span class='ocr_line' id='line_1_37' title="bbox 148 3899 1240 3977; baseline -0.006 -13"><span class='ocrx_word' id='word_1_319' title='bbox 148 3905 301 3964; x_wconf 78' lang='lat' dir='ltr'>confestim</span> <span class='ocrx_word' id='word_1_320' title='bbox 317 3905 436 3961; x_wconf 88' lang='lat' dir='ltr'>venitin</span> <span class='ocrx_word' id='word_1_321' title='bbox 456 3903 580 3960; x_wconf 90' lang='lat' dir='ltr'>animam</span> <span class='ocrx_word' id='word_1_322' title='bbox 601 3912 782 3977; x_wconf 89' lang='lat' dir='ltr'>peccatorum</span> <span class='ocrx_word' id='word_1_323' title='bbox 804 3899 895 3965; x_wconf 83' lang='lat' dir='ltr'>foetor,</span> <span class='ocrx_word' id='word_1_324' title='bbox 916 3899 1061 3976; x_wconf 84' lang='lat' dir='ltr'>corruptio</span> <span class='ocrx_word' id='word_1_325' title='bbox 1075 3900 1240 3968; x_wconf 88' lang='lat' dir='ltr'>criminum,</span> 
     </span>
     <span class='ocr_line' id='line_1_38' title="bbox 149 3997 1243 4079; baseline -0.001 -20"><span class='ocrx_word' id='word_1_326' title='bbox 149 4005 283 4062; x_wconf 88' lang='lat' dir='ltr'>vitiorum</span> <span class='ocrx_word' id='word_1_327' title='bbox 305 4001 433 4079; x_wconf 88' lang='lat' dir='ltr'>putredo,</span> <span class='ocrx_word' id='word_1_328' title='bbox 454 4000 634 4059; x_wconf 75' lang='lat' dir='ltr'>conscientia</span> <span class='ocrx_word' id='word_1_329' title='bbox 654 4000 771 4064; x_wconf 86' lang='lat' dir='ltr'>vermis,</span> <span class='ocrx_word' id='word_1_330' title='bbox 793 3997 946 4053; x_wconf 90' lang='lat' dir='ltr'>vanitatum</span> <span class='ocrx_word' id='word_1_331' title='bbox 966 3999 1048 4064; x_wconf 89' lang='lat' dir='ltr'>cinis,</span> <span class='ocrx_word' id='word_1_332' title='bbox 1070 3997 1243 4058; x_wconf 88' lang='lat' dir='ltr'>infidelitatis</span> 
     </span>
    </p>
   </div>
   <div class='ocr_carea' id='block_1_3' title="bbox 255 4128 1047 4320">
    <p class='ocr_par' dir='ltr' id='par_1_6' title="bbox 255 4128 1047 4320">
     <span class='ocr_line' id='line_1_39' title="bbox 260 4128 1047 4245; baseline -0.01 -27"><span class='ocrx_word' id='word_1_333' title='bbox 260 4168 554 4234; x_wconf 24' lang='lat' dir='ltr'>(maaian,</span> <span class='ocrx_word' id='word_1_334' title='bbox 666 4128 671 4133; x_wconf 58' lang='grc'>’</span> <span class='ocrx_word' id='word_1_335' title='bbox 789 4166 828 4228; x_wconf 74' lang='lat' dir='ltr'>(a)</span> <span class='ocrx_word' id='word_1_336' title='bbox 847 4160 1047 4245; x_wconf 53' lang='lat' dir='ltr'>sesumam.</span> 
     </span>
     <span class='ocr_line' id='line_1_40' title="bbox 255 4249 1032 4320; baseline -0.008 -18"><span class='ocrx_word' id='word_1_337' title='bbox 255 4258 295 4320; x_wconf 83' lang='grc'>(3)</span> <span class='ocrx_word' id='word_1_338' title='bbox 316 4255 398 4303; x_wconf 85' lang='lat' dir='ltr'>Pselm</span> <span class='ocrx_word' id='word_1_339' title='bbox 408 4252 490 4303; x_wconf 57' lang='lat' dir='ltr'>rich.</span> <span class='ocrx_word' id='word_1_340' title='bbox 786 4251 828 4314; x_wconf 80' lang='lat'>(4)</span> <span class='ocrx_word' id='word_1_341' title='bbox 848 4249 916 4297; x_wconf 75' lang='lat' dir='ltr'>Eccl.</span> <span class='ocrx_word' id='word_1_342' title='bbox 928 4249 997 4296; x_wconf 81' lang='lat' dir='ltr'>xxxi.</span> <span class='ocrx_word' id='word_1_343' title='bbox 1009 4252 1032 4297; x_wconf 86' lang='lat'>8.</span> 
     </span>
    </p>
   </div>
   <div class='ocr_carea' id='block_1_4' title="bbox 194 4318 1358 4702">
    <p class='ocr_par' dir='ltr' id='par_1_7' title="bbox 194 4318 1358 4702">
     <span class='ocr_line' id='line_1_41' title="bbox 194 4318 1358 4702; baseline -0.008 -316"><span class='ocrx_word' id='word_1_344' title='bbox 194 4318 198 4326; x_wconf 81' lang='grc'><strong>’</strong></span> <span class='ocrx_word' id='word_1_345' title='bbox 259 4340 301 4403; x_wconf 79' lang='lat' dir='ltr'>(a)</span> <span class='ocrx_word' id='word_1_346' title='bbox 320 4336 459 4386; x_wconf 65' lang='lat' dir='ltr'>sanae.</span> <span class='ocrx_word' id='word_1_347' title='bbox 787 4333 830 4400; x_wconf 85' lang='lat' dir='ltr'>(o)</span> <span class='ocrx_word' id='word_1_348' title='bbox 850 4332 900 4382; x_wconf 76' lang='lat' dir='ltr'>&#39;ra</span> <span class='ocrx_word' id='word_1_349' title='bbox 911 4332 927 4382; x_wconf 89' lang='lat' dir='ltr'>i.</span> <span class='ocrx_word' id='word_1_350' title='bbox 943 4332 978 4381; x_wconf 82' lang='lat'>15.</span> <span class='ocrx_word' id='word_1_351' title='bbox 1244 4360 1358 4702; x_wconf 68' lang='grc' dir='ltr'><strong><em>ι</em></strong></span> 
     </span>
    </p>
   </div>
   <div class='ocr_carea' id='block_1_5' title="bbox 0 0 1412 4980">
    <p class='ocr_par' dir='ltr' id='par_1_8' title="bbox 0 0 1412 4980">
     <span class='ocr_line' id='line_1_42' title="bbox 0 0 1412 4980; baseline 0 0"><span class='ocrx_word' id='word_1_352' title='bbox 0 0 1412 4980; x_wconf 95' lang='lat' dir='ltr'> </span> 
     </span>
    </p>
   </div>
  </div>
 </body>
</html>
