2744 4980
524 1398 856 1474 TRAOTATUS
884 1400 913 1472 I.

373 1652 444 1716 DE
480 1651 735 1716 AOTlBUS
767 1650 1064 1717 HUMANIS.

624 2144 766 2204 CAPUT
786 2147 811 2205 Ι.

482 2359 521 2400 DE
542 2358 671 2400 nuum
692 2358 808 2400 ausum
830 2357 973 2399 RATIONE.

221 2537 248 2590 l.
270 2532 369 2592 Sacra
389 2552 503 2594 morum
524 2535 672 2612 disciplina
692 2545 769 2593 actus
789 2536 938 2594 bominum
952 2533 1076 2610 respicit,
1097 2547 1180 2602 quos,
1202 2527 1266 2586 Deo

173 2644 299 2700 auctore,
314 2631 418 2709 dirigit,
433 2643 464 2690 ut
476 2633 534 2710 legi
547 2635 582 2691 ab
602 2635 665 2711 ipso
679 2633 750 2692 date
764 2635 941 2701 conveniant,
958 2631 1117 2708 justissime
1140 2628 1265 2699 alioquin

173 2730 339 2789 damnandi.
381 2731 427 2789 Ab
440 2731 487 2789 his
501 2733 584 2808 igitur
598 2733 708 2791 initium
723 2733 824 2792 ducere
839 2733 930 2791 solent
944 2730 1078 2805 theologi,
1093 2728 1266 2800 inquirentes

175 2828 246 2901 quid
260 2829 381 2886 habeant
392 2830 568 2907 probandum
583 2831 627 2887 vel
638 2830 865 2908 improbandum,
880 2849 917 2887 ex
937 2829 1039 2886 divine
1060 2826 1132 2903 legis
1147 2825 1264 2882 auctori·

175 2937 242 2989 tate,
287 2927 479 3002 Physicorum
493 2938 536 2987 est
549 2938 626 2986 actus
640 2939 724 3006 prout
736 2930 766 2986 in
779 2947 810 2986 se
824 2939 891 2986 sunt
909 2937 1055 3004 spectare:
1080 2922 1265 3001 philosopho·

176 3043 240 3083 rum
254 3043 315 3092 eos,
329 3027 434 3084 radone
448 3028 591 3104 magistra,
603 3027 795 3104 perpendere:
818 3027 1015 3103 theologorum
1029 3034 1134 3091 autem,
1148 3022 1264 3080 rationis

176 3122 375 3182 dictaminibus
398 3124 549 3202 adjungere
576 3125 633 3184 Dei
655 3127 781 3202 jubentis
808 3126 1086 3197 auctoritatemque
1112 3132 1141 3179 et
1165 3139 1265 3179 norma

175 3222 278 3298 agendi
292 3232 394 3298 pateat,
405 3233 433 3280 et
445 3225 598 3282 necessitas
612 3225 832 3300 obtemperandi.
876 3224 945 3282 Non
956 3234 1049 3280 autem
1059 3239 1160 3280 omnes
1173 3219 1265 3278 horni-

175 3339 246 3379 num
259 3331 337 3378 actus
345 3322 490 3398 subjacent
501 3323 568 3398 legi,
580 3322 695 3394 quidam
707 3323 783 3380 enim
797 3324 869 3379 liunt
876 3323 910 3378 ab
919 3319 1035 3376 homine
1043 3320 1084 3376 nil
1094 3317 1264 3382 advertente,

175 3418 221 3475 vel
235 3419 313 3476 nullo
321 3430 415 3477 utente
429 3419 577 3478 voluntatis
591 3420 720 3477 arbitrio:
743 3420 782 3476 uti
793 3438 856 3492 quae
866 3417 1068 3476 dormientibus
1079 3410 1263 3494 contingunt;

174 3516 292 3588 quidam
320 3527 385 3575 sunt
408 3527 485 3575 actus
509 3518 658 3585 naturales,
682 3520 722 3576 uti
749 3518 905 3595 respiratio,
930 3516 1075 3593 sanguinis
1102 3533 1153 3592 per
1178 3532 1264 3572 venas

173 3633 293 3682 cursus;
315 3615 362 3673 alii
376 3627 469 3674 autem
483 3616 653 3674 deliberante
666 3618 773 3675 rabone
785 3618 866 3684 fiunt,
881 3617 930 3689 qui
945 3614 1063 3692 proinde
1075 3613 1184 3691 legibus
1204 3615 1265 3690 regi

174 3724 304 3787 possunt.
348 3714 450 3772 Verbis
464 3716 496 3773 S.
512 3715 636 3774 Thomu
651 3715 803 3774 discrimen
816 3714 891 3773 istud
903 3714 1044 3791 explicare
1054 3715 1143 3790 juvat.

214 3816 244 3869 2.
268 3822 287 3848 “
299 3813 463 3882 Actionum,
475 3833 538 3888 qun
547 3815 583 3873 ab
595 3814 712 3872 bomine
726 3824 854 3892 aguntur,
865 3813 919 3871 illae
931 3813 998 3872 solre
1013 3813 1125 3888 proprie
1136 3809 1266 3868 dicuntur

175 3910 319 3979 humane,
334 3931 397 3984 quae
412 3923 478 3971 sunt
490 3914 611 3991 propriae
623 3913 758 3981 hominis,
773 3915 950 3986 inquantum
965 3921 1009 3969 est
1021 3910 1118 3968 homo.
1162 3907 1267 3966 Differt

176 4022 270 4068 autem
288 4010 379 4070 homo
400 4013 435 4070 ab
458 4011 661 4071 irrationalibus
688 4012 821 4070 creaturis
842 4012 872 4069 in
894 4012 959 4079 hoc,
984 4006 1060 4081 quod
1083 4015 1126 4064 est
1149 4025 1265 4071 suorum

175 4118 289 4167 semum
311 4108 453 4168 dominus.
498 4110 583 4169 Unde
606 4111 662 4170 illae
687 4111 754 4169 solae
777 4111 901 4168 actiones
924 4114 1058 4166 vocantur
1079 4107 1192 4183 proprie
1213 4107 1265 4166 hu·

175 4225 279 4275 mann,
305 4227 425 4280 quarum
449 4210 537 4268 homo
563 4219 607 4267 est
629 4210 772 4269 dominus.
814 4208 870 4265 Est
896 4216 989 4265 autern
1017 4205 1105 4266 homo
1132 4205 1265 4264 dominus
1351 4256 1353 4261 .

175 4324 293 4366 suorum
308 4317 421 4366 actuum
435 4327 486 4386 per
504 4309 640 4368 rationem
662 4319 690 4366 et
709 4306 898 4365 voluntatem:
920 4304 996 4362 unde
1015 4315 1044 4362 et
1062 4305 1181 4364 liberum
1196 4305 1265 4361 arbi·

174 4405 261 4465 trium
274 4423 340 4464 esse
355 4406 456 4465 dicitur
469 4407 586 4465 facultas
599 4407 749 4466 voluntatis
764 4416 792 4464 et
811 4405 936 4463 rationis.
980 4402 1038 4462 lllae
1053 4422 1120 4481 ergo
1142 4404 1265 4460 actiones

703 4499 743 4557 2·

953 4684 1009 4695 Δ...

1274 4558 1294 4694 l
