2744 4980
496 392 554 454 uu
575 392 751 453 ιιιιιιιιιο
771 392 829 454 ιιι
849 394 1150 457 ιιιετιιιιιιιιιι.
1309 364 1366 456 in

231 557 483 621 medicinarum
497 561 666 636 assumptio,
687 561 744 618 nisi
767 560 837 619 sorte
857 561 982 635 aliquis
975 581 1004 618 ιιι
1027 559 1155 619 fraudem
1174 561 1326 620 electuaria
1340 563 1370 620 iu

232 675 380 734 magna
392 660 546 734 quantitate
560 669 685 717 assumat
696 678 748 735 per
760 659 877 719 modum
890 662 956 720 cibi.
960 655 995 689 ”¹

312 761 367 816 45.
389 753 467 827 The,
481 768 510 817 et
522 756 607 814 caue
620 757 744 835 potando
757 777 869 818 sumere
882 762 912 819 in
925 759 1051 818 diebus
1040 760 1144 837 Jejunir
1135 759 1234 818 nulla
1246 702 1310 836 lege
1323 777 1370 818 ve·

243 864 358 924 tami,
385 857 438 916 sed
467 859 585 917 omniuo
612 855 647 914 ad
674 858 785 915 libitum
811 861 991 935 permittitur.
1042 858 1208 916 Obocolatis
1234 859 1370 936 cyathum

250 956 364 1016 etiam
378 959 469 1016 semel
482 955 570 1015 indie
585 957 690 1033 jejunii
711 976 835 1026 sumere,
849 961 961 1017 unciam
981 958 1089 1016 scilicet
1107 977 1174 1016 cum
1187 956 1306 1016 dimidio
1318 959 1371 1018 cir·

257 1055 348 1135 citer
360 1075 441 1130 aquae
454 1056 621 1123 admixtam,
635 1073 672 1113 ex
694 1058 899 1117 consuetudine
912 1059 988 1116 licet.
1031 1058 1211 1124 Quaratione
1225 1058 1301 1134 apud
1317 1076 1370 1116 nos

263 1166 402 1231 parauit,
425 1166 509 1233 potus
522 1155 606 1231 plane
628 1155 713 1212 habet
732 1159 889 1226 rationem3
910 1169 939 1215 et
952 1158 1039 1215 instar
1061 1144 1109 1213 ιιιὲ
1133 1157 1178 1214 vel
1200 1153 1273 1215 calis
1296 1157 1371 1214 sumi

273 1264 384 1330 potest.
497 1274 501 1283 ¹

317 1357 369 1413 46.
391 1353 491 1412 Unice
504 1354 650 1412 refectioni
664 1356 839 1415 consuetudo
859 1356 966 1414 addidit
978 1356 1169 1433 vespertinam
1189 1354 1371 1412 collatiuucu·

278 1453 346 1522 lam,
361 1472 413 1515 seu
423 1453 563 1512 modicam
577 1453 760 1512 resectionem
775 1474 902 1532 vespere,
918 1475 980 1528 quoe
995 1472 1099 1513 nomen
1119 1455 1216 1512 sortita
1229 1462 1273 1510 est
1285 1472 1301 1511 a
1313 1453 1371 1512 col·

278 1554 384 1611 latione
404 1552 440 1610 de
453 1553 536 1611 rebus
556 1552 759 1629 spiritualibus,
783 1574 870 1627 quam
892 1556 960 1613 olim
981 1553 1121 1611 habebant
1142 1552 1288 1620 monachi,
1302 1549 1370 1610 dum

280 1652 414 1710 haustum
427 1653 496 1719 vini,
510 1661 539 1709 et
555 1651 688 1719 fructum,
703 1653 749 1711 vel
769 1653 902 1730 legumen
922 1653 1037 1726 aliquod
1058 1651 1093 1708 ad
1106 1653 1181 1709 vires
1204 1649 1350 1709 reficieud
1362 1677 1372 1699 υ

281 1762 348 1826 post
369 1750 426 1809 diei
452 1751 562 1809 labores
587 1762 741 1810 sumerent.
794 1754 828 1811 ln
848 1753 1010 1829 regionibus
1042 1751 1188 1810 nonnullis
1214 1752 1244 1807 in
1270 1750 1366 1822 quibu

282 1850 432 1925 prandium
444 1851 559 1908 nonnisi
573 1850 700 1926 pluribus
714 1851 792 1909 horis
806 1862 872 1928 post
890 1851 1038 1909 meridiem
1053 1850 1157 1925 elapsis
1171 1851 1301 1916 sumitur,
1316 1847 1362 1906 col

282 1949 437 2008 latiuncula
461 1968 543 2007 mane
568 1950 615 2007 fit:
638 1968 696 2023 quo
718 1969 798 2008 more
819 1961 929 2008 utentes
949 1970 1006 2008 non
1029 1968 1093 2007 esse
1116 1946 1314 2020 inquietandos
1336 1964 1372 2004 e<

283 2065 422 2124 responso
447 2048 480 2106 S.
507 2049 728 2108 Poenitentiariae
751 2043 919 2127 colligitur.²
959 2050 992 2108 ln
1015 2049 1060 2106 his
1087 2048 1241 2125 provinciis
1263 2045 1352 2104 video

284 2165 401 2224 vespere
422 2156 530 2206 tanttrm
553 2148 701 2216 sumenda,
725 2150 780 2206 nisi
800 2159 926 2207 occurrat
946 2151 1038 2226 gravis
1052 2149 1123 2205 ratio
1143 2147 1172 2204 in
1192 2145 1362 2204 contrarium

286 2245 327 2302 De
341 2248 495 2320 quantitate
509 2247 636 2307 ciborum
657 2257 686 2304 et
708 2249 850 2320 qualitate,
865 2249 978 2324 piorum
1000 2249 1149 2306 hominum
1162 2263 1232 2303 usus
1245 2254 1361 2322 spectan

286 2344 335 2417 dus
348 2361 401 2404 est.
443 2345 517 2404 Octo
530 2349 629 2407 uncias
642 2347 699 2404 cibi
712 2349 786 2405 sumi
801 2366 886 2423 posse
897 2349 998 2405 asserit
1011 2348 1043 2404 S.
1058 2345 1224 2422 Alphousus
1237 2343 1273 2402 de
1286 2342 1354 2420 Lig·

288 2446 335 2512 rio,
357 2457 396 2515 et,
418 2446 466 2504 ubi
488 2446 663 2505 consuetudo
685 2446 801 2513 obtinet,
825 2446 912 2523 duplo
932 2447 1069 2524 majorem
1089 2446 1118 2503 in
1141 2444 1238 2520 vigilia
1260 2442 1369 2502 Natali

288 2543 414 2603 llomini.
458 2545 592 2612 “Quoad
606 2545 767 2618 qualitatem
791 2564 859 2603 vero
881 2547 936 2604 cibi
951 2547 979 2604 in
993 2545 1104 2603 coeunla
1127 2542 1269 2611 sumendi,
1289 2540 1372 2600 hodi

287 2662 436 2702 commune
459 2653 503 2701 est
520 2665 607 2721 posse
624 2644 736 2703 comedi
756 2664 870 2721 panem,
888 2646 1005 2712 fructus,
1021 2644 1109 2711 oleas,
1130 2644 1243 2709 herbas,
1264 2652 1294 2699 et
1313 2640 1361 2697 dul

285 2737 417 2801 ciaria.”³
457 2743 521 2801 Ova
545 2757 639 2805 autem
664 2763 723 2803 non
748 2746 954 2820 permittuntur.
996 2742 1109 2800 Caseus
1134 2741 1179 2797 vel
1205 2742 1324 2817 butyrus
1345 2756 1367 2794 ιι

284 2843 396 2901 coenula
409 2862 466 2900 nou
487 2844 650 2902 conceditur
658 2845 740 2920 juxta
760 2844 921 2919 generalem
942 2842 1081 2900 Ecclesiae
1101 2839 1301 2915 disciplinam:
1324 2854 1368 2894 se

281 2960 352 2999 usus
378 2942 410 3000 in
435 2942 480 2999 his
512 2945 667 3019 provinciis
694 2944 816 3002 obtinuit
843 2953 874 3000 ut
898 2942 1090 3000 adhibeantur.
1141 2939 1200 2996 Lac
1225 2938 1310 2996 etiam
1337 2955 1372 2994 es<

277 3042 453 3099 necessitate
479 3043 599 3113 quadam
625 3043 729 3101 alicubi
749 3042 825 3119 apud
846 3061 899 3100 nos
921 3042 1059 3099 sumitur:
1081 3039 1196 3115 plurimi
1207 3039 1285 3096 enim
1311 3056 1344 3095 ru
1365 3061 1372 3085 ι

278 3141 453 3217 praesertim,
468 3159 556 3213 quum
570 3142 642 3199 calli·
657 3142 701 3199 vel
715 3142 762 3200 the
775 3143 828 3200 sibi
837 3160 1001 3217 comparare
1010 3150 1161 3213 nequeant,
1177 3138 1262 3196 alium
1276 3146 1343 3212 potu

277 3259 405 3317 vespere
419 3259 477 3297 non
491 3242 613 3299 habent:
635 3241 779 3299 modicum
795 3254 888 3299 autem
904 3242 946 3298 lac
959 3259 1025 3297 cum
1040 3239 1087 3297 the
1101 3237 1257 3294 admixtum
1271 3235 1370 3306 ubiqu

274 3339 360 3425 apud
382 3358 434 3398 nos
448 3353 606 3417 usurpatur.
649 3342 750 3400 Pisces
764 3359 866 3416 parvos
887 3340 916 3396 iu
930 3337 1040 3395 coennla
1058 3335 1219 3401 comedere,
1234 3335 1293 3391 imo
1306 3332 1371 3395 dun

276 3440 329 3496 vel
343 3450 401 3496 tres
414 3440 513 3497 uncias
528 3441 615 3517 piscis
628 3441 754 3517 majoris,
769 3458 805 3497 ex
825 3436 1029 3497 consuetudine
1044 3436 1128 3493 licere
1139 3434 1235 3511 plures
1249 3451 1365 3491 asscrun

279 3538 421 3614 theologi.
463 3540 521 3606 Qui
534 3541 571 3598 ob
591 3549 700 3597 aetatem
714 3540 759 3596 vel
773 3558 887 3617 gravem
907 3537 1032 3594 laborem
1046 3556 1062 3593 a
1080 3536 1191 3613 jejunio
1205 3534 1367 3592 eximuntur

280 3647 407 3713 possunt
419 3637 454 3695 iis
468 3639 567 3697 diebus
582 3640 610 3696 in
625 3640 728 3711 quibus
737 3659 836 3697 carnes
850 3658 886 3696 ex
901 3636 1030 3714 episcopi
1041 3635 1150 3693 indulto
1159 3633 1248 3691 semel
1261 3631 1372 3691 edend

282 3735 488 3806 conceduntur,
503 3741 538 3797 iis
552 3739 657 3815 pluries
672 3739 758 3805 vesci,
779 3739 889 3810 quoties
909 3736 1073 3803 comedunt,
1089 3737 1174 3813 juxta
1187 3734 1219 3789 S.
1235 3732 1367 3789 Poeniten

287 3837 374 3892 tiariae
388 3836 532 3908 quoddam
545 3831 742 3915 responsum.⁴

327 3939 376 3993 47.
398 3936 456 4003 Qui
465 3939 610 4017 jejunium
624 3938 711 3996 violat
732 3955 829 3995 carnes
852 3933 1038 4001 comedendo,
1060 3939 1159 4009 peccat
1178 3928 1309 4004 graviter,
1323 3929 1368 3987 nis

324 4147 366 4211 (l)
385 4145 413 4194 8.
425 4144 576 4203 Thoona&
587 4146 631 4192 2e.
640 4158 682 4208 qu.
693 4141 775 4192 cxlvii.
787 4147 830 4190 art
843 4139 874 4188 vi.
885 4138 924 4189 od
930 4135 1041 4188 tertium.

324 4229 367 4295 (²)
383 4227 568 4278 mlta-¹⁸³⁴-
901 4223 943 4286 (3)
957 4217 1148 4284 siquenm,
1161 4215 1221 4267 ιιιι
1234 4230 1258 4264 n.
1274 4215 1346 4262 ruas.

700 4311 743 4375 (4)
766 4311 795 4357 16
807 4308 863 4357 lan.
876 4307 946 4358 1834.
