2766 4996
235 418 291 478 DE
312 417 576 479 POTBSTATIS
597 418 751 481 clvms
771 421 963 483 ORIGINE.
1087 432 1147 486 2⁰3

57 598 121 661 gata
135 583 229 650 fuerit,
244 581 306 640 due
320 601 357 640 ex
372 584 459 642 tribus
479 586 604 661 partibus
623 586 823 664 suffragiorum
843 586 879 646 ad
896 588 992 666 legem
1003 589 1148 649 ferendam

56 683 247 757 requiruntur.
288 684 448 742 Auctoritas
468 684 498 740 in
518 684 656 756 quasdem
675 705 720 744 res
747 706 810 760 quse
830 706 998 747 communes
1017 690 1146 748 omnium

55 782 188 840 utilitates
202 781 368 857 respiciunt,
383 782 508 858 generali
521 801 572 841 seu
580 781 731 864 soederuto
745 786 876 862 regimini
888 806 926 846 ex
939 798 1022 865 pacto
1035 798 1065 845 et
1076 806 1143 846 con·

56 884 192 941 ventione
205 892 328 939 statuum
342 883 487 958 competit,
502 901 565 956 que
589 884 618 941 in
631 884 755 944 serendis
768 885 879 961 legibus
892 889 954 963 pari
968 886 1054 945 modo
1067 905 1148 946 exer·

55 992 153 1038 cetur:
175 980 301 1056 pluribus
315 980 425 1037 scilicet
437 982 583 1054 utriusque
599 993 698 1051 emtus,
712 993 826 1042 senatus
837 995 865 1041 et
877 987 1147 1061 repraesentantium,

57 1079 212 1155 suffragiis,
227 1080 274 1137 lex
296 1079 391 1146 fertur,
406 1079 555 1136 accedente
574 1081 711 1141 Presidis
730 1101 890 1150 cousensu;
910 1086 998 1155 quisi
1016 1084 1146 1151 desuerit,

58 1179 122 1236 duae
137 1196 173 1235 ex
187 1179 273 1236 tribus
288 1179 411 1253 partibus
425 1164 585 1237 consentire
595 1180 700 1240 debent
711 1192 741 1240 ut
752 1183 801 1239 lex
813 1181 911 1238 valeat

100 1283 127 1335 5.
149 1278 176 1334 A
189 1272 292 1335 nostrai
305 1277 466 1352 reipublice
479 1277 572 1336 forma
591 1298 649 1338 uon
669 1291 712 1338 est
732 1281 822 1338 aliena
840 1298 875 1338 ea
894 1299 979 1352 quam
995 1279 1148 1359 descripsit

58 1378 91 1433 S.
107 1376 238 1434 Thomas
251 1375 391 1447 Aquinas.
434 1384 453 1412 ‘⁶
465 1375 583 1453 Optima
601 1378 740 1438 ordinatio
759 1379 923 1456 principum
942 1388 987 1438 est
1006 1381 1036 1438 in
1055 1380 1149 1453 aliqua

58 1476 172 1534 civitate
187 1474 231 1532 vel
254 1492 352 1551 regno,
374 1476 404 1532 iu
424 1493 482 1546 quo
503 1496 576 1534 unus
597 1478 748 1553 preficitur
768 1477 924 1536 secuudum
947 1479 1078 1538 virtutem
1099 1479 1150 1550 qui

59 1575 191 1633 omnibus
205 1575 317 1651 praesit3
338 1584 367 1630 et
385 1574 437 1631 sub
450 1574 516 1650 ipso
529 1586 595 1632 sunt
614 1577 701 1648 aliqui
721 1577 912 1653 principantes
926 1577 1082 1636 secundum
1096 1578 1150 1634 vir·

61 1683 165 1740 tutem;
186 1683 321 1731 ettamen
345 1672 407 1730 talis
427 1673 601 1750 principatus
624 1675 659 1733 ad
681 1693 782 1733 omues
797 1676 928 1751 pertinet,
949 1685 1007 1734 tum
1027 1675 1095 1747 quia
1113 1694 1150 1732 ex

60 1773 192 1830 omnibus
206 1771 272 1848 eligi
286 1781 415 1846 possunt,
430 1781 490 1830 tum
504 1773 666 1845 quinetiam
687 1774 721 1831 ab
734 1773 866 1831 omnibus
880 1769 1069 1849 eliguntur.''¹

101 1875 130 1928 6.
152 1871 307 1943 Postquam
330 1870 365 1927 de
388 1869 466 1946 leges
487 1870 595 1930 serendi
622 1880 759 1949 potestate
788 1870 958 1929 disseruerat
986 1871 1148 1937 Suaresius‚

59 1969 153 2037 insert,
169 1978 367 2045 “potestatem
380 1969 454 2027 bano
468 1969 653 2045 legislativum
674 1971 759 2029 etiam
772 1989 836 2028 esse
850 1971 880 2028 in
894 1967 949 2026 illis
963 1969 1148 2028 communita-

62 2070 136 2127 tibus
150 2068 294 2144 persectis,
309 2087 371 2141 quae
391 2086 443 2145 per
462 2070 584 2146 seipsas,
598 2080 626 2127 et
638 2089 696 2129 non
710 2088 762 2147 per
780 2087 861 2145 reges
881 2068 1070 2145 gubernantur
1082 2069 1145 2126 sive

63 2169 261 2236 aristocratice,
284 2169 345 2225 sive
365 2169 539 2245 populariter
560 2179 701 2246 regantur,
715 2168 784 2226 illud
805 2166 987 2243 intelligendo
1000 2185 1066 2224 eum
1086 2184 1152 2241 pro·

63 2267 192 2343 portione
207 2279 234 2323 et
253 2285 318 2323 cum
339 2268 486 2342 partitione
509 2267 701 2326 accommoda.
743 2267 786 2324 lta
806 2266 926 2323 sumitur
944 2283 982 2323 ex
1001 2264 1021 2323 l.
1043 2262 1154 2322 Omnes

61 2364 172 2442 populi,
188 2364 219 2421 ff.
234 2364 269 2422 de
277 2367 368 2442 justit.
384 2377 415 2423 ut
429 2367 486 2442 jur.
501 2374 530 2423 et
548 2367 587 2424 ibi
606 2366 709 2424 docent
721 2383 831 2424 omnes.
873 2362 914 2421 Et
924 2364 995 2421 ratio
1014 2372 1058 2419 est
1070 2364 1155 2420 etiam

62 2463 222 2531 manifesta,
237 2464 302 2536 quia
314 2463 357 2522 hre
368 2466 584 2524 communitates
595 2467 625 2524 iu
634 2484 666 2524 se
675 2466 797 2524 retinent
808 2481 971 2540 supremam
984 2472 1154 2539 potestatem

63 2562 286 2640 gubernativam,
309 2582 374 2622 cum
396 2583 454 2622 non
477 2566 668 2625 transtulerint
680 2564 757 2623 illam
779 2564 808 2621 in
832 2562 956 2636 aliquem
970 2562 1149 2639 principem3

63 2681 131 2738 ergo
145 2681 195 2737 per
208 2662 284 2720 illam
295 2672 415 2737 possunt
427 2664 483 2721 sibi
496 2663 575 2741 leges
585 2662 718 2724 condere.
760 2660 845 2720 Unde
859 2661 900 2729 fit,
914 2660 991 2719 idem
1000 2660 1153 2718 dicendum

63 2780 126 2817 esse
141 2779 205 2818 cnm
221 2762 402 2836 proportione
425 2760 460 2818 de
483 2762 539 2819 illis
562 2761 781 2837 rebuspublicis‚
803 2777 866 2831 quae
889 2775 1051 2835 supremam
1073 2759 1155 2814 inse

63 2870 229 2937 potestatem
243 2859 374 2925 retinent,
388 2868 420 2914 ut
432 2860 553 2928 Veneta,
564 2858 739 2925 aennensis,
755 2867 783 2913 et
795 2855 922 2913 similes:
945 2873 1008 2927 que
1021 2852 1087 2911 licet
1099 2855 1153 2912 sibi

64 2977 153 3017 unum
167 2956 267 3014 ducem
283 2956 328 3011 vel
347 2957 504 3034 principem
524 2957 639 3034 eligant,
662 2975 722 3015 non
742 2964 836 3013 tamen
857 2954 886 3013 in
906 2973 972 3013 eum
986 2953 1156 3011 transsemnt

65 3074 180 3115 omnem
196 3048 412 3130 potestatem.''²

105 3162 134 3214 7.
157 3155 238 3212 Finis
252 3154 346 3212 civilis
359 3156 507 3231 regiminis
520 3165 564 3214 est
574 3150 737 3232 reipublice
751 3153 838 3220 salus,
853 3152 888 3209 ad
907 3169 993 3224 quam
1012 3151 1095 3227 dirigi
1109 3148 1155 3207 de·

66 3256 132 3312 beut
145 3272 245 3311 omnes
259 3254 421 3329 principum
434 3264 522 3321 actus,
536 3273 624 3326 quum
647 3272 682 3310 ea
701 3249 863 3311 conditione
885 3258 1008 3326 potestas
1028 3249 1063 3305 iis
1078 3265 1156 3322 apo-

64 3354 133 3429 pulo
159 3353 313 3408 commissa
338 3353 392 3408 sit:
421 3351 576 3416 “Quando
602 3349 667 3408 verd
693 3346 851 3426 potestas,’'
878 3347 970 3418 inquit
994 3345 1155 3412 Suaresius‚

65 3463 85 3487 ⁴⁴
98 3451 161 3508 data
175 3460 217 3504 est
230 3447 390 3506 immediate
405 3450 439 3505 ab
448 3449 519 3526 ipsis
529 3448 701 3516 hominibus,
714 3445 960 3505 evidentissimum
969 3454 1013 3502 est
1025 3462 1082 3503 non
1092 3462 1155 3503 esse

65 3562 182 3626 propter
195 3548 332 3623 principis
346 3549 504 3614 utilitatem,
515 3546 566 3605 sed
580 3558 695 3625 propter
707 3563 860 3606 commune
872 3545 979 3603 borum
992 3562 1090 3603 eorum
1105 3547 1155 3618 qui

65 3649 142 3706 illam
166 3647 354 3714 contulerunt,
370 3659 398 3704 et
418 3646 482 3705 ideo
503 3664 585 3723 reges
606 3647 725 3705 ministri
749 3644 912 3723 reipublice
929 3643 1156 3721 appellantur.-

67 3747 181 3804 Debent
194 3765 260 3822 ergo
274 3764 307 3803 ea
320 3756 457 3822 potestate
470 3747 511 3804 uti
524 3746 554 3804 iu
572 3745 679 3804 bonum
698 3746 872 3824 reipublice,
896 3763 913 3800 a
932 3753 1029 3817 quaet
1041 3754 1157 3821 propter

67 3864 151 3917 quam
167 3845 242 3903 illam
259 3837 476 3922 acceperunt.”³
516 3843 549 3904 Id
562 3845 631 3903 olim
644 3845 769 3904 Basilius
780 3842 945 3903 tradiderat:
967 3840 1065 3898 “Hoc
1079 3840 1154 3896 euim

98 4012 140 4077 (l)
163 4015 183 4059 l.
195 4015 218 4061 2.
230 4026 271 4074 qu.
283 4028 319 4061 cs.
331 4020 374 4062 art.
386 4012 402 4061 i.
436 4012 512 4080 Reap.

100 4099 143 4162 (2)
163 4096 201 4146 De
214 4096 328 4159 Legibus,
339 4098 354 4146 Ι.
366 4097 400 4147 iii.
411 4113 433 4147 c.
444 4097 477 4147 ir·
487 4113 512 4147 n.
526 4099 550 4145 ll.

100 4183 143 4245 (3)
163 4181 262 4238 Ibidem,
280 4181 295 4229 l.
315 4181 331 4229 i.
349 4197 370 4230 e.
386 4181 427 4229 vii.
450 4195 477 4239 n,
494 4182 519 4228 ὅ.
552 4176 625 4228 ertil
646 4176 704 4227 novi
724 4174 824 4241 protulit
846 4171 984 4222 Vattelius:
1002 4169 1048 4221 “it
1064 4171 1086 4223 is
1108 4175 1156 4224 esi·

62 4267 122 4316 dent
132 4266 186 4316 tbst
195 4280 251 4316 men
263 4266 325 4317 surm
336 4282 351 4316 a
361 4265 469 4331 politiosl
485 4262 586 4327 mluy,
596 4260 645 4312 sud
662 4261 754 4312 submit
765 4268 790 4310 to
807 4259 875 4317 lases.
890 4257 967 4322 solely
979 4258 1015 4307 lor
1026 4256 1088 4308 tbsir
1098 4274 1155 4310 oven

64 4350 201 4412 aarum·
212 4349 259 4400 and
268 4349 353 4413 ufsty.
386 4346 442 4398 Tus
453 4346 579 4408 migra
590 4343 714 4409 authority
727 4344 748 4394 is
766 4343 824 4395 then
835 4340 981 4395 established
998 4341 1056 4407 only
1067 4341 1104 4393 sor
1116 4343 1157 4394 the
