2744 4980
194 399 233 454 46
399 393 455 453 DE
476 391 766 453 CONSCIENTIA
786 393 1070 456 SORUPULOSA.

194 561 340 638 scrupulos
353 562 417 632 quis
430 562 516 618 vitare
529 558 630 626 studet,
644 560 771 620 inlatam
786 562 861 620 viam
880 579 1006 637 praeceps
1019 572 1096 629 urat;
1114 564 1178 640 jugi
1200 564 1279 619 enim

194 660 327 720 dominici
340 670 475 734 pertaesus
494 658 574 716 facile
592 657 640 714 fiet
659 657 762 717 diaboli
781 678 888 717 servus.
931 660 994 718 Imo
1013 664 1149 737 contingit
1161 673 1192 718 ut
1206 679 1279 732 quos

193 759 364 818 conscientia
376 760 452 835 angit
464 757 498 815 de
512 758 568 815 levi
587 775 765 830 quacumque
786 758 893 834 peccati
913 760 1021 827 umbra,
1043 762 1138 833 gravia
1151 759 1281 830 quaedam

194 857 294 916 delicta
313 874 370 915 non
390 859 448 915 sint
466 855 645 915 solicitudini.
687 856 736 913 Sic
755 857 790 914 de
810 875 893 933 prece
915 856 1036 928 quadam
1055 859 1161 915 omissa
1174 859 1283 932 angitur

192 957 293 1015 mulier
305 975 368 1028 quae
382 955 492 1013 occulta
503 954 622 1010 aliorum
635 955 761 1022 crimina,
772 956 946 1013 conscientia
958 954 1033 1011 haud
1046 974 1109 1012 eam
1124 956 1279 1020 mordente,

193 1055 297 1132 pandit.
332 1055 377 1112 De
390 1073 420 1111 re
433 1054 578 1111 levissima
590 1051 634 1107 die
649 1053 800 1111 Dominica
813 1052 972 1129 peragenda
984 1053 1079 1120 haret,
1095 1055 1144 1125 qui
1157 1055 1281 1126 alioquin

194 1155 305 1231 injustis
318 1153 504 1212 contractibus
518 1149 641 1223 quotidie
655 1151 774 1210 ditescit.

237 1257 283 1309 12.
305 1251 489 1309 Conscientia
500 1249 644 1328 perplexa
661 1250 762 1308 dieitur
782 1250 896 1323 quando
917 1251 980 1322 quis
1001 1269 1038 1308 ex
1059 1251 1188 1308 alterutra
1209 1262 1285 1325 parte

195 1356 273 1428 putat
285 1350 383 1407 adesse
397 1359 553 1426 peceatum,
568 1347 638 1405 adeo
651 1358 682 1405 ut
694 1350 801 1406 nullum
822 1350 859 1406 sit
870 1332 1018 1424 effugium.
1050 1350 1100 1406 Sic
1114 1350 1171 1406 filia
1192 1349 1286 1405 forsan

195 1462 291 1507 censet
303 1469 333 1507 se
348 1458 534 1525 peccaturam,
549 1448 573 1503 si
587 1447 671 1523 patris
683 1447 829 1505 latibulum
845 1447 921 1504 hosti
935 1449 1070 1519 quaerenti
1084 1446 1204 1524 detegat,
1219 1467 1286 1504 curn

197 1558 273 1607 certo
286 1549 349 1606 vitre
370 1547 550 1605 discrimine:
563 1544 641 1602 sede
662 1556 758 1604 contra
774 1555 951 1622 peccaturam
968 1564 999 1602 se
1021 1547 1099 1603 novit
1112 1546 1286 1604 mentiendo.

197 1648 246 1707 Sic
259 1660 287 1705 et
300 1648 392 1705 nutrix
407 1647 549 1703 existimat
558 1663 588 1701 se
599 1656 774 1720 peccaturam
784 1647 906 1703 Missam
916 1661 973 1702 non
985 1643 1124 1702 audiendo
1138 1644 1183 1702 die
1194 1645 1286 1707 sest0;

198 1745 250 1804 sed
272 1767 288 1803 a
309 1746 482 1823 periclitante
502 1742 645 1802 discedere
664 1743 795 1819 religioni
814 1743 900 1801 ducit.
934 1744 1178 1814 Quotiescumque
1199 1744 1288 1800 menti

198 1846 306 1921 peccati
328 1843 485 1921 periculum
505 1862 542 1901 ex
562 1852 678 1914 utraque
698 1853 776 1919 parte
797 1850 921 1918 apparet,
942 1842 1055 1899 libertas
1077 1840 1289 1911 quodammodo

199 1943 303 2002 tollitur
316 1945 430 2011 arbitrii,
444 1943 563 2015 ideoque
576 1959 633 2001 non
645 1950 784 2018 peccatur,
805 1942 831 1999 si
843 1941 938 2000 minus
953 1938 1029 2014 quod
1042 1938 1154 1997 videtur
1167 1939 1288 2014 eligatur

187 2041 313 2103 udum.
