2766 4996
952 120 980 189 f

147 407 207 462 8⁶2
297 400 355 463 DE
374 396 735 463 OBLIGA'I'IONIBUS
755 396 1093 473 Remulosoltuut.

149 569 284 644 positum,
307 562 523 644 intelligendum
548 575 603 632 est,
626 574 701 624 statu
723 564 886 627 monachali
910 574 1042 623 serrato:
1071 561 1126 622 sed
1149 569 1231 638 potest

148 666 271 738 aliquem
283 683 300 722 e
311 674 386 723 sum
398 664 447 723 illo
460 662 495 720 ad
508 665 645 723 seculum
659 664 818 733 transferre,
831 665 916 736 eique
928 681 1027 722 reram
1040 661 1198 721 domim
1208 670 1232 716 ct

147 764 319 822 matrimonii
333 763 493 822 facultatem
514 763 680 831 concedere,
694 763 772 836 quod
790 782 867 840 seps
880 762 989 821 mmm
1001 773 1057 830 est,
1074 761 1232 839 gravissima

147 862 306 938 postulante
326 881 421 922 causa.
463 863 498 921 In
519 860 633 923 decreto
654 864 767 939 objecto
792 864 927 939 agebatur
951 860 989 919 de
1015 861 1171 920 monachis
1188 858 1233 915 sub

147 961 245 1019 abbate
258 961 436 1039 degentibus,
447 980 520 1034 quos
530 963 620 1021 noluit
629 961 764 1022 Pontifex
777 962 889 1021 veniam
903 962 1059 1037 impetrare
1073 978 1170 1018 rernm
1178 975 1233 1034 pro

147 1061 284 1136 prietatis,
295 1080 383 1135 quum
397 1072 609 1139 pugnaretcum
623 1058 827 1120 monachorum
840 1061 986 1119 instituto:
1010 1068 1031 1096 ‘⁶
1043 1060 1115 1118 Nec
1124 1059 1233 1116 asama

148 1160 245 1228 abbas,
259 1162 337 1234 quod
358 1180 444 1238 super
462 1160 593 1219 habenda
612 1162 781 1237 proprietate
800 1160 893 1235 possit
903 1177 971 1218 cnm
987 1159 1089 1232 aliquo
1102 1153 1233 1215 monacho

148 1258 333 1334 dispensare:
355 1261 422 1334 quia
434 1258 571 1317 abdicatio
593 1259 779 1335 proprietatis,
799 1260 872 1316 sicut
890 1266 920 1314 et
938 1257 1074 1317 custodia
1096 1255 1233 1319 castitatis,

147 1356 218 1414 adeo
231 1369 275 1415 est
295 1377 407 1416 annexa
426 1358 530 1433 regule
553 1359 712 1415 monachali
731 1367 763 1415 ut
778 1367 875 1416 contra
887 1375 951 1416 eam
977 1375 1035 1416 nec
1056 1357 1092 1415 S.
1107 1353 1234 1414 Pontifex

146 1455 238 1530 possit
250 1455 393 1514 licentiam
405 1447 600 1531 indulgere.”¹

508 1681 573 1757 §IL
615 1681 663 1740 Da
685 1682 871 1741 Caesareas.

186 1870 235 1924 ⁶7.
257 1866 365 1923 Votum
378 1866 511 1924 castitatis
524 1865 629 1942 obligat
644 1863 679 1922 ad
700 1866 788 1924 animi
802 1863 981 1931 munditiem,
994 1874 1027 1922 ct
1039 1863 1134 1922 multo
1146 1860 1228 1937 magis

147 1962 181 2019 ad
196 1962 392 2022 abstinendum
406 1965 441 2022 ab
459 1965 538 2022 omni
558 1974 620 2022 actu
637 1973 754 2023 externo
767 1973 864 2022 contra
875 1965 1046 2021 caetitatem.
1089 1963 1230 2020 Matrimo-

143 2060 223 2117 nium
240 2060 344 2119 idcirco
359 2062 529 2139 aReligioso
543 2072 704 2121 attentatum
718 2063 828 2121 nullum
840 2072 884 2120 est
900 2081 938 2121 ex
953 2062 1096 2120 Ecclesia
1106 2062 1189 2137 leget
1206 2067 1231 2113 0¹

146 2166 225 2215 actus
245 2158 406 2236 impudicus
427 2161 643 2234 qualiscumque
665 2161 804 2239 sacrilegii
823 2161 908 2219 habet
922 2160 1063 2219 aruinam
1083 2157 1230 2236 specialem

146 2275 183 2315 ex
197 2268 264 2316 voto
277 2255 408 2319 violato.²

184 2361 234 2415 68.
255 2358 386 2417 FemInis
398 2358 507 2435 ingredi
520 2360 689 2418 monasteria
701 2360 826 2417 virorum
838 2368 956 2426 vetabat,
971 2375 1009 2416 ex
1029 2357 1120 2415 veteri
1133 2354 1228 2428 aquis·

144 2455 274 2524 almaque
288 2456 492 2515 consuetudine
505 2466 534 2515 et
545 2458 619 2532 lege,
633 2477 718 2531 quam
731 2457 800 2516 olim
813 2459 933 2516 sancivit
945 2457 978 2514 S.
998 2456 1159 2533 Gregorius
1173 2443 1228 2512 ld.⁸

144 2551 284 2607 recentius
308 2553 379 2610 Pius
405 2549 471 2620 V.‚⁴
490 2555 647 2629 Gregorius
667 2550 768 2614 IIIII.⁵
787 2567 816 2614 et
837 2556 1009 2615 Benedictus
1032 2544 1135 2615 XIV.⁶
1173 2551 1227 2609 Ilic

144 2649 371 2725 sapientissimus
393 2650 522 2727 pontifex
542 2653 655 2710 abstulit
674 2654 817 2713 licentiam
831 2654 1009 2732 ingrediendi
1021 2656 1108 2713 etiam
1122 2651 1228 2730 pictatis

146 2766 230 2807 causa
241 2750 270 2807 iu
283 2750 546 2829 supplicadonibus.
588 2752 659 2818 Qus
677 2754 785 2828 absque
796 2757 957 2813 necessaria
967 2754 1086 2812 licentia
1099 2771 1132 2810 ea
1145 2752 1230 2827 ingre

145 2848 268 2916 dinatum,
284 2851 429 2910 incurrunt
440 2854 763 2912 excommunicationem
784 2854 871 2932 Papae
894 2863 1086 2913 reservatam:
1108 2848 1229 2926 religiosi

146 2946 212 3003 verb
226 2965 274 3002 eas
288 2951 498 3008 introducentes
512 2952 556 3008 vel
570 2951 748 3011 admittentes
770 2952 940 3011 contrahunt
952 2954 1016 3028 ipso
1030 2952 1107 3009 facto
1120 2965 1230 3027 ponam

144 3044 310 3118 putationis
324 3046 494 3115 officiorum,
509 3048 690 3108 inhabilitatis
701 3052 730 3109 in
743 3060 888 3127 posterum
901 3052 936 3110 ad
950 3070 994 3118 ea,
1008 3061 1039 3107 et
1057 3051 1115 3108 alia
1127 3048 1229 3110 omnia,

144 3149 172 3197 et
184 3145 381 3217 suspensionis
395 3165 412 3201 a
426 3144 557 3204 divinis.⁷
576 3148 610 3205 In
623 3149 677 3207 hac
691 3151 805 3226 regione
818 3149 879 3207 haec
892 3151 1073 3208 sanctissima
1083 3148 1231 3223 disprlina

144 3240 236 3300 adhue
258 3262 316 3300 nou
337 3244 474 3311 obtinuit;
495 3247 525 3304 iu
547 3247 689 3322 plerisque
709 3250 786 3306 enim
807 3249 938 3308 domibus
959 3248 1183 3324 Religiosorum‚
1197 3244 1231 3301 ob

178 3430 219 3495 (l)
240 3429 302 3495 Cap,
314 3432 345 3479 vi.
353 3433 384 3480 de
395 3440 459 3481 statu
471 3431 616 3481 monachali.

174 3514 213 3574 (2)
233 3514 271 3562 Do
282 3523 296 3544 ‘⁴
305 3516 398 3576 virgine
411 3518 488 3565 voluta
493 3519 545 3581 jam
558 3517 665 3575 Christo,
677 3535 730 3581 ques
743 3520 906 3582 integritatem
918 3521 1015 3585 publico
1028 3523 1170 3572 testimonio
1181 3536 1231 3586 pro

140 3598 202 3645 fessa
214 3616 229 3645 u
239 3601 362 3650 sacerdote
374 3619 443 3665 prece
454 3604 509 3653 susa
520 3605 693 3657 benedictionis
702 3609 812 3658 velamen
824 3608 939 3674 aceepit,”
952 3625 1028 3671 agens
1044 3610 1148 3661 siricius
1159 3610 1232 3674 Papa,

139 3681 212 3730 dicit:
231 3682 304 3731 “sive
315 3684 435 3735 incestum
447 3689 596 3739 commiserit
606 3691 697 3748 furtim.
707 3710 750 3743 seu
769 3697 853 3746 volens
873 3696 963 3747 crimen
980 3706 1105 3762 protegere
1126 3697 1231 3746 adultero

140 3766 220 3816 mariti
231 3783 320 3817 nomen
333 3767 456 3834 imposuit,
465 3770 552 3818 tollens
565 3775 671 3823 membra
682 3776 779 3839 Christi,
791 3781 881 3830 faciens
894 3783 1000 3830 membra
1012 3779 1168 3831 meremcw
1184 3779 1230 3844 Ep.

140 3868 163 3901 x.
175 3869 196 3901 c.
208 3852 222 3900 i.
234 3853 279 3902 col.
292 3854 350 3910 688,
362 3854 427 3919 apud
439 3853 620 3907 Constantium.
632 3858 700 3922 epist.
712 3862 784 3912 Rom.
795 3863 885 3914 Pontis.

174 3939 217 4032 (³.)
238 3939 266 3988 L.
287 3956 359 4006 usp.
377 3942 410 3990 xl.
435 3941 466 3990 sd
483 3941 642 3994 Valentinum
655 3945 783 3998 Abbatem.
815 3949 925 4000 Refertur
942 3950 1004 4000 Can.
1017 3966 1057 4000 xx.
1070 3951 1231 4002 Causaxriii·

156 4038 180 4070 u.
193 4039 217 4071 u.

139 4038 155 4084 q
174 4105 214 4167 (tt
232 4107 335 4157 Consfit.
348 4109 513 4171 Regularium.
779 4118 819 4181 (5)
839 4117 943 4170 Constit.
955 4122 1038 4172 xxviii.

173 4188 213 4251 (6)
232 4188 339 4242 constit
351 4192 488 4260 Regulun’s
499 4192 649 4262 disciplina.
784 4200 827 4268 (t)
847 4201 933 4254 Const.
945 4207 1019 4258 Decet
1031 4207 1105 4259 Rom.
1118 4209 1194 4262 Porti.
