2766 4996
168 431 229 486 366
358 425 415 486 DE
436 423 677 484 PARENTUM
697 421 1075 483 OBLIGATIONIBUS.

168 587 295 652 modi-”¹
335 591 413 650 Hinc
426 591 580 649 concilium
600 589 802 649 Tridentinum
821 588 995 648 anathemati
1009 590 1197 667 subjeciteoe
1209 589 1254 662 qui

172 688 469 765 “quomodocumque
495 689 641 765 coegerint
666 689 789 763 aliquam
816 689 967 765 virginem,
994 687 1044 746 vel
1069 688 1195 756 viduam,
1218 700 1259 746 aut

171 791 254 849 eliam
268 807 479 862 quamcumque
493 787 642 846 mulierem
655 789 782 855 invitam,
796 798 987 864 preterquam
997 787 1154 846 incesibus
1167 789 1259 865 injure

172 890 327 964 expressis,
341 887 378 946 ad
390 886 604 966 ingrediendum
618 887 831 954 monesterium,
844 886 891 943 vel
903 885 939 944 ad
957 886 1181 963 suscipiendum
1192 886 1262 945 habi·

173 997 233 1044 tum
252 988 460 1063 cujuscumque
484 987 656 1062 Religionis,
676 985 722 1042 vel
744 984 780 1043 ad
792 984 977 1043 emittendam
998 984 1261 1061 professionem...

173 1084 268 1144 Simili
282 1105 397 1161 quoque
411 1085 580 1144 anatliemeti
594 1084 707 1161 subjicit
719 1102 780 1151 eos,
795 1085 844 1157 qui
856 1093 982 1142 sanctam
997 1084 1159 1160 virginum,
1167 1085 1210 1142 vel
1222 1083 1263 1141 ali·

173 1203 252 1243 arum
273 1186 424 1248 mulierum
438 1186 609 1243 voluntatem
623 1182 678 1240 veli
699 1182 867 1258 aecipiendi,
881 1182 926 1241 vel
940 1182 1000 1240 voti
1019 1182 1181 1250 emittendi,
1202 1199 1264 1255 quo·

173 1302 232 1355 quo
255 1283 342 1343 modo
362 1286 423 1342 sine
442 1285 521 1360 justa
542 1301 629 1340 causa
654 1275 883 1357 impedierint.”²
922 1281 988 1339 Nec
1010 1280 1119 1340 debent
1140 1293 1264 1358 parentes

172 1399 276 1457 cogere
290 1383 366 1440 tilios
378 1383 590 1439 matrimonium
604 1381 675 1438 inire
689 1380 827 1448 volentes,
841 1379 876 1438 ad
894 1398 958 1438 eam
978 1379 1155 1440 electionem
1170 1381 1264 1439 sscien·

173 1478 237 1536 dam
250 1496 314 1551 quae
327 1480 382 1538 sibi
395 1477 477 1536 luerit
490 1481 615 1555 probate,
629 1497 695 1537 nem
718 1487 737 1514 “
747 1498 868 1553 quornm
888 1497 978 1541 uuum
999 1497 1110 1556 corpus
1131 1492 1186 1547 est,
1198 1497 1264 1539 unua

173 1575 257 1635 debet
268 1596 333 1638 esse
347 1589 376 1637 et
394 1577 540 1647 animus,''
554 1579 595 1636 uti
615 1577 811 1636 animadvertit
823 1576 951 1654 pontifex
971 1577 1099 1637 tiliorum
1114 1581 1265 1638 libertatem

174 1671 347 1736 vindicans.³
388 1676 532 1735 Ceterum
545 1676 619 1734 filios
633 1676 714 1733 decet
727 1689 856 1752 parentes
874 1677 1035 1744 consulere,
1050 1696 1108 1736 nec
1129 1679 1166 1737 iis
1179 1678 1265 1736 inritis

173 1776 243 1848 quid
256 1787 362 1836 temere
376 1779 406 1835 in
418 1794 448 1833 re
462 1776 530 1833 tanti
543 1775 680 1834 momenti
692 1785 824 1834 statuere.

214 1879 263 1933 90.
285 1876 399 1935 Debent
407 1876 490 1934 etiem
502 1885 631 1950 parentes
645 1874 817 1933 mediocrem
830 1874 931 1932 saltem
944 1872 1081 1933 adhibere
1094 1874 1265 1952 diligentiam

175 1982 205 2031 ut
218 1975 292 2031 bona
305 1976 451 2048 acquirant
463 1972 565 2046 quibus
579 1972 727 2050 providere
740 1973 807 2030 filiis
826 1974 954 2049 possint;
974 1973 1005 2031 in
1024 1974 1063 2032 iis
1083 1973 1155 2032 verd
1175 1974 1267 2050 elargi-

175 2069 256 2128 endis
270 2073 370 2129 merita
379 2073 510 2144 viresque
524 2072 701 2148 singulorum
714 2071 881 2129 attendenda
890 2082 973 2129 sunt:
994 2090 1050 2130 nec
1065 2075 1146 2131 enirn
1160 2074 1267 2131 robusto

176 2168 297 2238 homini,
311 2171 398 2244 quiet
410 2171 485 2228 vitiis
499 2171 536 2227 sit
547 2169 669 2239 deditus,
683 2169 890 2246 suppeditanda
902 2180 969 2228 aunt
981 2189 1045 2244 qnae
1061 2171 1206 2249 pmdigat,
1219 2189 1267 2230 nec

177 2268 290 2329 infirmo
316 2269 481 2348 deneganda
506 2270 613 2328 auxilia
637 2270 807 2328 necessarie.
849 2269 884 2328 ln
905 2269 1045 2328 bonorum
1073 2269 1267 2329 distributione

177 2384 241 2438 quae
255 2369 287 2425 fit
299 2369 351 2426 sub
364 2380 495 2435 mortem,
509 2368 606 2444 legum
627 2379 656 2425 et
668 2367 891 2435 consuetudinis,
906 2369 979 2426 sicut
995 2379 1025 2425 et
1036 2369 1269 2436 meritorumha·

176 2465 269 2521 benda
280 2476 324 2522 est
336 2468 416 2525 ratio.
458 2466 512 2524 Jue
526 2466 610 2523 civile
623 2468 713 2543 exigit
725 2477 757 2525 ut
770 2477 849 2543 pater
867 2467 934 2525 filiis
948 2468 1009 2525 suis
1029 2479 1200 2527 testamento
1210 2486 1268 2544 pro-

177 2561 288 2628 videut;
310 2564 397 2620 “nisi
411 2563 506 2620 forsan
520 2565 710 2638 probabuntur
723 2566 835 2640 ingrati,
850 2576 879 2624 et
898 2567 975 2644 ipsas
995 2569 1169 2626 nominatim
1184 2569 1268 2644 ingre·

176 2659 302 2719 titudinis
313 2681 412 2721 causes
421 2670 552 2738 parentes
561 2680 613 2719 suo
621 2664 792 2721 inseruerint
799 2661 1016 2733 testamento,”⁴
1025 2666 1156 2739 alioquin
1163 2668 1268 2724 irritum

177 2760 294 2820 habetur
303 2772 501 2821 testamentum
516 2757 887 2835 tamquaminoffieiosum!
925 2765 980 2822 Jus
990 2783 1147 2824 commune
1157 2766 1270 2824 liberam

176 2862 314 2934 relinquit
323 2863 484 2921 facultatem
498 2862 572 2920 bona
584 2881 636 2919 sue
649 2882 701 2938 pro
721 2862 836 2920 arbitrio
855 2861 1059 2921 distribuendi:
1082 2865 1134 2922 sed
1150 2863 1269 2922 naturale

173 2960 222 3032 jus
237 2959 347 3017 videtur
359 2960 500 3035 postulare
514 2973 545 3018 ut
557 2963 723 3019 necessarie
743 2980 842 3019 eorum
863 2963 1062 3021 sustentationi
1082 2964 1185 3021 saltem
1207 2981 1269 3021 con·

177 3048 311 3113 sulatur.⁶
351 3057 512 3117 Consuevit
533 3061 601 3117 olim
627 3061 656 3117 in
682 3060 825 3136 plerisque
847 3061 972 3138 Europae
999 3063 1097 3138 regnis
1125 3061 1270 3120 hereditas

177 3156 260 3212 tribui
274 3155 333 3212 lilio
346 3157 445 3234 majori
459 3167 535 3225 natu,
550 3169 662 3234 gravata
676 3169 769 3217 tamen
777 3159 876 3236 legatis
887 3162 1058 3218 etoneribus
1068 3161 1098 3218 in
1105 3173 1270 3219 ceterorum

72 3276 76 3283 ·
177 3256 342 3313 utilitatem:
365 3257 416 3314 sed
429 3256 505 3333 apud
517 3276 569 3316 nos
583 3259 714 3315 omnibus
728 3258 794 3315 tiliis
814 3269 843 3315 et
861 3259 972 3317 filiabus
993 3261 1089 3337 portio
1103 3259 1207 3318 cadem
1220 3259 1271 3316 lter

177 3353 302 3412 reditatis
316 3357 470 3432 contingit:
493 3374 579 3428 aquo
592 3375 672 3415 more
686 3359 734 3414 vix
748 3356 856 3415 discedi
870 3360 1079 3434 potestabsque
1093 3359 1271 3432 querelarum

178 3465 206 3508 et
218 3453 366 3511 discordie
380 3455 554 3513 discrimine.
596 3455 629 3512 Si
642 3456 717 3513 iilius
731 3457 804 3514 male
818 3476 850 3514 se
859 3458 988 3534 gesserit,
998 3469 1026 3515 et
1036 3459 1165 3516 moribus
1179 3457 1269 3516 adhuc

213 3632 256 3698 (l)
276 3634 302 3679 S.
314 3634 431 3693 Thomas,
439 3641 462 3685 2.
474 3640 498 3687 2.
508 3654 550 3700 qu.
561 3639 606 3689 civ.
619 3648 661 3688 ert.
674 3657 696 3688 v.
732 3640 805 3707 Reap.

213 3720 250 3777 (2)
269 3717 335 3767 Sese.
348 3733 405 3766 ιιι.
417 3734 470 3782 cap.
483 3719 549 3768 xviii.
561 3718 591 3768 de
604 3721 663 3783 Reg.
672 3732 696 3771 et
706 3723 774 3772 Mon.

215 3804 256 3870 (3)
276 3804 337 3870 Cap.
346 3804 376 3854 da
388 3812 457 3868 nupt.
469 3803 535 3852 nri.
547 3812 630 3866 queat
641 3805 665 3854 ii.
676 3821 703 3855 n.
714 3811 737 3854 8.
939 3809 981 3874 (4)
1001 3808 1067 3858 Noa.
1080 3826 1136 3860 cxv.
1146 3827 1199 3876 cap.
1212 3809 1236 3858 iii

216 3893 258 3958 (5)
280 3891 357 3942 Auth.
370 3889 419 3941 Sed
428 3887 507 3949 lodie,
520 3888 550 3940 0.
562 3889 592 3938 de
604 3888 672 3940 inoff.
682 3900 736 3942 teet.

212 3976 255 4045 (6)
275 3978 352 4027 “The
364 3977 455 4026 writers
464 3993 495 4026 on
508 3977 605 4038 general
613 3978 660 4026 law
673 3977 744 4027 allow
757 3978 809 4028 that
821 3988 918 4043 parents
930 3995 987 4044 may
999 3979 1096 4044 diepoee
1108 3981 1137 4030 oi
1145 3981 1208 4031 their
1219 3997 1273 4045 pro·

178 4072 246 4125 party
260 4063 350 4126 asthey
362 4063 443 4126 pleare
455 4062 515 4111 alter
526 4060 653 4125 providing
664 4063 700 4111 sor
712 4062 752 4111 the
764 4079 891 4127 necessary
904 4064 1074 4114 maintenance
1084 4066 1114 4114 ol
1123 4065 1186 4115 their
1199 4065 1277 4115 iniant

177 4146 294 4206 children,
307 4147 353 4197 and
367 4147 395 4196 oi
403 4147 471 4196 those
479 4147 559 4196 adulta
571 4147 628 4196 who
639 4163 680 4195 are
692 4156 735 4196 not
746 4148 799 4195 able
809 4157 833 4196 to
841 4148 940 4211 provida
949 4148 988 4198 t'or
996 4149 1168 4200 themselvee.”
1187 4149 1276 4200 Kent’s

179 4227 277 4280 Corum.
293 4232 345 4280 Vol.
357 4231 381 4279 ii.
391 4247 414 4294 p.
426 4237 448 4282 4.
459 4231 514 4281 Leo
535 4232 605 4281 xxix.
641 4231 704 4280 Vide
721 4241 745 4281 et
762 4232 875 4282 Grotium
893 4232 923 4282 de
936 4235 993 4297 jure
1011 4232 1075 4284 Belli
1092 4243 1117 4285 et
1128 4234 1209 4294 Pacis,
1221 4236 1236 4284 l.
1251 4234 1275 4283 ii

179 4333 200 4366 c.
213 4315 253 4363 vii.
264 4331 289 4366 n.
301 4318 325 4366 3.
336 4324 361 4365 et
369 4313 525 4375 Blackatone,
536 4318 552 4366 l.
565 4317 581 4367 i.
592 4332 618 4366 ιι.
630 4318 688 4366 tte.
699 4374 706 4384 ι
