2744 4980
191 384 252 441 uto
450 376 507 436 DE
530 374 733 436 GENTIUM
754 372 1026 434 COMMERCIO.

188 542 466 622 justitiareipublioae
476 541 560 609 favet,
570 559 635 599 nam
645 541 848 600 omniamunia
856 539 962 600 civium
973 546 1105 598 tenentur
1114 538 1294 618 persolvere,

193 661 281 716 quum
295 641 453 719 privilegiis
462 641 632 719 juribusque
645 659 681 699 ea
692 639 855 699 conditione
869 638 1005 697 fruantur.

229 746 280 800 21.
302 740 357 799 Rei
371 741 421 814 qui
435 740 470 799 ad
484 758 598 816 poenam
606 737 763 799 facinorum
776 735 973 799 declinandam
984 738 1015 796 in
1027 736 1097 796 alias
1110 737 1249 797 nationes
1263 756 1294 797 se

191 840 352 907 conserunt,
366 841 534 916 plerumque
555 836 700 897 traduntur
718 838 842 916 principi
863 837 1027 915 postulanti,
1047 847 1079 894 nt
1098 837 1130 895 iu
1145 836 1294 915 judicium

191 943 341 1001 sistantur:
364 940 413 1011 qui
426 956 490 996 mos
510 936 545 995 ad
563 937 612 1013 jus
632 938 758 1014 gentium
779 945 872 1016 potest
890 936 1000 995 referti.
1043 937 1177 995 Attamen
1192 938 1244 1010 qui
1257 939 1294 995 ob

192 1040 294 1099 delicta
308 1056 371 1110 quae
395 1037 508 1113 politica
520 1036 661 1102 dicuutur,
675 1046 838 1110 quaeruntur
846 1032 1004 1114 judicandi,
1019 1053 1078 1094 non
1091 1035 1188 1094 solent
1202 1055 1220 1093 a
1234 1036 1295 1095 Gu-

192 1140 291 1197 bemio
310 1146 407 1195 nostro
430 1134 517 1193 tradi:
547 1133 623 1207 quod
646 1144 739 1194 tamen
760 1135 934 1195 facinorosos
960 1135 1031 1193 alios
1052 1133 1130 1193 haud
1156 1137 1292 1213 protegit

194 1236 339 1296 Ceterum
365 1235 441 1293 nulla
459 1235 523 1311 lege
543 1234 667 1309 generati
687 1229 854 1294 definitnrt¹
873 1233 924 1291 sed
944 1233 1062 1311 speciali
1085 1233 1186 1294 Status
1214 1235 1294 1293 Neo-

192 1334 355 1395 Eboraoeni
368 1327 446 1412 lege²
458 1341 593 1392 statutum
606 1342 660 1402 est,
674 1351 724 1391 eos
735 1332 886 1394 tradendos
894 1333 944 1406 qui
953 1332 1131 1411 postulantur
1142 1334 1186 1392 rei
1199 1333 1294 1393 homi-

191 1433 267 1502 cidii,
278 1444 327 1492 aut
334 1434 453 1492 oliorum
463 1430 614 1489 eriminum
626 1451 689 1506 que
698 1432 811 1510 legibus
821 1433 901 1492 istius
912 1431 1008 1490 Statuas
1018 1432 1177 1510 puniuntur
1189 1444 1293 1492 morte.

191 1532 312 1593 Constat
324 1542 418 1589 autem
431 1529 546 1589 nonnisi
558 1532 590 1588 in
601 1531 666 1589 loeo
680 1533 710 1590 in
724 1551 783 1606 quo
796 1531 956 1590 admissum
969 1540 1014 1589 est
1025 1531 1135 1590 crimen
1144 1531 1293 1610 judicium

191 1631 364 1692 habendum.
406 1630 483 1688 Inter
496 1628 593 1686 Status
607 1629 757 1688 faederatos
770 1632 913 1698 convenit,
934 1642 966 1689 ut
984 1631 1037 1699 rei,
1052 1631 1217 1708 postulante
1233 1632 1294 1691 Gu-

192 1734 348 1797 bernatore,
363 1726 515 1795 tradantur,
530 1727 566 1787 ad
580 1728 691 1787 Statum
704 1727 859 1789 reducendi
872 1730 921 1789 ubi
934 1727 1090 1804 deliquisse
1103 1727 1251 1789 dicuntur.

227 1915 270 1980 (l)
289 1919 304 1943 ¹⁴
313 1911 361 1962 Mr.
373 1912 387 1961 J
391 1912 467 1962 uetioe
479 1910 552 1976 story
564 1911 624 1962 oites
634 1911 675 1963 the
692 1912 836 1976 condieting
844 1911 995 1973 authorities,
1011 1911 1072 1964 both
1081 1913 1180 1976 foreign
1191 1913 1244 1964 end
1254 1914 1297 1964 do-

190 1999 283 2057 mestic,
292 2013 326 2047 ou
334 1997 384 2046 thie
395 1997 538 2058 intemting
547 1997 677 2060 quatient
694 1997 738 2048 bnt
749 1997 873 2049 intimatos
883 2013 917 2049 no
928 1996 1054 2064 opiniou.”
1088 1997 1180 2050 We
1193 1996 1295 2050 Comm-

193 2085 244 2136 tot
258 2084 310 2134 iu.
321 2083 363 2130 37.
399 2079 467 2131 Note.

226 2168 270 2234 (2)
289 2169 305 2214 5
318 2164 397 2230 April,
411 2162 599 2223 tirunculae.

227 2255 270 2319 (³)
289 2259 304 2283 ‘⁸
313 2250 339 2301 A
350 2266 437 2316 person
450 2249 554 2312 charged
566 2249 592 2299 in
602 2265 650 2314 any
660 2257 721 2300 etate
733 2248 794 2300 with
804 2258 908 2309 tranen,
917 2251 1009 2316 selom,
1020 2267 1047 2302 or
1058 2250 1128 2302 other
1143 2253 1231 2312 crime,
1239 2255 1298 2304 who

192 2340 255 2392 shall
266 2339 311 2389 tiee
323 2338 383 2386 from
392 2337 491 2402 justine,
502 2334 551 2385 and
563 2335 593 2384 bs
605 2335 681 2384 found
692 2334 718 2384 in
731 2334 832 2384 another
841 2342 910 2392 etate,
921 2335 992 2395 shall,
1001 2352 1035 2387 on
1043 2337 1151 2387 demand
1162 2339 1192 2386 ot
1202 2337 1246 2387 the
1256 2354 1299 2388 ex-

190 2424 287 2475 eoutive
295 2421 416 2484 authority
429 2421 458 2470 os
465 2420 507 2470 the
520 2436 587 2469 nme
598 2427 659 2469 etate
670 2419 732 2469 from
743 2418 826 2468 which
837 2418 869 2469 he
880 2420 936 2479 flod,
948 2421 977 2470 be
989 2420 1109 2471 delivered
1122 2436 1165 2486 up,
1177 2431 1206 2472 to
1219 2425 1250 2472 be
1263 2440 1298 2472 re·

189 2506 275 2558 mered
285 2511 310 2553 to
319 2503 360 2553 the
371 2510 433 2552 etate
442 2501 533 2564 having
540 2502 694 2568 juridiction
706 2501 736 2550 ol
742 2502 783 2551 the
794 2500 893 2552 crime.''
925 2502 1092 2557 constitution
1104 2504 1182 2556 nithe
1196 2505 1292 2556 United

190 2588 308 2642 stateres
315 2586 437 2642 Amerina.
472 2588 525 2636 Art.
537 2587 569 2637 iv.
585 2584 624 2656 Os
629 2584 758 2656 fugitives
769 2583 841 2654 from
850 2586 955 2640 Juetice.
