2744 4980
614 1157 760 1220 CAPUT
779 1161 819 1220 11.

494 1385 532 1426 DE
547 1386 750 1427 consumma
763 1386 961 1428 BCRUPULOSA.

221 1581 250 1635 6.
265 1577 356 1642 Quen
369 1573 432 1633 lata
445 1575 554 1634 dicatur
566 1577 747 1644 conscientia,
766 1595 840 1649 quae,
860 1578 1013 1635 levissimis
1027 1575 1179 1634 rationibus
1194 1580 1272 1643 nixa,

181 1675 314 1752 pleraque
336 1674 421 1730 licere
444 1673 568 1750 judieat;
598 1672 775 1750 scrupulosa
802 1693 817 1730 e
841 1686 937 1733 eontra
958 1685 1011 1742 est,
1038 1693 1111 1747 qnae,
1134 1674 1212 1732 leves
1236 1677 1273 1734 ob

181 1791 290 1840 causas,
302 1771 408 1830 malurn
422 1771 519 1829 adesse
533 1773 692 1849 suspicatur
702 1773 730 1829 in
741 1773 848 1830 actibus
857 1773 951 1830 licitis.
972 1773 1094 1849 Angitur
1105 1772 1193 1830 homo
1208 1793 1272 1849 pee-

181 1871 236 1928 cati
258 1869 418 1937 formidine,
432 1879 460 1927 et
481 1871 608 1929 umbram
633 1870 745 1947 fugiens
765 1889 938 1943 omnemque
962 1872 1087 1946 speciem
1111 1871 1187 1937 rnali¹
1211 1873 1271 1928 sine

181 1986 267 2026 cansa
280 1968 411 2025 turbatur.
452 1968 597 2041 Equidem
611 1969 686 2044 apud
698 1967 857 2027 mundanos
867 1970 1008 2035 homines,
1024 1970 1043 2027 ii
1056 1968 1215 2043 scrupulosi
1226 1969 1272 2026 de·

180 2065 285 2143 signari
297 2077 514 2134 consueverunt,
529 2069 579 2139 qui
592 2068 725 2142 pietatem
738 2068 843 2134 colunt,
857 2068 903 2124 vel
916 2067 1082 2143 gravissima
1095 2077 1209 2141 peecata
1222 2067 1269 2124 de·

180 2162 294 2230 clinant,
308 2164 439 2236 quamvis
452 2164 577 2237 alioquin
597 2183 656 2224 non
675 2165 752 2222 inani
771 2165 907 2241 peccandi
927 2166 1090 2241 suspicione
1107 2173 1269 2223 terreantur.

90 2294 93 2307 ·
181 2261 232 2320 Sic
254 2261 437 2338 scrupulosus
456 2272 572 2321 vocatur
592 2264 642 2336 qui
662 2282 719 2321 non
740 2265 801 2321 vult
819 2263 959 2321 Ecclesia
980 2264 1074 2341 legem
1094 2260 1139 2318 die
1159 2265 1272 2321 esuriali

182 2359 302 2418 violare:
323 2358 369 2417 vel
381 2370 555 2419 contractum
568 2363 699 2435 iniquum
712 2362 784 2420 inire
804 2380 840 2419 ex
861 2380 918 2433 quo
931 2380 1065 2438 magnum
1077 2359 1188 2419 lucrum
1201 2361 1272 2419 deri-

182 2452 304 2516 vindam
318 2459 364 2515 sit.

220 2555 382 2615 'lfflausae
405 2557 602 2632 scrupulorum
622 2558 750 2635 plurimae
769 2567 958 2614 recensentur.
1000 2557 1145 2633 Imprimis
1166 2560 1273 2616 cerebri

183 2654 339 2725 infirmitas,
362 2664 390 2712 et
408 2654 556 2730 phantasia
575 2658 705 2723 excitata,
728 2675 790 2729 quar
812 2656 923 2731 species
944 2653 1080 2727 quasdam
1100 2655 1167 2712 mali
1188 2667 1272 2714 creat.

183 2751 262 2810 Huic
276 2753 368 2811 affinis
382 2761 425 2809 est
436 2753 501 2811 bilis
515 2763 582 2822 atra,
597 2773 653 2827 qna
673 2755 723 2827 qni
741 2754 868 2812 laborant
888 2752 1023 2828 peccandi
1044 2754 1170 2829 pericula
1190 2754 1271 2812 sacile

182 2852 371 2926 suspicantur.
413 2851 534 2909 Peccata
555 2854 692 2928 praeterita
714 2870 928 2924 nonnumquam
951 2860 1057 2928 angunt
1078 2853 1213 2920 animum,
1238 2872 1272 2910 ne

179 2948 277 3007 forsan
290 2949 364 3007 haud
377 2951 550 3008 enucleatius
563 2961 689 3007 enarrata
702 2951 767 3018 sint,
782 2960 810 3006 et
825 2949 944 3016 defleta;
965 2967 1180 3021 nonnumquam
1194 2970 1271 3008 men·

183 3056 239 3104 tem
253 3048 364 3105 turbant
375 3049 505 3123 plurimis
525 3047 666 3121 foedisque
687 3049 867 3124 imaginibus,
882 3048 984 3120 quibus
998 3048 1140 3119 inquinari
1162 3066 1193 3103 se
1207 3051 1271 3120 quis

183 3145 281 3212 credit,
296 3144 366 3203 adeo
377 3155 409 3203 ut
421 3145 582 3204 confitendo
595 3165 626 3203 se
640 3156 754 3203 accuset
772 3146 957 3223 plurimarum
971 3146 1127 3222 culparum,
1149 3164 1218 3217 quas
1233 3165 1274 3202 re·

183 3260 249 3300 vera
261 3262 318 3300 non
339 3243 459 3302 admisit.
501 3245 648 3303 Daemonis
670 3245 770 3301 astutia
788 3244 920 3315 frausque
939 3243 1015 3310 lacit,
1030 3254 1069 3310 ut,
1084 3244 1272 3319 periculorum

183 3340 334 3399 formidine
348 3344 479 3419 correpti,
501 3344 531 3401 in
550 3344 597 3399 via
614 3343 671 3401 Dei
692 3341 824 3419 progredi
845 3360 903 3400 non
924 3341 1086 3407 audeamus,
1107 3341 1271 3413 nullamque

182 3441 266 3498 nobis
289 3439 386 3497 salutis
409 3458 489 3515 spem
510 3459 659 3515 superesse
680 3451 820 3517 putantes,
840 3441 942 3517 jugum
966 3438 1074 3496 Christi
1095 3439 1271 3514 abjiciamus.

183 3537 324 3613 Superbia
337 3537 453 3605 accedit,
468 3556 524 3610 qna
536 3539 611 3610 quis,
625 3558 677 3598 suo
691 3541 783 3597 nitens
793 3537 914 3614 jndicio,
934 3536 969 3594 de
989 3554 1100 3594 morum
1114 3538 1272 3612 principiis,

182 3646 211 3692 et
224 3634 343 3711 singulis
356 3655 448 3694 rerum
462 3638 607 3694 eventibus
620 3637 749 3712 judicare
769 3636 946 3714 aggreditur;
968 3645 996 3693 et
1008 3633 1109 3692 ducem
1123 3653 1272 3710 respuens,

182 3752 214 3791 se
227 3733 402 3792 dubitatione
415 3745 530 3793 estuare
544 3735 638 3792 sentit.

223 3836 252 3889 8.
274 3831 421 3902 Remedia,
442 3852 493 3909 pro
511 3852 670 3901 causarum,
691 3852 708 3890 e
728 3834 829 3906 quibus
850 3832 974 3907 scrupuli
990 3831 1125 3896 oriuntur,
1140 3832 1272 3887 varietate

142 3992 144 3996 Α
184 3929 342 3987 adhibenda
354 3942 443 3990 enuit.
484 3931 657 3990 Edoeendus
677 3933 729 3989 erit
747 3934 870 4008 ignarus,
891 3941 922 3988 ut
941 3931 1013 3988 inter
1027 3938 1171 4005 peccatum
1186 3939 1214 3984 et
1227 3946 1273 3985 res

182 4028 272 4085 licitas
286 4030 377 4086 valeat
395 4030 568 4088 discernere:
590 4030 640 4103 qui
659 4031 761 4106 pusillo
782 4030 876 4087 animo
888 4038 941 4095 est,
955 4026 1153 4086 confortandus
1167 4028 1229 4095 erit,
1243 4038 1275 4083 ut

184 4137 262 4185 metu
276 4128 416 4204 deposito,
430 4146 512 4204 spem
524 4130 554 4187 in
573 4128 637 4187 Deo
657 4129 823 4186 constituat:
843 4128 894 4185 bili
914 4137 971 4183 atra
985 4126 1115 4184 laborans
1130 4123 1163 4182 ad
1176 4126 1274 4201 benig·

184 4228 249 4285 nius
275 4226 310 4285 de
331 4227 396 4285 Deo
415 4226 594 4285 sentiendum
613 4226 766 4303 urgendus.
809 4227 872 4284 Prae
894 4226 1003 4283 eaeteris
1022 4224 1111 4282 oratio
1133 4231 1177 4280 est
1198 4241 1275 4279 com·

185 4325 352 4394 mendanda,
376 4344 432 4399 qua
453 4325 549 4386 lumen
570 4335 599 4384 et
623 4325 750 4384 solamen
775 4343 855 4383 mens
879 4324 1030 4400 percipiam
1057 4333 1087 4380 et
1108 4321 1273 4381 confessarii
