2744 4980
566 1309 710 1370 CAPUT
732 1310 785 1369 VI.

356 1560 394 1599 DE
409 1559 663 1600 onmofflomnus
677 1561 780 1600 DUCUH
794 1559 834 1599 ET
849 1558 989 1599 mmm.

176 1778 242 1832 148.
267 1773 428 1833 Gnsvrrsn
441 1784 561 1851 peccant
580 1777 754 1848 quicumque
767 1776 796 1832 vi
809 1774 855 1831 vel
874 1771 973 1831 fraude
987 1771 1096 1830 milites
1110 1773 1238 1830 conscri-

134 1876 214 1940 bunt,
229 1871 306 1945 quod
328 1875 486 1950 presertim
509 1875 647 1950 contingit
668 1875 799 1933 homines
819 1871 986 1931 inebriando
1005 1882 1037 1929 ut
1059 1870 1095 1928 ad
1119 1871 1237 1949 nomina

135 1971 228 2030 denda
250 1972 358 2030 militis
382 1971 558 2031 inducantur.
600 1973 716 2032 Debent
734 1972 849 2040 idcirco,
864 1973 889 2030 si
913 1971 1034 2038 valeant,
1055 1988 1107 2028 eos
1125 1969 1238 2027 solvere

138 2070 253 2128 vinculo
267 2069 344 2141 quod
358 2072 401 2128 sui
415 2090 472 2129 non
486 2073 555 2129 satis
568 2081 715 2148 compotes
728 2072 782 2129 sibi
795 2072 961 2147 injecemnt
997 2069 1127 2146 Urgente
1141 2085 1239 2126 neces·

135 2171 217 2227 sitate
232 2167 403 2242 quandoque
426 2180 564 2247 coguntur
574 2171 650 2228 cives
661 2171 774 2247 publica
792 2170 955 2228 auctoritate
975 2167 1010 2226 ad
1028 2166 1175 2245 stipendia
1198 2166 1238 2223 sa·

137 2268 249 2335 cienda,
262 2267 341 2340 quod
355 2268 471 2340 quidem
483 2268 560 2327 licet.

179 2370 246 2424 149.
268 2367 366 2425 Duces
379 2377 497 2443 peccant
509 2368 613 2425 milites
628 2384 728 2444 aspere
742 2365 896 2432 tractando,
919 2375 948 2422 et
959 2365 1068 2423 crudeli
1081 2365 1170 2423 nimis
1185 2363 1240 2420 im·

134 2467 216 2540 perio
226 2464 371 2540 regendo:
387 2476 544 2540 temperare
553 2467 631 2524 enim
641 2474 753 2540 oportet
761 2466 940 2522 severitatem
953 2463 1112 2541 disciplinae
1123 2481 1239 2520 morum

135 2563 321 2628 humanitate,
349 2581 384 2620 ne
408 2563 607 2621 exulcerentur
628 2565 726 2621 animi.
777 2563 930 2639 Invigilare
955 2573 1048 2620 tamen
1074 2562 1239 2619 debentne

136 2663 258 2720 crimina
271 2662 388 2737 impune
403 2671 547 2737 patrentur
561 2681 626 2719 cunr
646 2662 828 2720 innoxiorum
848 2661 998 2720 hominurn
1013 2661 1137 2719 damno:
1160 2660 1240 2718 ideo·

136 2782 191 2834 que
207 2771 336 2836 peccant,
351 2762 376 2817 si
389 2779 440 2817 sua
453 2761 536 2837 culpa
549 2761 653 2819 milites
666 2761 764 2819 laxent
783 2761 858 2817 vitiis
882 2761 1018 2828 habenas,
1042 2769 1070 2815 et
1090 2760 1181 2817 aliena
1195 2759 1239 2816 di·

136 2863 249 2937 ripiant,
265 2860 311 2916 vel
325 2859 383 2916 vim
397 2859 517 2917 inserant
536 2860 677 2918 innocuis.
720 2859 845 2917 Peccant
864 2861 950 2917 etiam
971 2861 996 2916 si
1015 2859 1164 2935 negligant
1175 2860 1238 2916 vic·

136 2970 196 3015 tum
210 2976 368 3032 congruum
383 2959 418 3014 iis
439 2957 632 3035 suppeditare,
653 2968 682 3014 et
701 2958 853 3034 stipendia.
898 2958 1053 3016 Grassante
1074 2958 1151 3015 bello
1165 2976 1240 3033 prae·

137 3058 235 3115 sertim
259 3054 414 3113 curandum
438 3076 475 3114 ne
498 3056 568 3129 quid
590 3057 686 3114 oneris
709 3059 806 3129 inique
826 3058 989 3133 imponatur
1012 3056 1135 3124 civibus,
1160 3055 1241 3128 quod

138 3175 232 3214 rerum
247 3153 374 3212 conditio
388 3174 446 3213 uon
461 3156 596 3232 postulat,
611 3166 640 3212 et
663 3167 694 3213 ut
713 3174 794 3228 aeque
814 3154 998 3214 distribuatur
1010 3174 1063 3230 pro
1077 3156 1180 3213 virium
1195 3174 1241 3212 rn-

139 3257 225 3312 tione.
243 3254 410 3329 Hospitium
422 3254 531 3312 idcirco
541 3253 677 3312 militibus
691 3254 907 3331 adsignandum,
918 3253 1031 3327 qnando
1044 3255 1241 3312 necessarium

138 3355 233 3411 visum
247 3356 294 3419 sit,
310 3353 386 3427 apud
400 3355 490 3419 cives,
505 3355 617 3411 numeri
632 3365 660 3411 et
672 3355 776 3411 virium
790 3356 974 3429 proportione
987 3363 1106 3410 servata.
1149 3352 1241 3410 Seve-

139 3454 251 3509 rissime
266 3450 418 3509 vetandum
431 3471 468 3510 ne
481 3451 744 3518 innoxioslaedant,
759 3453 806 3508 vel
819 3453 965 3529 regionem
978 3453 1161 3528 populentur.
1204 3451 1241 3509 ln

138 3568 233 3624 pugna
247 3551 310 3625 ipsa
330 3548 417 3607 duces
431 3551 512 3608 decet
535 3553 633 3610 animo
655 3562 683 3609 et
703 3552 803 3609 virtute
824 3552 957 3610 omnibus
975 3552 1088 3627 pruine,
1104 3551 1241 3623 quamvis

139 3667 197 3706 non
210 3645 331 3704 debcant
342 3666 374 3703 se
390 3659 495 3705 temere
511 3651 635 3725 objicere
649 3649 818 3716 discrimini,
839 3669 876 3708 nc
896 3661 987 3709 turma
999 3660 1091 3707 careat
1103 3649 1233 3729 dume.

140 3747 224 3807 Nihil
235 3755 329 3805 autern
345 3747 430 3804 nimis
445 3747 636 3822 periculosum
652 3748 859 3824 injungendum
872 3759 916 3807 est
927 3750 1020 3815 militi,
1031 3750 1086 3807 nisi
1102 3750 1139 3807 ob
1151 3748 1242 3806 mnni-

138 3847 240 3904 fcstsm
264 3847 479 3903 necessitatem:
512 3865 567 3905 nec
586 3856 728 3906 certamen
754 3857 860 3906 temere
888 3848 1054 3915 ineundum,
1081 3847 1133 3905 sed
1155 3848 1238 3906 omni

138 3946 232 4003 studio
246 3944 455 4003 consulendum
467 3954 512 4001 est
526 3947 650 4004 militurn
671 3947 744 4006 vitae.
786 3948 866 4024 Erga
885 3949 983 4007 hostes
997 3949 1038 4006 uti
1057 3948 1124 4005 licet
1136 3948 1241 4004 virtute

139 4056 186 4100 ant
199 4043 276 4109 dolo,
290 4063 383 4132 pam:
406 4044 527 4100 “virtus
549 4063 587 4101 an
607 4044 689 4103 dolus
717 4047 781 4118 quis
805 4048 834 4105 in
854 4047 935 4105 hoste
955 4045 1123 4120 requiratl”
1145 4047 1240 4104 celare

138 4159 190 4197 sua
209 4143 337 4210 consilia,
359 4143 458 4201 itinera
479 4141 617 4201 inchoare
637 4162 700 4216 quae
721 4146 858 4221 perficere
881 4165 1061 4220 nequaquam
1075 4145 1185 4214 volunt,
1209 4155 1240 4201 et
