2744 4980
489 841 646 908 'CAPUT
666 845 705 908 Il.

472 1062 510 1101 DE
532 1064 610 1103 LEGE
632 1063 735 1104 elvltl.

99 1239 129 1294 8.
152 1235 219 1296 Lex
240 1238 332 1296 civilis
356 1237 467 1297 definiri
486 1251 579 1316 potest
601 1259 681 1314 aequa
703 1239 841 1298 ordinatio
864 1240 969 1299 stabilis
992 1238 1026 1297 ad
1047 1239 1153 1297 bonum

58 1337 208 1411 publicum
234 1337 347 1395 condita
372 1348 400 1394 et
427 1338 603 1416 promulgata
629 1356 798 1416 asuprema
823 1349 947 1416 potesate
973 1357 1038 1395 eum
1066 1338 1154 1394 inten-

55 1435 136 1492 tione
163 1435 305 1512 obligandi
332 1434 471 1494 subditos.
513 1434 617 1515 AEqtaea
649 1438 687 1496 sit
711 1448 832 1515 oportet,
860 1446 889 1493 et
916 1437 1022 1494 viribus
1049 1435 1153 1493 rivium

56 1533 275 1592 subditorumve
299 1544 488 1611 attemperata,
510 1555 576 1594 nam
597 1546 711 1594 “nemo
732 1536 765 1594 ad
787 1535 963 1612 impossibile
983 1530 1153 1610 obligatur.”

60 1629 173 1708 lnjusta
186 1641 278 1691 autern
293 1631 432 1691 ordinatio
454 1633 524 1711 legis
546 1654 651 1693 nomen
673 1654 730 1693 non
753 1645 892 1692 meretur:
915 1631 1049 1698 “mihi’'
1065 1631 1155 1703 inquit

58 1729 248 1806 Augustinus,
263 1740 283 1766 ‘⁸
295 1732 343 1790 lex
357 1750 421 1789 esse
435 1752 494 1791 non
504 1734 614 1792 videtur
624 1753 687 1807 quae
697 1733 775 1810 justa
785 1752 842 1791 non
851 1725 980 1790 suerit.'’¹
1020 1731 1155 1803 Aliquan-

59 1827 98 1886 do
126 1841 220 1888 tamen
248 1832 343 1906 gravia
372 1831 558 1907 imponuntur
584 1851 671 1891 onera
697 1843 813 1908 urgente
839 1830 951 1908 publiea
976 1831 1153 1887 necessitate.

63 1925 192 1984 stabitis
206 1927 356 1997 ordinatio,
372 1931 400 1987 in
415 1942 584 2007 perpetuum
606 1931 715 2003 seilicet
734 1929 799 1998 lata,
812 1929 857 1986 vel
877 1928 912 1985 ad
932 1939 1043 2004 ternpus
1057 1926 1156 1984 defini·

60 2036 130 2092 turn,
145 2025 193 2083 lex
213 2038 266 2095 est,
282 2046 344 2100 quae
358 2029 435 2087 enirn
444 2030 580 2106 jubentur
599 2029 666 2088 huie
680 2028 725 2086 vel
739 2027 778 2086 illi
799 2027 888 2085 semel
902 2027 1038 2084 itemrnve
1053 2026 1156 2083 sacien-

59 2123 104 2185 da.
133 2136 340 2201 praeceptorum
366 2128 453 2184 instar
478 2139 552 2186 sunt.
604 2127 656 2187 Ad
680 2127 792 2186 bonam
813 2143 968 2184 commune
990 2124 1067 2201 leges
1090 2123 1156 2180 diri·

59 2233 160 2300 gantur
183 2242 301 2282 neeesse
325 2236 377 2291 est,
403 2226 478 2284 salus
502 2227 578 2285 enim
602 2226 701 2304 populi
724 2244 856 2302 suprema
879 2234 922 2281 est
940 2224 997 2281 lex.
1040 2223 1154 2281 Bonum

60 2321 205 2399 publicum
218 2322 266 2380 hie
281 2323 446 2400 intelligitur
460 2324 529 2382 ordo
543 2337 571 2383 et
584 2325 769 2399 tranquillitas
787 2325 940 2390 societatis,
960 2332 988 2379 et
1000 2322 1075 2395 quod
1090 2339 1155 2378 eum

62 2419 224 2496 reipublieae
248 2422 412 2480 utilitatibus
441 2425 641 2501 conjungitur:
674 2422 721 2480 hie
748 2423 824 2480 enim
851 2421 916 2478 finis
942 2430 985 2477 est
1010 2420 1157 2496 regiminis

60 2519 165 2576 civilis.
208 2517 410 2598 Promulgnri
424 2520 508 2579 debet
520 2523 567 2580 lex
582 2534 612 2579 ut
622 2521 751 2579 subditos
765 2519 844 2596 liget,
858 2518 908 2576 sed
930 2526 949 2552 ‘⁶
959 2518 987 2575 in
1002 2516 1157 2575 favorabili·

60 2619 110 2674 bus
128 2620 290 2676 necessaria
303 2639 359 2677 non
374 2632 418 2677 est
437 2613 677 2697 promulgatio.’'²
718 2617 804 2694 Apud
824 2636 876 2675 nos
896 2615 1074 2692 promulgata
1094 2633 1158 2672 een·

60 2726 136 2772 setur
149 2714 207 2783 lex,
223 2719 315 2774 statim
330 2738 361 2775 ae
382 2719 435 2775 lata
455 2717 536 2776 suerit
547 2712 570 2785 ;³
591 2718 717 2794 exceptis
738 2716 882 2775 nonnullis
903 2715 1037 2781 statibus,
1052 2716 1081 2772 in
1095 2716 1156 2787 qui·

62 2815 112 2871 bus
127 2811 253 2889 viginti,⁴
267 2810 402 2892 triginta,⁵
417 2815 460 2873 vel
480 2808 642 2894 sexaginta⁶
656 2817 716 2874 (lies
730 2816 874 2874 elabantur
894 2832 1010 2873 neeesse
1025 2825 1068 2870 est
1081 2827 1157 2870 ante·

65 2931 149 2984 quam
166 2914 224 2970 vim
238 2914 348 2972 habeat.
393 2926 411 2950 ‘⁶
422 2915 455 2972 ln
471 2917 565 2974 Gallia
587 2915 659 2993 legis
672 2913 861 2992 promulgatio
875 2914 905 2970 fit
918 2931 970 2989 per
983 2911 1057 2970 illius
1072 2914 1159 2969 inser·

65 3012 172 3069 tionem
187 3013 215 3069 in
231 3013 337 3070 tabulas
351 3008 495 3090 legum.’'⁷

103 3112 132 3166 9.
156 3109 287 3169 Fuerunt
301 3115 350 3185 qui
372 3111 574 3171 contenderent
593 3111 691 3189 populi
706 3128 877 3167 eonsensum
899 3107 1005 3181 requiri
1024 3109 1107 3166 etiam
1132 3113 1161 3167 in

66 3207 159 3284 regnis
174 3222 202 3264 et
227 3209 364 3286 imperiis,
385 3226 417 3268 ut
438 3211 517 3288 leges
541 3213 598 3268 vim
621 3210 766 3276 haberent,
789 3207 919 3265 dicebant
941 3207 1018 3266 enirn
1040 3227 1088 3264 eas
1109 3208 1161 3266 hae

67 3307 146 3363 tacita
161 3306 325 3366 conditione
341 3310 417 3378 ferri,
433 3312 457 3368 si
472 3331 488 3366 a
501 3311 610 3387 populo
624 3308 893 3382 suerintacceptatae.
936 3303 1160 3376 ItaCanonistae‚

67 3417 91 3461 et
112 3403 232 3463 Juristae
247 3411 443 3475 communiter,
460 3410 524 3466 item
547 3410 675 3466 Navarre
697 3408 786 3473 Azor9
808 3406 922 3478 aliique.
964 3405 1072 3463 Favere
1086 3406 1163 3463 vide·

66 3504 165 3562 bantur
180 3504 260 3581 plura
271 3508 345 3582 juris
360 3509 518 3566 axiomata:
542 3517 560 3543 ¹⁶
570 3509 649 3585 leges
663 3508 846 3566 instituuntur
856 3502 969 3578 quando
983 3504 1163 3581 promulgan-

98 3684 138 3746 (1)
159 3681 188 3732 L.
200 3681 216 3730 i.
228 3680 258 3730 de
270 3681 310 3730 lib.
320 3683 369 3730 arb.
379 3697 399 3730 e.
412 3697 434 3728 v.
641 3679 682 3744 (2)
702 3678 769 3728 luris
779 3679 882 3727 axioma.

99 3767 142 3830 (3)
162 3773 209 3815 “A
228 3773 317 3815 statute
328 3768 349 3816 is
366 3775 390 3815 to
408 3774 503 3831 operate
522 3766 582 3815 from
601 3763 642 3814 the
659 3780 716 3827 very
735 3763 781 3826 day
791 3763 811 3812 it
822 3758 928 3827 pessa-’⁹
962 3758 1051 3809 Kent'r
1064 3758 1160 3808 Corum.

65 3849 121 3899 Vol.
134 3851 150 3898 i.
161 3865 186 3914 p.
196 3853 220 3899 ³.
231 3849 289 3900 Lec-
302 3866 342 3899 ιι.

97 3935 137 3998 (4)
157 3932 223 3982 Now
234 3933 311 3983 York.
480 3933 522 3997 (b)
543 3931 740 3981 Massachusetts.
909 3927 948 3992 (6)
968 3925 1124 3992 Mississippi.

99 4018 143 4081 (7)
164 4015 260 4067 Cursus
271 4010 359 4099 w
370 4017 426 4067 Vol.
439 4018 480 4067 rii.
492 4017 537 4066 eol.
546 4019 602 4064 557.
615 4024 672 4065 nota
687 4017 709 4061 1.

107 4112 184 4172 Von.
207 4112 313 4171 1.-24
