2744 4980
437 417 493 476 DE
514 417 666 476 RERUM
686 416 916 478 DIVISIONE.
1090 372 1098 391 ·
1163 431 1224 485 237

126 581 256 660 scriptio
271 576 365 640 aulem
378 590 452 638 certe
466 582 541 639 valet
553 592 619 660 post
629 582 829 659 longissimum
847 585 983 660 temporis
996 585 1119 663 lapsum,
1133 589 1159 646 si
1172 607 1222 665 po·

126 689 217 738 testas
231 690 365 756 usurpata
378 681 407 738 iu
421 681 591 757 populorum
605 681 751 740 utilitatem
764 693 937 740 exerceatur.

172 783 201 836 θ.
223 779 342 837 Sedium
355 781 503 855 occupatio
517 780 551 837 ad
561 781 609 857 jue
623 782 750 857 gentium
768 780 903 848 refertum
924 800 1013 855 quum
1032 785 1110 843 enim
1124 786 1221 861 generi

128 876 259 936 humano
282 887 355 937 totns
378 887 513 936 terrarum
536 879 611 935 orbis
635 879 888 939 inhabitationem
909 880 1042 941 divininre
1064 883 1146 942 datus
1167 885 1220 950 sit;

130 976 201 1033 licet
218 977 295 1053 genti
315 977 504 1035 numerosiori
524 995 612 1035 novas
634 978 784 1050 exquirere
805 980 937 1055 regiones
959 980 990 1037 in
1012 983 1116 1054 quibus
1136 982 1222 1041 vitam

132 1074 246 1150 degant.
280 1074 378 1132 Nemo
390 1075 506 1148 quidem
519 1078 623 1147 estqui
638 1086 725 1135 terras
736 1078 838 1136 incolis
852 1096 954 1135 vacuas
967 1079 1059 1153 primd
1073 1081 1222 1157 occupanti

133 1175 176 1230 sic
190 1172 289 1230 cedere
303 1185 403 1249 neget:
425 1173 517 1230 sedet
536 1175 666 1249 regiones
686 1186 772 1233 vastae
792 1195 862 1248 quas
882 1176 1011 1234 incolunt
1028 1179 1159 1236 homines
1173 1198 1223 1238 nu·

134 1290 213 1329 mero
227 1273 318 1347 pauci,
333 1281 362 1328 et
373 1273 539 1348 sylvestres,
554 1290 605 1330 seu
619 1274 737 1341 barbari,
755 1283 875 1350 possunt
886 1277 1019 1350 occupari
1040 1277 1069 1334 in
1090 1279 1134 1334 sui
1148 1276 1222 1334 utili·

134 1364 244 1438 tatem,¹
258 1380 286 1427 et
298 1370 333 1427 ad
345 1371 463 1428 humani
476 1371 587 1448 generis
601 1372 699 1439 decue,
713 1382 744 1429 ut
755 1371 886 1430 homines
907 1371 1049 1448 pecudum
1063 1374 1120 1433 sere
1134 1376 1222 1433 instar

135 1463 278 1527 viventes²
291 1469 325 1526 ad
339 1488 432 1527 mores
447 1470 585 1528 humanos
599 1470 785 1538 traducantur3
800 1480 831 1528 nt
848 1470 921 1528 nihil
940 1471 1066 1530 dicamus
1080 1471 1115 1530 de
1129 1472 1225 1532 Evan-

134 1568 201 1644 gelii
215 1569 313 1626 notitia
333 1568 579 1636 communicanda,
600 1589 663 1642 quse
685 1568 793 1627 Christi
812 1570 966 1627 cultoribus
987 1571 1128 1647 imprimis
1149 1573 1223 1630 esti·

134 1667 239 1725 manda
260 1661 329 1723 est³
369 1666 589 1726 Consueverunt
610 1679 703 1727 antem
726 1670 775 1739 qui
795 1687 898 1726 novam
920 1667 1055 1746 detegunt
1065 1671 1222 1745 regionem,

135 1765 256 1824 aedificia
268 1776 415 1839 trrrresque
430 1766 550 1824 munitas
564 1767 594 1824 iu
607 1786 641 1824 ea
659 1775 798 1833 extruere,
819 1775 847 1822 et
866 1766 976 1837 aliquos
989 1767 1028 1825 ibi
1041 1768 1223 1834 coustinrere,

134 1867 184 1936 qui
198 1867 291 1941 gentis
303 1865 419 1923 nomine
433 1861 607 1940 occupent:⁴
626 1883 830 1937 nonnunquam
851 1874 945 1922 tamen
958 1866 1026 1922 satis
1039 1865 1143 1924 habent
1155 1883 1223 1924 vex·

131 1963 227 2030 illum,
241 1981 291 2022 sen
305 1973 521 2022 monumentum
534 1963 744 2036 quodcumque,
758 1964 788 2021 iu
802 1980 836 2020 ea
848 1963 965 2039 erigere.

169 2137 211 2200 (l)
227 2134 358 2186 consentit
369 2135 491 2186 Vattelius
503 2135 567 2200 juris
577 2135 688 2197 gentium
705 2136 806 2201 scriptor
816 2135 920 2186 nimium
930 2136 1057 2188 laudatus:
1073 2137 1174 2188 “Their
1192 2153 1227 2188 re·

134 2221 236 2282 mering
247 2221 310 2270 their
320 2220 466 2270 habitatione
478 2220 584 2281 through
602 2220 669 2270 these
680 2221 800 2270 immense
816 2221 921 2282 regiona
931 2229 1024 2271 cannot
1034 2223 1064 2270 be
1075 2223 1149 2272 tahan
1159 2222 1197 2272 lor
1212 2237 1227 2271 a

132 2314 187 2353 true
199 2305 248 2353 and
260 2305 323 2366 legal
333 2306 487 2369 possession;
505 2304 553 2353 and
566 2303 607 2352 the
624 2305 710 2369 people
727 2305 756 2353 ol
768 2304 877 2368 Europe,
887 2313 928 2354 too
941 2305 1032 2369 closely
1044 2313 1104 2369 pent
1113 2320 1154 2369 up,
1165 2303 1228 2354 lind·

134 2388 288 2448 iuglandes
300 2389 382 2438 which
393 2389 461 2438 these
472 2388 570 2438 uadens
586 2404 627 2437 are
644 2390 670 2438 in
687 2405 720 2438 no
736 2389 866 2453 particular
878 2398 951 2447 want,
967 2388 1015 2438 and
1033 2391 1062 2438 ot
1074 2389 1157 2439 which
1169 2389 1227 2453 they

135 2472 207 2520 malae
219 2487 252 2521 no
264 2473 344 2522 actual
354 2472 403 2522 and
414 2480 526 2522 constant
538 2487 591 2531 usa,
602 2488 658 2535 may
669 2472 777 2536 lswlully
788 2487 885 2536 possess
896 2473 923 2530 it,
934 2471 982 2522 and
995 2471 1110 2522 establish
1121 2472 1229 2523 colonias

135 2554 228 2605 there.”
250 2555 300 2606 tte
312 2558 376 2607 Low
387 2555 419 2624 os
432 2556 544 2618 Nationes,
555 2559 587 2621 by
598 2557 633 2606 M.
647 2556 685 2605 De
696 2557 785 2607 Vattel.
795 2557 811 2606 l.
822 2559 838 2606 i.
850 2573 871 2606 c.
885 2557 951 2607 xriii.
964 2561 978 2616 ς
990 2558 1046 2608 2⁰8.

169 2643 208 2700 (Ξ)
222 2639 356 2690 Robertson
369 2641 399 2689 de
415 2641 546 2691 viatoribus
558 2641 600 2704 qui
612 2640 725 2690 homines
742 2641 871 2704 sylvestres
888 2641 1024 2691 inviserunt
1040 2641 1112 2690 dicit:
1131 2639 1229 2704 “They

137 2725 199 2774 hare
210 2726 272 2774 bean
284 2726 423 2775 astonished
434 2727 481 2776 and
493 2726 609 2776 humbled
622 2726 682 2776 with
697 2726 826 2788 observlng
838 2724 895 2775 hess
906 2726 989 2789 nearly
1001 2742 1061 2776 man
1071 2727 1099 2776 in
1110 2725 1159 2776 this
1170 2740 1228 2776 eou-

135 2809 212 2859 ditlon
224 2810 372 2874 approacbes
384 2818 408 2859 to
420 2811 462 2859 tha
472 2812 541 2860 brute
552 2809 683 2860 creation.”
701 2810 802 2874 History
814 2810 842 2860 ol
857 2810 1001 2867 Americal.
1013 2811 1044 2858 iv.
1056 2814 1070 2868 ς
1084 2810 1109 2858 ii.

170 2891 213 2957 (³)
228 2894 289 2942 Haec
305 2893 447 2955 adsignatur
464 2894 584 2959 precipua
595 2893 656 2942 ratio
673 2893 699 2942 in
711 2893 797 2943 celebri
816 2891 890 2944 Bulla
901 2891 1035 2942 Alexandri
1046 2891 1090 2942 Vl.
1102 2907 1157 2956 quas
1170 2891 1230 2941 inci·

136 2980 184 3044 pit:
205 2980 275 3031 Inter
281 2986 374 3031 estere
393 2982 437 3030 Vis
449 2981 549 3030 radonis
560 2997 591 3030 ax
603 2981 710 3030 hominia
721 2980 809 3030 virtute
822 2997 871 3031 non
884 2981 982 3045 pendet.

170 3062 213 3128 (d)
227 3063 257 3112 ln
276 3063 349 3113 Bulla
366 3063 511 3128 praelaudata
535 3064 639 3114 dicitur:
655 3063 792 3128 “prelatus
807 3063 996 3129 christophorus
1016 3060 1182 3128 (catomum)
1203 3064 1230 3114 in
1256 3052 1257 3056 ¹

136 3162 184 3196 nna
196 3162 227 3196 ex
240 3147 414 3211 principalibus
424 3148 512 3197 insulis
528 3147 648 3212 predictis
661 3149 714 3212 jam
726 3163 802 3197 uuam
820 3149 906 3197 turrim
923 3149 983 3197 satis
1001 3148 1131 3206 munitam,
1142 3148 1169 3196 in
1181 3163 1231 3210 qus

137 3242 216 3282 certos
227 3232 391 3292 Christianos,
402 3233 445 3296 qni
456 3249 540 3282 aecum
552 3233 654 3292 inerant,
671 3233 697 3282 in
714 3233 858 3292 custodiam,
870 3242 894 3282 et
905 3241 933 3282 ut
945 3233 1004 3282 alias
1014 3233 1110 3281 insulas
1121 3240 1145 3281 et
1157 3240 1231 3280 terras

136 3319 227 3377 firmas,
250 3326 354 3367 remotas
374 3326 399 3368 et
421 3318 566 3380 incognitas,
583 3318 739 3381 inquirerent,
761 3318 849 3383 posuit,
861 3317 971 3366 construi
989 3314 1138 3365 stedificari
1149 3313 1229 3364 lecit.'‘

135 3404 223 3463 Quum
235 3403 287 3452 laec
297 3403 369 3453 luerit
383 3404 438 3467 juro
449 3403 560 3464 gentium
571 3403 631 3451 ratio
641 3409 715 3451 terras
732 3401 876 3464 occupandi,
893 3401 969 3463 liquet
984 3400 1129 3449 Pontificem
1145 3414 1231 3462 agnos-

135 3504 200 3547 cere,
212 3489 306 3537 sancire
317 3496 342 3537 et
353 3490 453 3552 probare
461 3491 503 3553 jus
521 3490 584 3550 regis
599 3486 791 3551 Hispaniarum:
810 3485 875 3549 quod
893 3496 974 3536 sutem
991 3485 1064 3535 dicit:
1083 3492 1097 3518 ⁸¹
1106 3485 1136 3535 de
1147 3494 1231 3535 nestra

134 3588 203 3622 mera
214 3573 362 3628 liberalitate,
378 3581 403 3621 et
419 3589 450 3621 ox
469 3581 534 3622 certa
553 3571 661 3630 scientia,
678 3579 703 3620 et
719 3571 750 3620 da
766 3569 913 3634 Apostolien
931 3571 1057 3634 potestatis
1076 3570 1229 3634 plenitudine

134 3673 222 3707 amnes
234 3657 327 3707 insulae
338 3666 363 3707 et
374 3667 447 3708 terras
458 3658 548 3715 firmas,
565 3657 676 3707 inventas
686 3665 712 3706 et
728 3656 887 3705 inveniendas
899 3687 905 3702 ·
918 3689 924 3703 .
936 3690 943 3704 .
955 3655 1100 3705 auctoritate
1112 3655 1233 3719 Omnipo-

134 3743 210 3792 tentis
222 3742 269 3791 Dei
281 3743 360 3792 Nobis
372 3744 399 3792 in
417 3742 494 3792 Beato
511 3742 582 3791 l’etro
599 3757 767 3791 concessa...
780 3741 806 3790 in
825 3749 967 3805 perpetuum
986 3748 1068 3790 terrore
1077 3739 1231 3804 praesentium

133 3826 264 3884 donamus,
280 3828 438 3876 concedimus
456 3835 480 3875 st
498 3827 651 3887 assignamus
660 3824 683 3883 ;”
702 3825 888 3886 intelligendum
905 3833 941 3873 est
953 3824 983 3872 da
995 3823 1145 3887 amplissima
1161 3834 1231 3869 sane·

136 3913 204 3962 tiene
215 3929 264 3977 qua
276 3913 306 3961 ab
323 3914 426 3963 aliorum
447 3913 575 3962 conatibus
589 3913 632 3976 jue
649 3911 709 3960 illud
721 3910 879 3959 defendatur:
899 3916 987 3958 notum
1003 3908 1094 3971 quippe
1111 3913 1148 3954 est
1160 3905 1233 3954 verba

134 3997 176 4046 illa
187 3997 296 4047 adhiberi
313 4000 386 4063 Juxta
396 3998 488 4062 stylum
499 3997 573 4047 curie
586 4004 614 4046 ut
626 3995 769 4045 latissimam
781 3994 970 4057 explicationem
981 3991 1087 4054 excipiat
1098 3988 1230 4039 decretum.

138 4080 202 4130 Vide
214 4097 268 4145 qne
280 4082 474 4146 supradiximus
491 4085 561 4131 trust.
574 4079 604 4130 de
620 4077 718 4143 legium
735 4075 823 4127 ecel-c.
835 4077 875 4125 sii.
887 4092 912 4125 n.
929 4077 970 4123 et.
1005 4072 1128 4138 Equidem
1139 4080 1235 4123 constat

137 4181 219 4228 regem
238 4167 429 4231 Hispaniensem
449 4165 600 4230 pontificiam
616 4164 769 4214 sanctionem
789 4161 931 4224 quaesivisse
949 4159 981 4209 sd
997 4158 1156 4224 precavends
1173 4159 1236 4221 regis

138 4249 252 4301 Lusitani
264 4251 369 4316 incepta,
380 4252 421 4301 cni
429 4253 482 4316 jam
494 4249 614 4299 Nicolaus
626 4247 657 4296 V.
669 4262 735 4297 anno
750 4248 822 4303 1454,
831 4247 874 4311 Jns
886 4245 912 4294 in
921 4243 1045 4294 Guinaam
1057 4243 1236 4299 sindicavarstr

138 4351 167 4386 ee
176 4336 269 4402 qnippe
282 4352 334 4387 erc
347 4335 458 4402 pontifex
469 4334 646 4400 agnoscebatur
654 4332 747 4398 Jurium
757 4332 851 4382 arbiter.
878 4327 1002 4380 Ceterum
1014 4327 1065 4392 regi
1076 4325 1238 4393 Hispaniensi
