2744 4980
457 414 515 474 DE
536 413 701 483 QUINTO
721 415 973 476 PRAEOEP'I'O.
1207 425 1265 483 lla

163 580 279 639 exitum
292 580 420 638 habitura
438 579 573 637 videatur.
616 579 744 638 Plurima
765 582 899 658 exempla
921 580 1079 640 reseruntur
1101 604 1117 641 a
1140 582 1262 666 Gangis·

164 681 236 737 mila
250 681 280 738 in
295 698 382 756 opere
396 677 471 737 dicto
485 696 572 738 sacra
585 676 833 759 Embryologio3
855 679 905 736 sed
919 688 946 736 et
959 681 988 737 in
1008 680 1061 738 hac
1074 682 1137 759 ipsa
1150 687 1219 744 urbe
1233 687 1263 744 in

163 797 224 849 qua
237 779 398 846 scribimus,
413 787 457 834 est
471 778 645 850 mulierque
659 779 703 835 bis
717 788 781 836 ante
795 778 902 850 aliquot
915 797 1005 836 anuos
1019 779 1109 839 incisa
1118 791 1171 850 est,
1183 784 1262 861 puel·

164 877 195 934 la
208 885 237 933 et
251 895 340 952 puero
352 895 390 934 ex
403 876 489 934 latere
502 876 621 944 eductis,
644 877 693 948 qui
706 879 805 934 vivunt
817 876 909 933 adhuc
923 885 951 933 et
972 877 1079 953 vigent,
1094 889 1181 938 matre
1195 900 1262 941 cum

165 975 224 1032 illis
239 976 485 1034 bonavaletudine
498 975 617 1033 fruente
660 973 805 1033 Caeterum
825 976 968 1032 neminem
989 976 1045 1034 uisi
1059 979 1261 1073 peritissimiim

162 1073 315 1149 chirurgiae
329 1074 432 1132 debere
446 1072 475 1132 id
490 1072 604 1150 aggredi
617 1073 715 1144 liquet
759 1041 855 1131 Sectio
876 1083 969 1131 autem
989 1077 1070 1144 uteri,
1086 1086 1172 1134 matre
1186 1096 1260 1138 mor·

162 1182 222 1237 tua,
238 1190 295 1229 nou
310 1182 412 1230 tantam
427 1173 517 1248 exigit
528 1173 669 1248 peritiam,
683 1182 712 1229 et
733 1171 861 1230 iacienda
880 1183 924 1228 est
946 1174 1049 1242 statim,
1074 1172 1184 1247 quoties
1204 1175 1262 1235 ulla

162 1281 208 1327 est
234 1288 302 1346 spes
321 1271 419 1330 soetum
440 1270 531 1328 adhuc
551 1271 666 1329 vivere:
688 1273 727 1329 ita
746 1272 822 1329 enim
843 1271 1002 1347 praescribit
1021 1272 1133 1331 Rituale
1154 1274 1259 1333 Roma·

168 1363 265 1426 num.¹

481 1534 497 1608 §
517 1533 571 1591 IV.
593 1534 641 1591 Da
662 1553 709 1593 sur
730 1553 942 1594 risissemus.

204 1715 272 1769 121.
293 1711 389 1777 Quum
408 1710 537 1769 occidere
555 1722 630 1768 vetet
647 1712 706 1780 lex,
728 1713 857 1789 seipsum
876 1715 985 1772 nemini
1001 1713 1068 1770 licet
1079 1714 1252 1772 interficere:

160 1809 239 1881 quod
253 1811 309 1885 ipsi
319 1820 422 1866 naturae
437 1810 584 1868 dictamini
596 1821 625 1866 et
638 1811 780 1868 instinctui
794 1830 910 1886 prorsus
920 1821 1067 1888 repugnat.
1110 1811 1255 1884 Equidem

159 1907 238 1976 Deo,
256 1909 360 1966 auctori
383 1921 490 1976 nostro,
513 1909 545 1966 fit
561 1909 676 1985 injuria,
698 1909 766 1966 dum
787 1911 852 1981 quis
876 1920 997 1969 mortem
1017 1910 1071 1966 sibi
1093 1910 1254 1976 consciscit,

158 2006 238 2063 haud
253 2016 398 2083 expectato
412 2009 474 2064 vitae
489 2008 612 2065 termino
623 2026 708 2079 quem
721 2026 834 2064 summo
847 2011 959 2066 arbitrio
969 2008 1124 2065 constituit.
1166 2007 1255 2083 Igitur

159 2123 213 2161 nec
228 2107 291 2162 vitae
312 2124 499 2163 aernmnarum
514 2105 606 2174 taedio,
622 2125 675 2162 nec
688 2106 824 2181 peccandi
838 2119 925 2174 metu,
940 2126 993 2165 nec
1008 2107 1065 2164 Dei
1078 2105 1256 2182 adipiscendi

157 2201 302 2260 desiderio
312 2214 430 2261 mortem
440 2215 573 2281 appetere
581 2206 665 2262 licet:
688 2213 707 2239 “
719 2204 786 2262 Hoc
794 2204 948 2272 dicimus,”
963 2205 1254 2280 inquitAugustinus‚

158 2301 245 2359 “hoc
259 2302 424 2371 asserimus,
445 2303 500 2360 hoc
521 2303 614 2361 modis
634 2303 765 2360 omnibus
779 2306 985 2378 approbamus:
1008 2303 1153 2361 neminem
1167 2321 1254 2378 spon·
1310 2336 1317 2343 ·

156 2409 270 2457 taneam
284 2411 405 2459 mortem
428 2402 482 2458 sibi
503 2401 606 2460 inferre
630 2399 742 2467 debere,
762 2402 840 2458 velut
856 2401 991 2479 fugiendo
1014 2401 1161 2458 molestias
1183 2411 1253 2458 tem·

156 2498 281 2573 pordes,
296 2518 331 2556 ne
346 2499 450 2557 incidat
472 2501 503 2557 in
523 2512 692 2576 perpetuas;
714 2501 858 2558 neminem
879 2510 994 2576 propter
1015 2500 1108 2558 aliena
1127 2508 1252 2576 peccata,

156 2616 195 2654 ue
209 2598 264 2654 hoc
278 2598 342 2673 ipso
356 2599 471 2674 incipiat
483 2599 586 2658 habere
601 2599 800 2676 gravissimum
810 2601 967 2675 proprium,
979 2618 1064 2672 quern
1075 2618 1132 2655 non
1146 2598 1253 2673 pollue·

156 2697 205 2752 bat
218 2695 361 2762 alienum3
383 2698 527 2754 neminem
547 2708 661 2774 propter
683 2717 736 2754 sua
755 2708 870 2773 peccata
884 2701 1033 2772 praeterita,
1055 2706 1169 2772 propter
1189 2713 1253 2766 quae

157 2796 250 2870 magis
273 2794 326 2851 hac
348 2796 405 2852 vita
428 2814 500 2870 opus
520 2807 574 2863 est,
601 2807 632 2853 ut
651 2797 763 2871 possint
785 2795 949 2871 poenitendo
973 2796 1084 2860 sana1·i;
1106 2793 1253 2851 neminem

156 2893 236 2950 velut
248 2892 390 2950 desiderio
404 2894 529 2951 melioris
552 2896 626 2961 vitae,
641 2912 706 2966 quaa
728 2904 925 2969 postmortem
939 2902 1088 2968 speratur;
1109 2892 1175 2963 quia
1188 2908 1252 2948 reos

156 3010 216 3049 suae
232 2992 328 3049 mortis
343 2992 443 3048 melior
464 3002 660 3067 postmortem
681 2992 739 3048 vita
762 3010 820 3049 nou
843 2984 1013 3067 suscipit.”²
1053 2990 1145 3049 Furor
1158 2989 1206 3048 ille
1219 3007 1252 3047 se

155 3089 344 3147 interficiendi
366 3109 403 3146 ex
425 3090 532 3166 pudore
554 3091 715 3149 vehementi
738 3091 774 3147 ob
803 3089 937 3147 delictum
959 3090 1125 3157 admissum,
1146 3088 1192 3146 vel
1213 3106 1253 3147 ex

157 3207 345 3246 aerumnarum
369 3187 451 3245 taedio
472 3189 639 3264 plerumque
653 3190 785 3254 nascitur,
800 3199 828 3246 et
841 3191 968 3246 animum
988 3187 1082 3264 prodit
1096 3186 1251 3253 infidelem,

157 3288 202 3344 oui
215 3286 250 3344 de
264 3288 348 3344 rebus
362 3286 446 3344 futuri
460 3287 557 3345 saeculi
577 3299 625 3345 aut
643 3289 720 3345 nulla
742 3298 790 3343 aut
811 3289 919 3344 incerta
938 3297 982 3342 est
1001 3285 1159 3342 sententia:
1184 3301 1252 3354 qua·

157 3396 272 3461 propter
284 3384 361 3461 apud
376 3385 474 3443 Gallos
496 3388 620 3444 maxime
643 3386 762 3443 increvit
782 3403 819 3441 ex
840 3403 898 3456 quo
911 3385 940 3441 in
953 3383 1041 3440 fidem
1055 3381 1251 3440 Christianam

158 3482 321 3541 debacchati
335 3494 401 3542 sunt
415 3485 570 3542 Voltairius
584 3486 698 3556 aliique.
741 3483 892 3558 Sepultura
899 3482 1092 3540 ecclesiastiea
1105 3483 1252 3557 privantur

159 3600 214 3640 suae
240 3584 340 3640 mortis
360 3575 515 3651 auctores,³
535 3585 562 3642 si
584 3585 629 3641 sui
655 3592 802 3658 compotes
826 3581 938 3648 suerint,
965 3580 1043 3654 quod
1065 3581 1141 3638 haud
1167 3580 1251 3638 facile

164 3678 311 3739 creditur.⁴

201 3784 268 3838 122.
290 3780 452 3852 Tamquam
466 3781 626 3857 gravissimi
647 3779 774 3839 criminis
794 3779 835 3837 rei
856 3779 956 3836 merito
970 3778 1057 3835 habiti
1071 3786 1137 3835 sunt
1149 3775 1253 3833 sacculo

165 3879 258 3947 quinto
272 3878 527 3936 Circumcelliones
548 3898 563 3935 e
578 3880 789 3937 Donatistarum
809 3887 894 3943 secta,
916 3886 935 3912 ‘⁶
947 3895 1012 3933 nam
1026 3893 1077 3950 per
1090 3882 1195 3930 mortes
1208 3891 1255 3929 va·

166 3975 226 4043 rias,
240 3979 424 4049 maximeque
445 3978 676 4054 praecipitiorum,
698 3987 726 4033 et
745 3994 892 4048 aquarum,
913 3985 941 4032 et
957 3975 1068 4050 ignium
1081 3971 1193 4047 seipsos
1207 3986 1254 4029 ne·

195 4162 234 4226 (1)
254 4163 304 4213 Tit.
318 4163 357 4210 vii.
370 4163 400 4212 de
411 4163 475 4226 bapt.
486 4163 574 4226 puteris.
756 4163 799 4225 (2)
818 4159 847 4209 L.
855 4160 871 4208 i.
883 4159 913 4207 ds
923 4158 970 4209 civ.
983 4157 1037 4214 Dei.
1049 4173 1070 4206 c.
1082 4155 1149 4205 xxvi.

198 4247 238 4312 (³)
257 4247 306 4295 1111Ὶ
319 4247 390 4296 Rom.
401 4247 432 4296 de
442 4247 562 4311 exequiis.
754 4246 796 4309 (t)
814 4243 909 4293 Molina
919 4251 936 4292 t.
948 4242 980 4292 iv.
992 4249 1022 4292 tr.
1033 4240 1068 4291 111
1080 4241 1112 4290 D.
1124 4256 1167 4291 xx.
1180 4256 1205 4292 u.
1218 4241 1255 4291 ll.

692 4325 744 4378 lll
