2744 4980
153 163 192 217 50
431 156 489 217 DE
511 154 806 218 CONSCIENTIA
825 156 966 221 DUBIA‘.

152 336 196 384 tur
207 323 372 400 conjugium
386 321 512 382 dubium.
552 302 786 382 Presumendum
801 326 984 400 poenitentem
997 327 1046 400 qui
1059 325 1165 402 pluries
1179 343 1247 383 con·

154 423 280 484 scientia
300 421 423 479 latebras
440 440 621 498 magnacum
641 422 788 498 diligentia
807 422 923 491 detexit,
938 426 1106 500 exposuisse
1120 434 1247 501 peccata,

152 522 253 581 saltem
266 521 319 580 sub
332 520 455 595 generali
475 519 597 592 quodam
611 523 715 597 capite,
729 520 880 593 dequibus
894 531 987 580 tamen
1001 542 1066 581 cum
1086 523 1179 598 pulsat
1198 520 1248 578 du·
1341 520 1344 524 ’

153 622 260 681 bitatio.
282 619 360 677 Huic
372 618 476 694 regulae
491 619 582 676 affinis
596 629 640 675 est
652 620 751 676 altera:
775 621 972 696 “inspicimus
987 623 1016 679 in
1030 621 1156 679 obscuris
1171 618 1248 692 quod

156 728 201 778 est
212 717 414 783 verosimilius,
428 718 473 773 vel
484 718 560 788 quod
574 718 740 793 plerumque
753 718 815 775 fieri
829 712 1022 777 consuevit.”¹

190 821 246 875 el.
269 815 340 874 “In
360 815 461 873 dubiis
481 815 533 873 via
553 822 596 873 est
617 814 757 893 eligenda
782 809 928 889 tutior.''²
967 816 1110 890 Equidem
1138 817 1248 891 quoties

157 916 295 975 dubitatio
313 915 431 991 respicit
450 932 509 970 rem
530 917 635 973 summi
654 917 801 984 momenti,
822 917 978 992 praesertim
997 917 1098 974 anime
1118 917 1247 981 salutem,

157 1016 242 1074 tutior
254 1015 374 1073 omnino
387 1012 519 1089 eligenda
531 1023 668 1090 estpars:
690 1033 755 1072 nam
769 1014 838 1072 alias
851 1016 916 1087 quis
933 1033 964 1072 sc
978 1024 1082 1072 temere
1095 1023 1249 1090 exponeret

155 1113 255 1174 salutis
275 1112 442 1171 discrimini.
485 1112 543 1177 Qui
564 1110 671 1169 dubitat
690 1122 782 1171 umam
802 1113 958 1189 baptismus
971 1114 1009 1170 sit
1022 1113 1056 1170 ad
1069 1114 1186 1170 salutem
1202 1129 1249 1169 ne·

154 1213 304 1279 censarius,
319 1211 476 1268 debetcum
490 1210 645 1286 suscipere,
659 1223 725 1286 post
734 1215 921 1271 necessariam
932 1213 1145 1270 institutionem.
1190 1210 1249 1268 Du·

152 1312 244 1369 biuns
266 1311 388 1387 graviter
409 1309 444 1365 de
466 1310 600 1385 baptismi
621 1311 746 1385 suscepti
763 1310 867 1379 valore,
887 1311 969 1368 debet
990 1311 1090 1369 itemm
1114 1320 1249 1386 expetere
1318 1298 1323 1308 ⁵

159 1409 313 1476 lavacrum,
327 1427 363 1466 ne
376 1408 448 1465 sorte
458 1408 550 1479 aliqua
564 1417 639 1465 tanto
652 1409 748 1467 salutis
761 1409 888 1468 subsidio
901 1420 1001 1467 careat.
1024 1407 1145 1476 Quando
1158 1410 1251 1484 agitur

102 1511 105 1518 '
162 1506 197 1565 de
211 1517 449 1565 sacramentorum
462 1506 556 1562 valore
571 1507 654 1563 tutior
666 1506 797 1582 eligenda
806 1520 849 1564 est
861 1527 936 1585 pars,
947 1527 982 1565 ne
992 1508 1099 1565 Christi
1110 1508 1250 1565 institutio

160 1606 246 1682 culpa
266 1615 362 1663 nostra
384 1604 433 1661 fiat
452 1605 537 1669 irrita,
557 1603 633 1660 haud
653 1605 714 1661 sine
735 1606 888 1681 majestatis
908 1609 970 1683 ejus
984 1601 1157 1680 dispendio.³
1199 1606 1249 1661 Sic

160 1704 292 1764 dubitans
305 1714 398 1762 utrum
411 1703 510 1760 viuum
523 1701 664 1774 quoddam
680 1721 776 1761 verum
799 1704 879 1771 foret,
893 1723 951 1763 non
968 1715 1073 1780 posset,
1094 1713 1169 1760 certo
1182 1705 1250 1761 vino

159 1804 329 1880 postposito,
341 1799 411 1859 illud
424 1802 453 1857 in
466 1801 604 1857 sacrificio
618 1800 759 1858 adhibere.
790 1802 911 1868 Quando
924 1803 1055 1860 scandala
1067 1804 1249 1879 gravioraque

158 1901 234 1959 mala
255 1902 413 1967 imminent,
432 1900 516 1957 tutior
535 1898 664 1975 eligenda
683 1910 727 1956 est
746 1919 810 1975 pars
833 1920 889 1973 qua
905 1903 1051 1968 evitentur,
1072 1911 1103 1959 ut
1121 1903 1249 1958 omnium

160 1999 322 2059 oonsidamr
341 1997 461 2056 utilitati.
504 1997 583 2055 llinc
604 2017 691 2070 quum
712 1999 864 2075 episcopus
885 1999 1009 2072 quidam,
1029 2000 1156 2076 neglecta
1175 2000 1251 2057 sama

158 2100 272 2175 publica
285 2098 320 2155 de
333 2098 626 2155 excommunicatione
640 2098 669 2154 in
683 2115 750 2155 eum
762 2097 826 2165 lata,
836 2117 946 2156 sacmm
960 2099 1137 2163 celebrasset,
1149 2097 1250 2156 dubios

159 2196 268 2254 habens
282 2197 404 2272 perlatos
418 2195 452 2252 ad
466 2214 497 2251 se
511 2213 647 2262 rumores,
668 2215 733 2253 eum
754 2195 886 2271 deposuit
905 2198 1087 2255 Innocentius
1107 2196 1174 2264 ΙΙΙ.,
1193 2199 1251 2254 ani·

159 2294 357 2353 madvertens:
381 2302 399 2329 ‘⁶
410 2294 476 2364 quia
496 2295 526 2351 iu
546 2293 638 2350 dubiis
658 2294 704 2350 via
723 2295 807 2352 tutior
825 2305 868 2352 est
887 2295 1025 2372 eligenda,
1039 2296 1091 2351 etsi
1105 2293 1139 2350 de
1152 2295 1208 2352 lata
1221 2298 1251 2353 in

162 2412 228 2452 eum
242 2393 380 2450 sententia
393 2391 539 2461 dubitaret,
554 2391 685 2449 debuerat
698 2402 791 2450 tamen
803 2395 897 2468 potius
911 2394 1049 2451 abstinere
1063 2412 1147 2465 quam
1161 2413 1252 2451 sacra-

162 2502 257 2550 menta
270 2492 407 2550 Ecclesia
421 2484 609 2548 celebrare.’'⁴
629 2490 749 2556 Quando
758 2490 891 2553 dubitatio
898 2494 1104 2551 versamrcirca
1113 2494 1250 2551 damnum

162 2592 240 2649 alteri
256 2593 402 2656 oriturum,
417 2591 501 2648 tutim
513 2589 642 2664 eligenda
654 2600 698 2646 est
710 2609 785 2666 pars,
799 2592 835 2646 'ne
857 2600 960 2648 temere
984 2591 1093 2666 agendo
1106 2594 1252 2650 innocenti

159 2708 326 2747 noceamus.
369 2688 448 2746 Hinc
474 2687 603 2745 dubitans
629 2696 722 2745 utrum
748 2688 866 2746 domum
892 2709 972 2747 suam
998 2689 1144 2758 diruendo,
1165 2692 1252 2748 sicini

163 2787 316 2845 edificium
330 2788 514 2853 subvertatur,
528 2805 586 2843 non
599 2785 682 2843 debet
700 2788 789 2845 invito
808 2789 901 2845 vicino
922 2787 1018 2846 tollere
1038 2790 1182 2865 parietem,
1207 2789 1252 2845 vel

160 2886 346 2945 fundamenta
359 2884 464 2951 fodere,
479 2883 550 2941 adeo
569 2895 601 2941 ut
619 2884 721 2943 domus
740 2886 920 2960 periclitetur.
962 2886 1020 2952 Qui
1040 2886 1144 2944 dubitat
1157 2898 1253 2944 utrum

161 2985 305 3042 medicina
318 2984 431 3042 infirmo
445 2984 564 3058 graviter
586 2985 712 3041 nocitura
733 2984 779 3050 sit,
802 3002 860 3042 non
879 2984 961 3041 debet
972 3003 1035 3042 eam
1048 2986 1183 3060 praebere,
1198 2988 1253 3044 nisi

164 3085 219 3141 alio
233 3085 312 3142 omni
325 3082 473 3140 deficiente
487 3080 623 3148 remedio,
637 3092 713 3138 etex
726 3082 788 3156 ejus
801 3101 952 3140 consensu.
974 3083 1007 3139 Si
1020 3083 1125 3159 dejure
1139 3085 1253 3141 alterius

163 3192 261 3258 agatur
274 3183 300 3239 ei
314 3178 543 3239 satisfaciendum
557 3189 609 3246 cst,
624 3198 659 3236 ne
673 3177 802 3256 negando
815 3180 864 3237 fiat
876 3181 995 3257 injuria:
1017 3200 1098 3239 secus
1113 3183 1197 3238 tutius
1211 3196 1254 3240 est

162 3281 303 3338 abstinere
317 3281 351 3336 ab
365 3287 427 3336 actu
445 3295 531 3350 quem
545 3295 602 3333 non
615 3288 724 3335 constat
739 3278 836 3335 licere.
878 3279 927 3336 Sic
947 3298 1009 3352 quae
1030 3281 1103 3337 mala
1122 3280 1177 3336 fide
1192 3283 1256 3341 iniit

161 3380 337 3456 conjugium,
359 3376 394 3433 de
408 3377 510 3452 prioris
523 3375 653 3450 conjugis
666 3387 756 3434 morte
769 3375 884 3443 incerta,
898 3396 956 3436 non
969 3378 1051 3436 debet
1063 3379 1146 3437 dubia
1159 3390 1254 3454 petere

160 3497 266 3537 munus
281 3475 426 3553 conjugii:
448 3472 498 3530 sed
514 3491 615 3548 negare
629 3475 727 3546 nequit
748 3473 808 3531 viro
828 3478 943 3550 petenti,
957 3479 1006 3549 qui
1027 3478 1100 3535 bona
1120 3478 1177 3534 fide
1190 3496 1253 3535 eam

164 3577 254 3648 duxit,
276 3577 331 3634 nisi
345 3583 454 3633 constet
471 3572 595 3648 priorem
616 3574 768 3649 conjugem
788 3571 880 3631 adhuc
901 3575 931 3632 in
951 3576 1022 3633 vivis
1042 3594 1122 3634 esse:
1145 3575 1253 3634 “Cum

394 3819 436 3886 (l)
456 3819 516 3880 Reg.
528 3816 577 3865 xlv.
586 3814 660 3864 Jnris.
756 3819 760 3825 '

396 3907 439 3970 (2)
457 3905 517 3968 Cap.
529 3897 605 3956 Illud,
616 3899 743 3951 doclerico
756 3901 976 3951 excommunicato.

394 3990 437 4055 (³)
459 3987 558 4052 Propi.
571 3987 633 4036 inter
646 3986 774 4036 damnatas
783 3986 813 4035 ab
824 3984 959 4035 lnnoceuto
970 3986 1003 4035 xi.

393 4077 433 4140 (l)
451 4075 511 4139 Cup.
522 4071 598 4130 Illud,
610 4072 650 4122 ubi
662 4087 743 4136 supra.
