2744 4980
326 124 384 235 IJE
405 123 768 188 OBLIGATIONIBUS
789 124 1080 187 CLERICORUM.
1189 133 1247 189 333

186 290 219 344 5.
245 286 393 360 Quidquid
415 299 513 347 contra
532 289 689 348 castitatem
707 287 863 348 admittitur
881 291 916 349 ab
935 310 971 350 eo
992 293 1043 365 qui
1061 310 1173 352 sacrum
1188 311 1248 351 sus-

122 384 228 459 cepit
242 385 372 445 ordinem
384 405 470 462 grave
489 398 534 445 est
548 398 704 464 peecatum,
719 389 860 465 sacrilegii
874 389 979 447 malitia
991 390 1142 448 accedente
1155 392 1248 468 impu·

119 480 266 542 dicitiae.
308 483 433 542 Pollutio
447 486 613 554 voluntaria,
629 488 743 545 nemine
756 489 884 555 conscio,
899 487 994 546 Deum
1012 489 1096 546 habet
1107 498 1207 547 testem
1221 501 1249 547 et

110 578 292 656 judicem,
307 583 355 653 qui
368 583 477 641 crimen
491 582 645 642 nefandum
659 583 774 642 damnat
787 588 816 643 in
838 604 874 643 eo
892 587 941 659 qui
961 586 1076 664 indigne
1096 587 1158 663 ejus
1178 577 1250 664 gerit

117 677 242 733 vices.
287 679 419 736 Graviter
432 693 530 754 peccat
543 682 592 751 qui
609 683 771 749 fornicatur,
787 685 904 760 pessimi
924 686 1051 763 exempli
1075 696 1103 743 et
1123 685 1248 744 scandali

119 774 261 832 malitia
282 776 447 852 sacrilegam
471 776 677 854 impudicitiam
700 798 823 856 augens:
846 784 959 857 gravius
980 787 1030 854 qui
1043 783 1248 842 consuetudine

122 871 255 949 flagitii
271 873 346 931 illius
360 876 455 942 utitur,
464 876 623 934 concubina
636 877 690 934 sibi
704 889 837 953 sumpta:
853 898 975 951 quorum
989 879 1091 938 delicta
1100 884 1248 940 severiori·

123 974 202 1027 bus
229 973 324 1047 poenis
351 973 436 1048 plecti
465 975 548 1050 jubet
568 975 720 1033 concilium
744 975 981 1035 Tridentinumz¹
1008 980 1176 1054 gravissime
1200 982 1249 1051 qui

130 1071 328 1129 matrimonii
341 1074 457 1130 nomine
471 1075 602 1149 praetexit
622 1073 746 1148 eulpam,
761 1075 868 1151 quippe
891 1077 940 1148 qui
962 1078 1049 1134 animi
1071 1078 1248 1152 propositum

133 1171 179 1227 in
204 1170 318 1244 peccati
337 1171 542 1229 consuetudine
562 1181 697 1229 constans
724 1171 825 1249 prodit,
847 1183 876 1230 et
900 1193 966 1232 cum
993 1193 1096 1251 magna
1121 1172 1248 1232 fidelium

137 1266 327 1334 offensione,
342 1286 404 1340 qua
418 1288 470 1326 sua
482 1270 624 1328 voluntate
637 1273 779 1329 contraxit
791 1272 904 1329 vincula
918 1291 1048 1349 rumpere
1062 1281 1185 1330 attentat.
1216 1273 1250 1331 Id
1348 1329 1356 1344 ,

140 1366 232 1424 haud
247 1369 529 1442 pretermittendum,
544 1387 653 1426 canone
666 1371 754 1427 vetari
768 1388 803 1427 ne
817 1369 915 1427 fideles
929 1391 945 1428 a
965 1371 1068 1429 clerico
1078 1372 1128 1443 qui
1141 1373 1250 1429 notorie

144 1466 370 1523 concubinarius
392 1478 444 1534 est,
468 1477 643 1525 sacramenta
662 1469 830 1545 percipiant,
852 1468 897 1525 vel
916 1470 1056 1527 sacrificio
1075 1469 1109 1525 ab
1129 1488 1165 1526 eo
1177 1468 1250 1526 cele·
1331 1492 1345 1513 ν

147 1565 235 1622 brato
261 1565 408 1622 intersint:
430 1565 508 1637 quod
534 1567 714 1642 precipitur:
747 1576 766 1602 ‘⁴
779 1577 809 1624 ut
834 1567 971 1643 peccandi
998 1568 1111 1625 licentia
1140 1569 1249 1625 caeteris

153 1662 306 1728 auferatur,
318 1674 347 1721 et
358 1663 525 1740 hujusmodi
538 1664 574 1722 ad
588 1665 761 1741 poenitentia
775 1665 897 1724 fructum
911 1657 1103 1724 trahantur.”²

445 1892 530 1966 §lll.
571 1892 619 1950 Da
641 1911 761 1951 orsrcro
783 1911 967 1952 nucmruno.

199 2073 228 2126 6.
250 2069 457 2127 Recitationem
470 2069 559 2127 officii
573 2069 662 2128 divini
675 2070 808 2127 omnibus
829 2088 909 2127 sacro
929 2069 1027 2128 ordine
1047 2069 1190 2145 insignitis
1211 2070 1253 2126 in·

155 2168 240 2243 jungi
251 2176 360 2224 constat
369 2186 407 2225 ex
414 2167 626 2226 consuetudine
635 2170 741 2239 ubique
751 2181 876 2244 recepta,
888 2178 916 2225 et
925 2170 983 2226 vim
997 2169 1068 2243 legis
1082 2161 1253 2225 obtinente.³

159 2264 246 2331 Quod
258 2275 351 2323 autem
371 2266 512 2331 nonnulli,
535 2269 564 2325 in
585 2267 741 2324 Germania
762 2268 929 2342 presertim,
951 2267 1024 2323 hano
1049 2267 1252 2342 obligationem

159 2363 315 2422 hodiedum
328 2363 473 2440 negligant
486 2374 514 2420 et
527 2367 705 2441 impugnent,
719 2366 890 2423 universalis
901 2364 1041 2423 Ecclesia
1055 2364 1213 2421 auctoritati
1225 2374 1254 2419 et

158 2462 357 2538 theologorum
371 2464 524 2520 consensui
534 2465 634 2534 nequit
647 2465 704 2520 vim
719 2461 877 2519 detrahere.
899 2463 1047 2519 Tenentur
1060 2479 1160 2518 omnes
1172 2478 1253 2547 sacrp

158 2559 259 2619 ordine
273 2561 409 2637 insigniti,
433 2563 518 2619 etiam
541 2560 791 2626 excommunicati,
807 2560 852 2617 vel
873 2559 1026 2636 degradati,
1040 2576 1094 2614 nec
1116 2558 1195 2615 enim
1216 2575 1252 2612 ex

159 2659 278 2717 crimine
291 2669 403 2736 oportet
415 2659 597 2718 commodum
612 2669 773 2735 reportare:
789 2669 912 2714 attamen
925 2659 954 2715 in
968 2657 1144 2734 gravissimis
1157 2673 1251 2712 rerum

160 2760 309 2834 angustiis,
324 2760 353 2815 in
364 2758 466 2830 quibus
479 2759 529 2815 vix
540 2758 649 2815 recitari
664 2758 763 2834 possit,
778 2775 816 2814 ex
835 2759 965 2828 aequitate
985 2755 1119 2831 obligatio
1133 2755 1252 2812 remissa

160 2850 296 2915 videtur!
328 2857 432 2932 Incipit
444 2867 537 2914 autern
551 2857 685 2933 obligatio
699 2876 716 2912 a
728 2866 863 2932 suscepto
877 2855 1090 2919 subdiaconatu,
1106 2855 1254 2926 quiquam

161 2956 271 3013 tertiaa
289 2957 358 3012 solis
381 2965 443 3013 ortu
465 2955 543 3022 hora,
571 2956 616 3012 vel
638 2957 714 3013 circa
736 2954 885 3012 meridiem
896 2954 993 3011 soleat
1015 2950 1146 3017 conferri,
1167 2951 1201 3006 ab
1221 2966 1255 3003 ea

160 3054 231 3111 hora
256 3053 435 3131 plerumque,
460 3052 535 3111 illius
562 3054 619 3111 diei
640 3053 766 3111 officium
779 3116 792 3138 ῃ
792 3050 968 3108 recitandum
994 3050 1055 3106 erit.
1104 3049 1255 3105 Tenentur

160 3154 245 3211 etiam
266 3153 392 3228 religiosi
415 3171 517 3210 omnes
531 3152 566 3209 ad
586 3152 705 3209 chorum
725 3149 868 3217 destinati,
888 3158 948 3206 tum
971 3147 1023 3203 viri
1043 3155 1102 3204 tum
1127 3147 1251 3209 i'eminae',

161 3251 284 3309 solemni
306 3253 413 3309 emissa
435 3251 630 3327 professione:
662 3268 715 3307 nec
739 3247 875 3305 desinunt
894 3246 1024 3323 obligari,
1044 3245 1111 3303 licet
1133 3246 1218 3322 ejecti
1238 3261 1254 3301 e

161 3351 345 3416 monasterio,
356 3350 402 3407 vel
415 3350 445 3409 in
458 3368 600 3407 carcerem
614 3347 778 3406 oburimina
791 3346 908 3407 detrusi.
928 3343 1061 3421 impediti
1075 3360 1255 3417 quacumque

161 3450 270 3506 ratione
284 3468 320 3506 ne
335 3450 365 3507 in
379 3449 466 3506 choro
487 3447 589 3514 adsint,
604 3456 733 3504 tenentur
747 3446 781 3503 ad
795 3447 934 3521 privatam
947 3444 1141 3505 recitationem
1155 3441 1253 3504 officii,

162 3547 220 3604 nisi
243 3548 405 3615 infirmitas,
420 3547 465 3604 vel
489 3547 545 3604 alia
561 3548 641 3623 justa
662 3565 747 3604 causa
760 3537 820 3603 'eos
844 3552 985 3601 excuset·
1014 3542 1071 3606 Qui
1085 3538 1254 3597 beneficium

163 3645 345 3704 obtinuerunt
358 3645 393 3703 ad
405 3645 581 3703 recitandum
595 3645 722 3702 officium
735 3644 838 3719 pariter
850 3643 1019 3717 obligantur.

204 3749 234 3803 7.
256 3744 354 3811 Quum
376 3744 502 3802 recitatio
523 3742 610 3802 officii
633 3742 749 3800 nomine
763 3739 906 3798 Ecclesia
919 3755 1023 3796 munus
1036 3735 1074 3792 sit
1086 3734 1179 3810 gravis
1193 3751 1276 3810 pros,

204 3943 243 4010 (l)
262 3944 321 3993 Sors
333 3960 391 3993 xxv.
404 3961 424 3994 c.
437 3945 486 3993 xiv.
497 3944 527 3993 de
539 3944 592 3992 Rei.
693 3945 731 3998 (2⁸1
751 3941 788 3990 De
799 3940 904 3990 cohabit
916 3939 972 3988 cler.
983 3945 1006 3986 et
1020 3935 1113 3985 mulier.
1124 3949 1176 4000 cap.
1190 3934 1230 3982 vii.

203 4028 242 4094 (3)
263 4028 327 4079 Vide
339 4029 432 4094 Mayol,
444 4028 610 4094 Proloquium
622 4026 707 4103 Dee*
717 4041 757 4088 qu.
771 4026 796 4073 ii.
964 4023 1004 4087 (4)
1023 4019 1122 4070 Ibidem.

1022 4245 1064 4325 s-
