<?xml version="1.0" encoding="UTF-8"?>
<!DOCTYPE html PUBLIC "-//W3C//DTD XHTML 1.0 Transitional//EN"
    "http://www.w3.org/TR/xhtml1/DTD/xhtml1-transitional.dtd">
<html xmlns="http://www.w3.org/1999/xhtml" xml:lang="en" lang="en">
 <head>
  <title>
</title>
<meta http-equiv="Content-Type" content="text/html;charset=utf-8" />
  <meta name='ocr-system' content='tesseract 3.04.00' />
  <meta name='ocr-capabilities' content='ocr_page ocr_carea ocr_par ocr_line ocrx_word'/>
</head>
<body>
  <div class='ocr_page' id='page_1' title='image "./theologiaemoral00kenrgoog_0029.png"; bbox 0 0 2744 4980; ppageno 0'>
   <div class='ocr_carea' id='block_1_1' title="bbox 630 1067 828 1130">
    <p class='ocr_par' dir='ltr' id='par_1_1' title="bbox 630 1067 828 1130">
     <span class='ocr_line' id='line_1_1' title="bbox 630 1067 828 1130; baseline -0.025 0"><span class='ocrx_word' id='word_1_1' title='bbox 630 1067 771 1130; x_wconf 77' lang='lat' dir='ltr'><strong>CAPUT</strong></span> <span class='ocrx_word' id='word_1_2' title='bbox 788 1068 828 1126; x_wconf 92' lang='lat' dir='ltr'>ll.</span> 
     </span>
    </p>
   </div>
   <div class='ocr_carea' id='block_1_2' title="bbox 520 1282 935 1327">
    <p class='ocr_par' dir='ltr' id='par_1_2' title="bbox 520 1282 935 1327">
     <span class='ocr_line' id='line_1_2' title="bbox 520 1282 935 1327; baseline -0.017 0"><span class='ocrx_word' id='word_1_3' title='bbox 520 1287 559 1326; x_wconf 76' lang='lat' dir='ltr'>DE</span> <span class='ocrx_word' id='word_1_4' title='bbox 580 1287 706 1327; x_wconf 69' lang='lat' dir='ltr'>teuteus</span> <span class='ocrx_word' id='word_1_5' title='bbox 726 1282 935 1325; x_wconf 73' lang='lat' dir='ltr'>vouun&#39;ranus,</span> 
     </span>
    </p>
   </div>
   <div class='ocr_carea' id='block_1_3' title="bbox 104 1462 1282 4206">
    <p class='ocr_par' dir='ltr' id='par_1_3' title="bbox 183 1462 1279 3020">
     <span class='ocr_line' id='line_1_3' title="bbox 224 1462 1275 1540; baseline 0 -18"><span class='ocrx_word' id='word_1_6' title='bbox 224 1470 253 1522; x_wconf 86' lang='lat'>8.</span> <span class='ocrx_word' id='word_1_7' title='bbox 276 1466 376 1523; x_wconf 75' lang='lat' dir='ltr'>Accua</span> <span class='ocrx_word' id='word_1_8' title='bbox 394 1465 544 1523; x_wconf 81' lang='lat' dir='ltr'>voluntatis</span> <span class='ocrx_word' id='word_1_9' title='bbox 556 1464 673 1524; x_wconf 75' lang='lat' dir='ltr'>elicitus</span> <span class='ocrx_word' id='word_1_10' title='bbox 684 1463 785 1522; x_wconf 92' lang='lat' dir='ltr'>dicitur</span> <span class='ocrx_word' id='word_1_11' title='bbox 803 1480 887 1535; x_wconf 92' lang='lat' dir='ltr'>quem</span> <span class='ocrx_word' id='word_1_12' title='bbox 902 1462 1030 1520; x_wconf 69' lang='lat' dir='ltr'>voluntas</span> <span class='ocrx_word' id='word_1_13' title='bbox 1045 1464 1108 1539; x_wconf 73' lang='lat' dir='ltr'>ipsa</span> <span class='ocrx_word' id='word_1_14' title='bbox 1124 1463 1275 1540; x_wconf 80' lang='lat' dir='ltr'><strong>producit:</strong></span> 
     </span>
     <span class='ocr_line' id='line_1_4' title="bbox 186 1562 1278 1643; baseline 0.002 -25"><span class='ocrx_word' id='word_1_15' title='bbox 186 1582 213 1620; x_wconf 87' lang='lat' dir='ltr'>v.</span> <span class='ocrx_word' id='word_1_16' title='bbox 228 1583 257 1640; x_wconf 94' lang='lat' dir='ltr'>g.</span> <span class='ocrx_word' id='word_1_17' title='bbox 272 1582 360 1631; x_wconf 91' lang='lat' dir='ltr'>amor,</span> <span class='ocrx_word' id='word_1_18' title='bbox 383 1563 498 1622; x_wconf 89' lang='lat' dir='ltr'>odium:</span> <span class='ocrx_word' id='word_1_19' title='bbox 521 1574 599 1622; x_wconf 85' lang='lat' dir='ltr'>actus</span> <span class='ocrx_word' id='word_1_20' title='bbox 612 1565 778 1643; x_wconf 75' lang='lat' dir='ltr'>imperatur</span> <span class='ocrx_word' id='word_1_21' title='bbox 801 1573 987 1638; x_wconf 90' lang='lat' dir='ltr'>nuncupatur,</span> <span class='ocrx_word' id='word_1_22' title='bbox 1003 1563 1053 1634; x_wconf 93' lang='lat' dir='ltr'>qui</span> <span class='ocrx_word' id='word_1_23' title='bbox 1073 1581 1109 1619; x_wconf 92' lang='lat' dir='ltr'>ex</span> <span class='ocrx_word' id='word_1_24' title='bbox 1123 1562 1278 1620; x_wconf 80' lang='lat' dir='ltr'>voluntatis</span> 
     </span>
     <span class='ocr_line' id='line_1_5' title="bbox 185 1659 1278 1738; baseline 0.002 -20"><span class='ocrx_word' id='word_1_25' title='bbox 185 1661 306 1738; x_wconf 91' lang='lat' dir='ltr'>imperio</span> <span class='ocrx_word' id='word_1_26' title='bbox 320 1663 354 1719; x_wconf 88' lang='lat' dir='ltr'>ab</span> <span class='ocrx_word' id='word_1_27' title='bbox 368 1662 422 1719; x_wconf 89' lang='lat' dir='ltr'>alia</span> <span class='ocrx_word' id='word_1_28' title='bbox 435 1662 564 1720; x_wconf 78' lang='lat' dir='ltr'>facultate</span> <span class='ocrx_word' id='word_1_29' title='bbox 577 1663 626 1720; x_wconf 88' lang='lat' dir='ltr'>fit:</span> <span class='ocrx_word' id='word_1_30' title='bbox 649 1665 690 1720; x_wconf 87' lang='lat' dir='ltr'>sic</span> <span class='ocrx_word' id='word_1_31' title='bbox 713 1660 858 1719; x_wconf 78' lang='lat' dir='ltr'>meditatio</span> <span class='ocrx_word' id='word_1_32' title='bbox 871 1659 904 1718; x_wconf 89' lang='lat' dir='ltr'>fit</span> <span class='ocrx_word' id='word_1_33' title='bbox 917 1680 934 1717; x_wconf 91' lang='lat' dir='ltr'>a</span> <span class='ocrx_word' id='word_1_34' title='bbox 946 1670 1052 1728; x_wconf 88' lang='lat' dir='ltr'>mente,</span> <span class='ocrx_word' id='word_1_35' title='bbox 1067 1661 1210 1718; x_wconf 86' lang='lat' dir='ltr'>voluntate</span> <span class='ocrx_word' id='word_1_36' title='bbox 1224 1663 1278 1720; x_wconf 90' lang='lat' dir='ltr'>im-</span> 
     </span>
     <span class='ocr_line' id='line_1_6' title="bbox 185 1759 1279 1837; baseline -0.001 -20"><span class='ocrx_word' id='word_1_37' title='bbox 185 1770 310 1837; x_wconf 83' lang='lat' dir='ltr'>perante.</span> <span class='ocrx_word' id='word_1_38' title='bbox 353 1759 439 1827; x_wconf 83' lang='lat' dir='ltr'>Quod</span> <span class='ocrx_word' id='word_1_39' title='bbox 458 1761 490 1818; x_wconf 85' lang='lat' dir='ltr'>fit</span> <span class='ocrx_word' id='word_1_40' title='bbox 509 1771 606 1819; x_wconf 88' lang='lat' dir='ltr'>contra</span> <span class='ocrx_word' id='word_1_41' title='bbox 618 1761 768 1820; x_wconf 83' lang='lat' dir='ltr'>voluntatis</span> <span class='ocrx_word' id='word_1_42' title='bbox 782 1760 877 1816; x_wconf 84' lang='lat' dir='ltr'>nisum</span> <span class='ocrx_word' id='word_1_43' title='bbox 891 1759 919 1816; x_wconf 90' lang='lat' dir='ltr'>vi</span> <span class='ocrx_word' id='word_1_44' title='bbox 932 1770 1048 1816; x_wconf 81' lang='lat' dir='ltr'>externa</span> <span class='ocrx_word' id='word_1_45' title='bbox 1070 1769 1185 1818; x_wconf 84' lang='lat' dir='ltr'>nonest</span> <span class='ocrx_word' id='word_1_46' title='bbox 1199 1770 1279 1818; x_wconf 81' lang='lat' dir='ltr'>actus</span> 
     </span>
     <span class='ocr_line' id='line_1_7' title="bbox 186 1856 1278 1936; baseline 0 -19"><span class='ocrx_word' id='word_1_47' title='bbox 186 1860 349 1936; x_wconf 77' lang='lat' dir='ltr'>imperatus.</span> <span class='ocrx_word' id='word_1_48' title='bbox 392 1858 441 1915; x_wconf 90' lang='lat' dir='ltr'>Sic</span> <span class='ocrx_word' id='word_1_49' title='bbox 455 1878 556 1918; x_wconf 89' lang='lat' dir='ltr'>manus</span> <span class='ocrx_word' id='word_1_50' title='bbox 569 1859 685 1919; x_wconf 89' lang='lat' dir='ltr'>brachio</span> <span class='ocrx_word' id='word_1_51' title='bbox 706 1858 798 1916; x_wconf 88' lang='lat' dir='ltr'>alieno</span> <span class='ocrx_word' id='word_1_52' title='bbox 819 1866 929 1934; x_wconf 85' lang='lat' dir='ltr'>arrepta</span> <span class='ocrx_word' id='word_1_53' title='bbox 950 1856 986 1914; x_wconf 89' lang='lat' dir='ltr'>ad</span> <span class='ocrx_word' id='word_1_54' title='bbox 999 1857 1115 1930; x_wconf 91' lang='lat' dir='ltr'>aliquid,</span> <span class='ocrx_word' id='word_1_55' title='bbox 1131 1868 1210 1915; x_wconf 81' lang='lat' dir='ltr'>actus</span> <span class='ocrx_word' id='word_1_56' title='bbox 1226 1861 1278 1917; x_wconf 89' lang='lat' dir='ltr'>im-</span> 
     </span>
     <span class='ocr_line' id='line_1_8' title="bbox 185 1955 1278 2042; baseline 0 -27"><span class='ocrx_word' id='word_1_57' title='bbox 185 1966 370 2042; x_wconf 14' lang='lat' dir='ltr'>peratuepnou</span> <span class='ocrx_word' id='word_1_58' title='bbox 383 1966 436 2014; x_wconf 81' lang='lat' dir='ltr'>est.</span> <span class='ocrx_word' id='word_1_59' title='bbox 485 1955 658 2016; x_wconf 81' lang='lat' dir='ltr'>Voluntarit&#39;</span> <span class='ocrx_word' id='word_1_60' title='bbox 669 1966 745 2024; x_wconf 82' lang='lat' dir='ltr'>sunt,</span> <span class='ocrx_word' id='word_1_61' title='bbox 760 1957 932 2028; x_wconf 85' lang='lat' dir='ltr'>quicumque</span> <span class='ocrx_word' id='word_1_62' title='bbox 947 1965 1025 2013; x_wconf 86' lang='lat' dir='ltr'>actus</span> <span class='ocrx_word' id='word_1_63' title='bbox 1038 1955 1110 2012; x_wconf 88' lang='lat' dir='ltr'>fiunt</span> <span class='ocrx_word' id='word_1_64' title='bbox 1122 1975 1159 2013; x_wconf 85' lang='lat' dir='ltr'>ex</span> <span class='ocrx_word' id='word_1_65' title='bbox 1173 1957 1278 2034; x_wconf 91' lang='lat' dir='ltr'>princi·</span> 
     </span>
     <span class='ocr_line' id='line_1_9' title="bbox 186 2053 1279 2132; baseline 0.002 -19"><span class='ocrx_word' id='word_1_66' title='bbox 186 2057 236 2132; x_wconf 92' lang='lat' dir='ltr'>pio</span> <span class='ocrx_word' id='word_1_67' title='bbox 246 2053 323 2126; x_wconf 92' lang='lat' dir='ltr'>quod</span> <span class='ocrx_word' id='word_1_68' title='bbox 336 2064 379 2112; x_wconf 86' lang='lat' dir='ltr'>est</span> <span class='ocrx_word' id='word_1_69' title='bbox 392 2055 473 2122; x_wconf 88' lang='lat' dir='ltr'>intra,</span> <span class='ocrx_word' id='word_1_70' title='bbox 488 2056 593 2131; x_wconf 77' lang='lat' dir='ltr'>previa</span> <span class='ocrx_word' id='word_1_71' title='bbox 606 2056 671 2113; x_wconf 80' lang='lat' dir='ltr'>finis</span> <span class='ocrx_word' id='word_1_72' title='bbox 684 2055 863 2132; x_wconf 77' lang='lat' dir='ltr'>cognitione:</span> <span class='ocrx_word' id='word_1_73' title='bbox 879 2053 966 2112; x_wconf 81' lang='lat' dir='ltr'>liberi</span> <span class='ocrx_word' id='word_1_74' title='bbox 979 2063 1082 2122; x_wconf 81' lang='lat' dir='ltr'>autem,</span> <span class='ocrx_word' id='word_1_75' title='bbox 1092 2057 1141 2126; x_wconf 92' lang='lat' dir='ltr'>qui</span> <span class='ocrx_word' id='word_1_76' title='bbox 1155 2056 1229 2114; x_wconf 87' lang='lat' dir='ltr'>fiunt</span> <span class='ocrx_word' id='word_1_77' title='bbox 1242 2075 1279 2115; x_wconf 80' lang='lat' dir='ltr'>ex</span> 
     </span>
     <span class='ocr_line' id='line_1_10' title="bbox 186 2152 1276 2223; baseline 0.001 -14"><span class='ocrx_word' id='word_1_78' title='bbox 186 2152 336 2213; x_wconf 84' lang='lat' dir='ltr'>voluntatis</span> <span class='ocrx_word' id='word_1_79' title='bbox 356 2152 470 2211; x_wconf 89' lang='lat' dir='ltr'>arbitrio</span> <span class='ocrx_word' id='word_1_80' title='bbox 483 2163 512 2211; x_wconf 95' lang='lat' dir='ltr'>et</span> <span class='ocrx_word' id='word_1_81' title='bbox 532 2153 681 2223; x_wconf 86' lang='lat' dir='ltr'>electione,</span> <span class='ocrx_word' id='word_1_82' title='bbox 696 2152 773 2211; x_wconf 90' lang='lat' dir='ltr'>nulla</span> <span class='ocrx_word' id='word_1_83' title='bbox 795 2155 962 2211; x_wconf 81' lang='lat' dir='ltr'>necessitate</span> <span class='ocrx_word' id='word_1_84' title='bbox 982 2172 1045 2210; x_wconf 90' lang='lat' dir='ltr'>earn</span> <span class='ocrx_word' id='word_1_85' title='bbox 1060 2153 1276 2212; x_wconf 86' lang='lat' dir='ltr'>determinante.</span> 
     </span>
     <span class='ocr_line' id='line_1_11' title="bbox 187 2250 1278 2319; baseline 0.001 -10"><span class='ocrx_word' id='word_1_86' title='bbox 187 2250 375 2310; x_wconf 82' lang='lat' dir='ltr'>Beatitudinis</span> <span class='ocrx_word' id='word_1_87' title='bbox 389 2250 561 2312; x_wconf 84' lang='lat' dir='ltr'>desiderium</span> <span class='ocrx_word' id='word_1_88' title='bbox 575 2252 764 2312; x_wconf 86' lang='lat' dir='ltr'>voluntarium</span> <span class='ocrx_word' id='word_1_89' title='bbox 785 2261 838 2319; x_wconf 85' lang='lat' dir='ltr'>est,</span> <span class='ocrx_word' id='word_1_90' title='bbox 855 2252 983 2309; x_wconf 84' lang='lat' dir='ltr'>voluntas</span> <span class='ocrx_word' id='word_1_91' title='bbox 1004 2253 1080 2310; x_wconf 88' lang='lat' dir='ltr'>enim</span> <span class='ocrx_word' id='word_1_92' title='bbox 1101 2254 1131 2310; x_wconf 92' lang='lat' dir='ltr'>in</span> <span class='ocrx_word' id='word_1_93' title='bbox 1145 2272 1210 2311; x_wconf 90' lang='lat' dir='ltr'>eam</span> <span class='ocrx_word' id='word_1_94' title='bbox 1224 2253 1278 2310; x_wconf 88' lang='lat' dir='ltr'>ser·</span> 
     </span>
     <span class='ocr_line' id='line_1_12' title="bbox 188 2349 1277 2429; baseline 0.004 -22"><span class='ocrx_word' id='word_1_95' title='bbox 188 2361 240 2418; x_wconf 92' lang='lat' dir='ltr'>tur,</span> <span class='ocrx_word' id='word_1_96' title='bbox 255 2351 362 2426; x_wconf 77' lang='lat' dir='ltr'>previa</span> <span class='ocrx_word' id='word_1_97' title='bbox 371 2349 524 2426; x_wconf 82' lang='lat' dir='ltr'>affrdgente</span> <span class='ocrx_word' id='word_1_98' title='bbox 535 2353 714 2429; x_wconf 80' lang='lat' dir='ltr'>cognitione:</span> <span class='ocrx_word' id='word_1_99' title='bbox 730 2349 806 2408; x_wconf 89' lang='lat' dir='ltr'>haud</span> <span class='ocrx_word' id='word_1_100' title='bbox 817 2359 912 2408; x_wconf 86' lang='lat' dir='ltr'>tamen</span> <span class='ocrx_word' id='word_1_101' title='bbox 925 2349 1076 2409; x_wconf 90' lang='lat' dir='ltr'>dicendum</span> <span class='ocrx_word' id='word_1_102' title='bbox 1088 2361 1131 2408; x_wconf 83' lang='lat' dir='ltr'>est</span> <span class='ocrx_word' id='word_1_103' title='bbox 1143 2352 1277 2419; x_wconf 88' lang='lat' dir='ltr'>liberum,</span> 
     </span>
     <span class='ocr_line' id='line_1_13' title="bbox 187 2447 1277 2522; baseline 0.001 -17"><span class='ocrx_word' id='word_1_104' title='bbox 187 2467 275 2521; x_wconf 91' lang='lat' dir='ltr'>quum</span> <span class='ocrx_word' id='word_1_105' title='bbox 289 2447 377 2507; x_wconf 89' lang='lat' dir='ltr'>homo</span> <span class='ocrx_word' id='word_1_106' title='bbox 390 2450 429 2506; x_wconf 88' lang='lat' dir='ltr'>ita</span> <span class='ocrx_word' id='word_1_107' title='bbox 442 2452 610 2508; x_wconf 78' lang='lat' dir='ltr'>constitutus</span> <span class='ocrx_word' id='word_1_108' title='bbox 624 2451 662 2507; x_wconf 83' lang='lat' dir='ltr'>eit</span> <span class='ocrx_word' id='word_1_109' title='bbox 681 2462 787 2517; x_wconf 89' lang='lat' dir='ltr'>natura,</span> <span class='ocrx_word' id='word_1_110' title='bbox 803 2459 835 2506; x_wconf 92' lang='lat' dir='ltr'>ut</span> <span class='ocrx_word' id='word_1_111' title='bbox 848 2449 882 2506; x_wconf 88' lang='lat' dir='ltr'>ab</span> <span class='ocrx_word' id='word_1_112' title='bbox 896 2467 931 2506; x_wconf 89' lang='lat' dir='ltr'>eo</span> <span class='ocrx_word' id='word_1_113' title='bbox 944 2459 1066 2522; x_wconf 91' lang='lat' dir='ltr'>nequeat</span> <span class='ocrx_word' id='word_1_114' title='bbox 1079 2469 1110 2507; x_wconf 84' lang='lat' dir='ltr'>se</span> <span class='ocrx_word' id='word_1_115' title='bbox 1125 2451 1277 2508; x_wconf 88' lang='lat' dir='ltr'>abstinere.</span> 
     </span>
     <span class='ocr_line' id='line_1_14' title="bbox 188 2547 1278 2616; baseline 0.004 -13"><span class='ocrx_word' id='word_1_116' title='bbox 188 2547 267 2604; x_wconf 85' lang='lat' dir='ltr'>“Sic</span> <span class='ocrx_word' id='word_1_117' title='bbox 280 2547 355 2604; x_wconf 90' lang='lat' dir='ltr'>beati</span> <span class='ocrx_word' id='word_1_118' title='bbox 370 2565 434 2604; x_wconf 82' lang='lat' dir='ltr'>esse</span> <span class='ocrx_word' id='word_1_119' title='bbox 447 2548 578 2608; x_wconf 85' lang='lat' dir='ltr'>volumus</span> <span class='ocrx_word' id='word_1_120' title='bbox 591 2559 623 2606; x_wconf 92' lang='lat' dir='ltr'>ut</span> <span class='ocrx_word' id='word_1_121' title='bbox 636 2567 699 2606; x_wconf 81' lang='lat' dir='ltr'>cese</span> <span class='ocrx_word' id='word_1_122' title='bbox 719 2547 815 2605; x_wconf 87' lang='lat' dir='ltr'>miseri</span> <span class='ocrx_word' id='word_1_123' title='bbox 835 2566 894 2606; x_wconf 91' lang='lat' dir='ltr'>non</span> <span class='ocrx_word' id='word_1_124' title='bbox 907 2547 1000 2607; x_wconf 79' lang='lat' dir='ltr'>solum</span> <span class='ocrx_word' id='word_1_125' title='bbox 1012 2548 1147 2616; x_wconf 90' lang='lat' dir='ltr'>nolimus,</span> <span class='ocrx_word' id='word_1_126' title='bbox 1163 2548 1215 2607; x_wconf 82' lang='lat' dir='ltr'>sed</span> <span class='ocrx_word' id='word_1_127' title='bbox 1229 2567 1278 2606; x_wconf 92' lang='lat' dir='ltr'>ne·</span> 
     </span>
     <span class='ocr_line' id='line_1_15' title="bbox 186 2642 1277 2724; baseline 0.002 -21"><span class='ocrx_word' id='word_1_128' title='bbox 186 2664 328 2718; x_wconf 87' lang='lat' dir='ltr'>quaquam</span> <span class='ocrx_word' id='word_1_129' title='bbox 348 2665 463 2723; x_wconf 78' lang='lat' dir='ltr'>prorsus</span> <span class='ocrx_word' id='word_1_130' title='bbox 477 2648 550 2705; x_wconf 82' lang='lat' dir='ltr'>velle</span> <span class='ocrx_word' id='word_1_131' title='bbox 572 2642 766 2724; x_wconf 78' lang='lat' dir='ltr'>possimus.’‘¹</span> <span class='ocrx_word' id='word_1_132' title='bbox 807 2646 904 2703; x_wconf 87' lang='lat' dir='ltr'>Liberi</span> <span class='ocrx_word' id='word_1_133' title='bbox 930 2656 1023 2705; x_wconf 88' lang='lat' dir='ltr'>autem</span> <span class='ocrx_word' id='word_1_134' title='bbox 1046 2658 1112 2705; x_wconf 85' lang='lat' dir='ltr'>sunt</span> <span class='ocrx_word' id='word_1_135' title='bbox 1125 2660 1204 2705; x_wconf 77' lang='lat' dir='ltr'>actus</span> <span class='ocrx_word' id='word_1_136' title='bbox 1228 2650 1277 2719; x_wconf 91' lang='lat' dir='ltr'>qui</span> 
     </span>
     <span class='ocr_line' id='line_1_16' title="bbox 183 2743 1278 2822; baseline 0 -20"><span class='ocrx_word' id='word_1_137' title='bbox 183 2746 254 2802; x_wconf 88' lang='lat' dir='ltr'>fiunt</span> <span class='ocrx_word' id='word_1_138' title='bbox 268 2743 380 2804; x_wconf 89' lang='lat' dir='ltr'>adeam</span> <span class='ocrx_word' id='word_1_139' title='bbox 394 2746 635 2818; x_wconf 86' lang='lat' dir='ltr'>consequendam,</span> <span class='ocrx_word' id='word_1_140' title='bbox 650 2765 716 2803; x_wconf 91' lang='lat' dir='ltr'>narn</span> <span class='ocrx_word' id='word_1_141' title='bbox 740 2745 812 2802; x_wconf 88' lang='lat' dir='ltr'>inter</span> <span class='ocrx_word' id='word_1_142' title='bbox 828 2745 956 2803; x_wconf 83' lang='lat' dir='ltr'>subsidia</span> <span class='ocrx_word' id='word_1_143' title='bbox 969 2745 1050 2822; x_wconf 86' lang='lat' dir='ltr'>eligit</span> <span class='ocrx_word' id='word_1_144' title='bbox 1062 2746 1162 2813; x_wconf 90' lang='lat' dir='ltr'>homo,</span> <span class='ocrx_word' id='word_1_145' title='bbox 1178 2764 1215 2803; x_wconf 86' lang='lat' dir='ltr'>ex</span> <span class='ocrx_word' id='word_1_146' title='bbox 1229 2764 1278 2802; x_wconf 85' lang='lat' dir='ltr'>uo·</span> 
     </span>
     <span class='ocr_line' id='line_1_17' title="bbox 184 2844 1278 2922; baseline 0 -22"><span class='ocrx_word' id='word_1_147' title='bbox 184 2844 297 2901; x_wconf 79' lang='lat' dir='ltr'>luntatis</span> <span class='ocrx_word' id='word_1_148' title='bbox 320 2844 443 2912; x_wconf 86' lang='lat' dir='ltr'>arbitrio,</span> <span class='ocrx_word' id='word_1_149' title='bbox 459 2863 521 2917; x_wconf 85' lang='lat' dir='ltr'>quae</span> <span class='ocrx_word' id='word_1_150' title='bbox 544 2864 610 2904; x_wconf 89' lang='lat' dir='ltr'>cum</span> <span class='ocrx_word' id='word_1_151' title='bbox 632 2845 736 2903; x_wconf 90' lang='lat' dir='ltr'>faciant</span> <span class='ocrx_word' id='word_1_152' title='bbox 756 2844 888 2903; x_wconf 88' lang='lat' dir='ltr'>felicem:</span> <span class='ocrx_word' id='word_1_153' title='bbox 911 2856 940 2902; x_wconf 92' lang='lat' dir='ltr'>et</span> <span class='ocrx_word' id='word_1_154' title='bbox 960 2863 1038 2921; x_wconf 79' lang='lat' dir='ltr'>saepe</span> <span class='ocrx_word' id='word_1_155' title='bbox 1061 2863 1114 2905; x_wconf 78' lang='lat' dir='ltr'>auo</span> <span class='ocrx_word' id='word_1_156' title='bbox 1136 2845 1278 2922; x_wconf 87' lang='lat' dir='ltr'>decipitur</span> 
     </span>
     <span class='ocr_line' id='line_1_18' title="bbox 188 2943 316 3020; baseline 0.008 -22"><span class='ocrx_word' id='word_1_157' title='bbox 188 2943 316 3020; x_wconf 88' lang='lat' dir='ltr'>ingenio.</span> 
     </span>
    </p>

    <p class='ocr_par' dir='ltr' id='par_1_4' title="bbox 104 3041 1282 4206">
     <span class='ocr_line' id='line_1_19' title="bbox 226 3041 1275 3111; baseline 0.005 -15"><span class='ocrx_word' id='word_1_158' title='bbox 226 3045 255 3097; x_wconf 87' lang='lat'>9.</span> <span class='ocrx_word' id='word_1_159' title='bbox 278 3042 354 3098; x_wconf 89' lang='lat' dir='ltr'>Vera</span> <span class='ocrx_word' id='word_1_160' title='bbox 378 3042 512 3101; x_wconf 84' lang='lat' dir='ltr'>libertatis</span> <span class='ocrx_word' id='word_1_161' title='bbox 534 3045 613 3103; x_wconf 87' lang='lat' dir='ltr'>notio</span> <span class='ocrx_word' id='word_1_162' title='bbox 631 3062 748 3103; x_wconf 88' lang='lat' dir='ltr'>omnem</span> <span class='ocrx_word' id='word_1_163' title='bbox 768 3043 965 3102; x_wconf 87' lang='lat' dir='ltr'>necessitatem</span> <span class='ocrx_word' id='word_1_164' title='bbox 987 3041 1121 3111; x_wconf 85' lang='lat' dir='ltr'>excludit,</span> <span class='ocrx_word' id='word_1_165' title='bbox 1143 3053 1172 3101; x_wconf 90' lang='lat' dir='ltr'>et</span> <span class='ocrx_word' id='word_1_166' title='bbox 1192 3045 1275 3101; x_wconf 89' lang='lat' dir='ltr'>arbit·</span> 
     </span>
     <span class='ocr_line' id='line_1_20' title="bbox 187 3138 1279 3219; baseline 0.005 -23"><span class='ocrx_word' id='word_1_167' title='bbox 187 3140 261 3198; x_wconf 91' lang='lat' dir='ltr'>rium</span> <span class='ocrx_word' id='word_1_168' title='bbox 284 3138 390 3198; x_wconf 87' lang='lat' dir='ltr'>indicat</span> <span class='ocrx_word' id='word_1_169' title='bbox 411 3141 572 3209; x_wconf 81' lang='lat' dir='ltr'>voluntatis,</span> <span class='ocrx_word' id='word_1_170' title='bbox 596 3142 672 3215; x_wconf 92' lang='lat' dir='ltr'>quod</span> <span class='ocrx_word' id='word_1_171' title='bbox 693 3139 901 3219; x_wconf 77' lang='lat' dir='ltr'>irtdifferentia</span> <span class='ocrx_word' id='word_1_172' title='bbox 924 3152 1056 3209; x_wconf 87' lang='lat' dir='ltr'>vocatur;</span> <span class='ocrx_word' id='word_1_173' title='bbox 1081 3142 1191 3200; x_wconf 81' lang='lat' dir='ltr'>scilicet</span> <span class='ocrx_word' id='word_1_174' title='bbox 1215 3160 1279 3201; x_wconf 90' lang='lat' dir='ltr'>eam</span> 
     </span>
     <span class='ocr_line' id='line_1_21' title="bbox 188 3239 1279 3319; baseline 0 -23"><span class='ocrx_word' id='word_1_175' title='bbox 188 3250 266 3296; x_wconf 87' lang='lat' dir='ltr'>notat</span> <span class='ocrx_word' id='word_1_176' title='bbox 287 3239 437 3298; x_wconf 80' lang='lat' dir='ltr'>voluntatis</span> <span class='ocrx_word' id='word_1_177' title='bbox 452 3241 510 3301; x_wconf 82' lang='lat' dir='ltr'>vim</span> <span class='ocrx_word' id='word_1_178' title='bbox 533 3259 565 3299; x_wconf 87' lang='lat' dir='ltr'>ac</span> <span class='ocrx_word' id='word_1_179' title='bbox 587 3250 766 3319; x_wconf 85' lang='lat' dir='ltr'>potestatem,</span> <span class='ocrx_word' id='word_1_180' title='bbox 790 3260 855 3314; x_wconf 93' lang='lat' dir='ltr'>qua,</span> <span class='ocrx_word' id='word_1_181' title='bbox 879 3241 980 3318; x_wconf 80' lang='lat' dir='ltr'>positis</span> <span class='ocrx_word' id='word_1_182' title='bbox 1000 3242 1134 3299; x_wconf 86' lang='lat' dir='ltr'>omnibus</span> <span class='ocrx_word' id='word_1_183' title='bbox 1157 3260 1220 3312; x_wconf 85' lang='lat' dir='ltr'>quae</span> <span class='ocrx_word' id='word_1_184' title='bbox 1244 3240 1279 3298; x_wconf 87' lang='lat' dir='ltr'>ad</span> 
     </span>
     <span class='ocr_line' id='line_1_22' title="bbox 104 3339 1279 3420; baseline 0.002 -24"><span class='ocrx_word' id='word_1_185' title='bbox 104 3361 106 3365; x_wconf 50' lang='lat'><em>⁷</em></span> <span class='ocrx_word' id='word_1_186' title='bbox 187 3339 328 3415; x_wconf 88' lang='lat' dir='ltr'>agendum</span> <span class='ocrx_word' id='word_1_187' title='bbox 343 3340 531 3412; x_wconf 90' lang='lat' dir='ltr'>requiruntur,</span> <span class='ocrx_word' id='word_1_188' title='bbox 540 3360 623 3420; x_wconf 85' lang='lat' dir='ltr'>agere</span> <span class='ocrx_word' id='word_1_189' title='bbox 634 3341 679 3398; x_wconf 88' lang='lat' dir='ltr'>vel</span> <span class='ocrx_word' id='word_1_190' title='bbox 693 3359 751 3398; x_wconf 91' lang='lat' dir='ltr'>non</span> <span class='ocrx_word' id='word_1_191' title='bbox 765 3360 858 3418; x_wconf 87' lang='lat' dir='ltr'>agere,</span> <span class='ocrx_word' id='word_1_192' title='bbox 873 3358 925 3417; x_wconf 90' lang='lat' dir='ltr'>pro</span> <span class='ocrx_word' id='word_1_193' title='bbox 936 3358 987 3396; x_wconf 84' lang='lat' dir='ltr'>sua</span> <span class='ocrx_word' id='word_1_194' title='bbox 1000 3340 1137 3399; x_wconf 86' lang='lat' dir='ltr'>electione</span> <span class='ocrx_word' id='word_1_195' title='bbox 1147 3351 1175 3397; x_wconf 92' lang='lat' dir='ltr'>et</span> <span class='ocrx_word' id='word_1_196' title='bbox 1188 3341 1279 3399; x_wconf 88' lang='lat' dir='ltr'>deter-</span> 
     </span>
     <span class='ocr_line' id='line_1_23' title="bbox 187 3436 1280 3515; baseline 0.002 -21"><span class='ocrx_word' id='word_1_197' title='bbox 187 3437 354 3505; x_wconf 87' lang='lat' dir='ltr'>minatione,</span> <span class='ocrx_word' id='word_1_198' title='bbox 369 3437 468 3494; x_wconf 86' lang='lat' dir='ltr'>valcat.</span> <span class='ocrx_word' id='word_1_199' title='bbox 510 3437 622 3497; x_wconf 87' lang='lat' dir='ltr'>Vanam</span> <span class='ocrx_word' id='word_1_200' title='bbox 647 3450 755 3497; x_wconf 90' lang='lat' dir='ltr'>tantum</span> <span class='ocrx_word' id='word_1_201' title='bbox 777 3441 905 3515; x_wconf 80' lang='lat' dir='ltr'>speciem</span> <span class='ocrx_word' id='word_1_202' title='bbox 928 3436 1073 3507; x_wconf 82' lang='lat' dir='ltr'>exhibent,</span> <span class='ocrx_word' id='word_1_203' title='bbox 1089 3441 1139 3513; x_wconf 93' lang='lat' dir='ltr'>qui</span> <span class='ocrx_word' id='word_1_204' title='bbox 1152 3440 1280 3497; x_wconf 89' lang='lat' dir='ltr'>volunta-</span> 
     </span>
     <span class='ocr_line' id='line_1_24' title="bbox 188 3536 1279 3615; baseline 0.003 -22"><span class='ocrx_word' id='word_1_205' title='bbox 188 3546 245 3593; x_wconf 88' lang='lat' dir='ltr'>tem</span> <span class='ocrx_word' id='word_1_206' title='bbox 258 3554 274 3591; x_wconf 93' lang='lat' dir='ltr'>a</span> <span class='ocrx_word' id='word_1_207' title='bbox 284 3537 515 3610; x_wconf 85' lang='lat' dir='ltr'>concupiscentia</span> <span class='ocrx_word' id='word_1_208' title='bbox 526 3537 570 3594; x_wconf 87' lang='lat' dir='ltr'>vel</span> <span class='ocrx_word' id='word_1_209' title='bbox 581 3536 668 3615; x_wconf 89' lang='lat' dir='ltr'>gratia</span> <span class='ocrx_word' id='word_1_210' title='bbox 678 3536 858 3594; x_wconf 89' lang='lat' dir='ltr'>determinari</span> <span class='ocrx_word' id='word_1_211' title='bbox 869 3536 1075 3604; x_wconf 79' lang='lat' dir='ltr'>existimantes,</span> <span class='ocrx_word' id='word_1_212' title='bbox 1087 3557 1151 3595; x_wconf 84' lang='lat' dir='ltr'>eam</span> <span class='ocrx_word' id='word_1_213' title='bbox 1161 3538 1279 3596; x_wconf 92' lang='lat' dir='ltr'>liberam</span> 
     </span>
     <span class='ocr_line' id='line_1_25' title="bbox 190 3632 1280 3712; baseline 0.002 -22"><span class='ocrx_word' id='word_1_214' title='bbox 190 3632 343 3709; x_wconf 77' lang='lat' dir='ltr'>predicant</span> <span class='ocrx_word' id='word_1_215' title='bbox 356 3651 391 3690; x_wconf 91' lang='lat' dir='ltr'>eo</span> <span class='ocrx_word' id='word_1_216' title='bbox 406 3634 483 3705; x_wconf 92' lang='lat' dir='ltr'>quod</span> <span class='ocrx_word' id='word_1_217' title='bbox 499 3636 529 3692; x_wconf 92' lang='lat' dir='ltr'>in</span> <span class='ocrx_word' id='word_1_218' title='bbox 550 3635 599 3693; x_wconf 92' lang='lat' dir='ltr'>illa</span> <span class='ocrx_word' id='word_1_219' title='bbox 620 3634 853 3692; x_wconf 87' lang='lat' dir='ltr'>determinatione</span> <span class='ocrx_word' id='word_1_220' title='bbox 875 3635 929 3692; x_wconf 84' lang='lat' dir='ltr'>sibi</span> <span class='ocrx_word' id='word_1_221' title='bbox 948 3635 1133 3712; x_wconf 84' lang='lat' dir='ltr'>complaceat,</span> <span class='ocrx_word' id='word_1_222' title='bbox 1149 3639 1280 3709; x_wconf 81' lang='lat' dir='ltr'>quamvis</span> 
     </span>
     <span class='ocr_line' id='line_1_26' title="bbox 190 3732 1280 3814; baseline 0.004 -25"><span class='ocrx_word' id='word_1_223' title='bbox 190 3733 367 3814; x_wconf 66' lang='lat' dir='ltr'>necessario:</span> <span class='ocrx_word' id='word_1_224' title='bbox 389 3750 441 3789; x_wconf 89' lang='lat' dir='ltr'>nec</span> <span class='ocrx_word' id='word_1_225' title='bbox 456 3734 533 3791; x_wconf 90' lang='lat' dir='ltr'>enim</span> <span class='ocrx_word' id='word_1_226' title='bbox 547 3752 564 3789; x_wconf 93' lang='lat' dir='ltr'>a</span> <span class='ocrx_word' id='word_1_227' title='bbox 583 3733 725 3808; x_wconf 87' lang='lat' dir='ltr'>voluptate</span> <span class='ocrx_word' id='word_1_228' title='bbox 740 3732 797 3799; x_wconf 91' lang='lat' dir='ltr'>illa,</span> <span class='ocrx_word' id='word_1_229' title='bbox 812 3733 842 3790; x_wconf 91' lang='lat' dir='ltr'>in</span> <span class='ocrx_word' id='word_1_230' title='bbox 864 3733 919 3791; x_wconf 84' lang='lat' dir='ltr'>illie</span> <span class='ocrx_word' id='word_1_231' title='bbox 940 3751 1034 3792; x_wconf 88' lang='lat' dir='ltr'>rerum</span> <span class='ocrx_word' id='word_1_232' title='bbox 1049 3734 1200 3812; x_wconf 82' lang='lat' dir='ltr'>adjunctis,</span> <span class='ocrx_word' id='word_1_233' title='bbox 1216 3754 1280 3793; x_wconf 90' lang='lat' dir='ltr'>eam</span> 
     </span>
     <span class='ocr_line' id='line_1_27' title="bbox 189 3830 1278 3908; baseline 0.003 -21"><span class='ocrx_word' id='word_1_234' title='bbox 189 3851 220 3889; x_wconf 81' lang='lat' dir='ltr'>ee</span> <span class='ocrx_word' id='word_1_235' title='bbox 244 3849 330 3908; x_wconf 80' lang='lat' dir='ltr'>posse</span> <span class='ocrx_word' id='word_1_236' title='bbox 352 3830 484 3889; x_wconf 86' lang='lat' dir='ltr'>cohibere</span> <span class='ocrx_word' id='word_1_237' title='bbox 506 3842 632 3889; x_wconf 85' lang='lat' dir='ltr'>censent.</span> <span class='ocrx_word' id='word_1_238' title='bbox 675 3830 707 3887; x_wconf 82' lang='lat' dir='ltr'>S.</span> <span class='ocrx_word' id='word_1_239' title='bbox 729 3830 860 3888; x_wconf 82' lang='lat' dir='ltr'>Thomas</span> <span class='ocrx_word' id='word_1_240' title='bbox 884 3833 1012 3903; x_wconf 83' lang='lat' dir='ltr'>Aquinas</span> <span class='ocrx_word' id='word_1_241' title='bbox 1034 3852 1050 3890; x_wconf 91' lang='lat' dir='ltr'>e</span> <span class='ocrx_word' id='word_1_242' title='bbox 1074 3832 1278 3892; x_wconf 89' lang='lat' dir='ltr'>contradicit:</span> 
     </span>
     <span class='ocr_line' id='line_1_28' title="bbox 190 3929 1282 4006; baseline 0 -17"><span class='ocrx_word' id='word_1_243' title='bbox 190 3939 209 3965; x_wconf 77' lang='lat'>‘⁴</span> <span class='ocrx_word' id='word_1_244' title='bbox 220 3930 265 3989; x_wconf 80' lang='lat' dir='ltr'>nd</span> <span class='ocrx_word' id='word_1_245' title='bbox 279 3931 417 3988; x_wconf 86' lang='lat' dir='ltr'>rationem</span> <span class='ocrx_word' id='word_1_246' title='bbox 430 3930 512 3988; x_wconf 91' lang='lat' dir='ltr'>liberi</span> <span class='ocrx_word' id='word_1_247' title='bbox 525 3930 630 3987; x_wconf 90' lang='lat' dir='ltr'>arbitrii</span> <span class='ocrx_word' id='word_1_248' title='bbox 653 3930 785 4006; x_wconf 85' lang='lat' dir='ltr'>pertinet,</span> <span class='ocrx_word' id='word_1_249' title='bbox 800 3939 832 3987; x_wconf 91' lang='lat' dir='ltr'>ut</span> <span class='ocrx_word' id='word_1_250' title='bbox 849 3929 1063 3989; x_wconf 88' lang='lat' dir='ltr'>indeterminate</span> <span class='ocrx_word' id='word_1_251' title='bbox 1085 3951 1116 3989; x_wconf 81' lang='lat' dir='ltr'>se</span> <span class='ocrx_word' id='word_1_252' title='bbox 1130 3933 1232 3989; x_wconf 88' lang='lat' dir='ltr'>habeat</span> <span class='ocrx_word' id='word_1_253' title='bbox 1245 3932 1282 3990; x_wconf 90' lang='lat' dir='ltr'>ad</span> 
     </span>
     <span class='ocr_line' id='line_1_29' title="bbox 189 4028 1281 4105; baseline 0.003 -20"><span class='ocrx_word' id='word_1_254' title='bbox 189 4030 307 4096; x_wconf 86' lang='lat' dir='ltr'>bonurn,</span> <span class='ocrx_word' id='word_1_255' title='bbox 322 4031 367 4086; x_wconf 82' lang='lat' dir='ltr'>vel</span> <span class='ocrx_word' id='word_1_256' title='bbox 381 4028 415 4086; x_wconf 94' lang='lat' dir='ltr'>ad</span> <span class='ocrx_word' id='word_1_257' title='bbox 430 4029 547 4098; x_wconf 73' lang='lat' dir='ltr'>malm,</span> <span class='ocrx_word' id='word_1_258' title='bbox 563 4029 631 4101; x_wconf 91' lang='lat' dir='ltr'>quia</span> <span class='ocrx_word' id='word_1_259' title='bbox 643 4028 764 4086; x_wconf 90' lang='lat' dir='ltr'>liberum</span> <span class='ocrx_word' id='word_1_260' title='bbox 778 4028 922 4087; x_wconf 88' lang='lat' dir='ltr'>arbitrium</span> <span class='ocrx_word' id='word_1_261' title='bbox 936 4048 988 4105; x_wconf 88' lang='lat' dir='ltr'>per</span> <span class='ocrx_word' id='word_1_262' title='bbox 1010 4048 1041 4087; x_wconf 82' lang='lat' dir='ltr'>ae</span> <span class='ocrx_word' id='word_1_263' title='bbox 1062 4032 1093 4088; x_wconf 93' lang='lat' dir='ltr'>in</span> <span class='ocrx_word' id='word_1_264' title='bbox 1114 4033 1222 4090; x_wconf 90' lang='lat' dir='ltr'>bonum</span> <span class='ocrx_word' id='word_1_265' title='bbox 1237 4049 1281 4089; x_wconf 90' lang='lat' dir='ltr'>or-</span> 
     </span>
     <span class='ocr_line' id='line_1_30' title="bbox 190 4126 1280 4206; baseline 0.005 -22"><span class='ocrx_word' id='word_1_266' title='bbox 190 4126 317 4185; x_wconf 89' lang='lat' dir='ltr'>dinatum</span> <span class='ocrx_word' id='word_1_267' title='bbox 339 4139 392 4196; x_wconf 80' lang='lat' dir='ltr'>cet,</span> <span class='ocrx_word' id='word_1_268' title='bbox 407 4147 497 4200; x_wconf 93' lang='lat' dir='ltr'>quum</span> <span class='ocrx_word' id='word_1_269' title='bbox 519 4129 626 4187; x_wconf 88' lang='lat' dir='ltr'>bonum</span> <span class='ocrx_word' id='word_1_270' title='bbox 648 4127 685 4184; x_wconf 82' lang='lat' dir='ltr'>eit</span> <span class='ocrx_word' id='word_1_271' title='bbox 705 4127 847 4206; x_wconf 90' lang='lat' dir='ltr'>objectum</span> <span class='ocrx_word' id='word_1_272' title='bbox 869 4127 1031 4199; x_wconf 82' lang='lat' dir='ltr'>voluntatis,</span> <span class='ocrx_word' id='word_1_273' title='bbox 1046 4148 1100 4188; x_wconf 89' lang='lat' dir='ltr'>nec</span> <span class='ocrx_word' id='word_1_274' title='bbox 1121 4132 1152 4189; x_wconf 93' lang='lat' dir='ltr'>in</span> <span class='ocrx_word' id='word_1_275' title='bbox 1173 4130 1280 4190; x_wconf 88' lang='lat' dir='ltr'>malum</span> 
     </span>
    </p>
   </div>
   <div class='ocr_carea' id='block_1_4' title="bbox 560 4293 1024 4365">
    <p class='ocr_par' dir='ltr' id='par_1_5' title="bbox 560 4293 1024 4365">
     <span class='ocr_line' id='line_1_31' title="bbox 560 4293 1024 4365; baseline -0.028 -16"><span class='ocrx_word' id='word_1_276' title='bbox 560 4296 602 4360; x_wconf 89' lang='lat' dir='ltr'>(l)</span> <span class='ocrx_word' id='word_1_277' title='bbox 616 4293 683 4357; x_wconf 74' lang='lat' dir='ltr'>Aug.</span> <span class='ocrx_word' id='word_1_278' title='bbox 694 4293 832 4356; x_wconf 79' lang='lat' dir='ltr'>quuchir,</span> <span class='ocrx_word' id='word_1_279' title='bbox 843 4311 864 4345; x_wconf 83' lang='lat' dir='ltr'>c</span> <span class='ocrx_word' id='word_1_280' title='bbox 878 4311 914 4346; x_wconf 86' lang='lat' dir='ltr'>cv.</span> <span class='ocrx_word' id='word_1_281' title='bbox 1013 4344 1024 4365; x_wconf 44' lang='grc' dir='ltr'><strong><em>ο</em></strong></span> 
     </span>
    </p>
   </div>
   <div class='ocr_carea' id='block_1_5' title="bbox 0 0 1386 4980">
    <p class='ocr_par' dir='ltr' id='par_1_6' title="bbox 0 0 1386 4980">
     <span class='ocr_line' id='line_1_32' title="bbox 0 0 1386 4980; baseline 0 0"><span class='ocrx_word' id='word_1_282' title='bbox 0 0 1386 4980; x_wconf 95' lang='lat' dir='ltr'> </span> 
     </span>
    </p>
   </div>
  </div>
 </body>
</html>
