<?xml version="1.0" encoding="UTF-8"?>
<!DOCTYPE html PUBLIC "-//W3C//DTD XHTML 1.0 Transitional//EN"
    "http://www.w3.org/TR/xhtml1/DTD/xhtml1-transitional.dtd">
<html xmlns="http://www.w3.org/1999/xhtml" xml:lang="en" lang="en">
 <head>
  <title>
</title>
<meta http-equiv="Content-Type" content="text/html;charset=utf-8" />
  <meta name='ocr-system' content='tesseract 3.04.00' />
  <meta name='ocr-capabilities' content='ocr_page ocr_carea ocr_par ocr_line ocrx_word'/>
</head>
<body>
  <div class='ocr_page' id='page_1' title='image "./theologiaemoral00kenrgoog_0298.png"; bbox 0 0 2744 4980; ppageno 0'>
   <div class='ocr_carea' id='block_1_1' title="bbox 294 419 1221 488">
    <p class='ocr_par' dir='ltr' id='par_1_1' title="bbox 294 419 1221 488">
     <span class='ocr_line' id='line_1_1' title="bbox 294 419 1221 488; baseline 0.009 -8"><span class='ocrx_word' id='word_1_1' title='bbox 294 422 351 481; x_wconf 85' lang='lat' dir='ltr'>DE</span> <span class='ocrx_word' id='word_1_2' title='bbox 371 421 524 481; x_wconf 81' lang='lat' dir='ltr'><strong>LEGUM</strong></span> <span class='ocrx_word' id='word_1_3' title='bbox 545 419 740 485; x_wconf 80' lang='lat' dir='ltr'>olvlLruM</span> <span class='ocrx_word' id='word_1_4' title='bbox 762 422 1063 487; x_wconf 73' lang='lat' dir='ltr'>OBLtGATIONE.</span> <span class='ocrx_word' id='word_1_5' title='bbox 1163 434 1221 488; x_wconf 77' lang='lat'>277</span> 
     </span>
    </p>
   </div>
   <div class='ocr_carea' id='block_1_2' title="bbox 128 585 1276 2539">
    <p class='ocr_par' dir='ltr' id='par_1_2' title="bbox 128 585 1276 2539">
     <span class='ocr_line' id='line_1_2' title="bbox 130 585 1223 667; baseline 0.006 -25"><span class='ocrx_word' id='word_1_6' title='bbox 130 585 262 663; x_wconf 75' lang='lat' dir='ltr'>singulos</span> <span class='ocrx_word' id='word_1_7' title='bbox 281 586 368 652; x_wconf 87' lang='lat' dir='ltr'>cives,</span> <span class='ocrx_word' id='word_1_8' title='bbox 382 585 463 663; x_wconf 82' lang='lat' dir='ltr'>ligari</span> <span class='ocrx_word' id='word_1_9' title='bbox 477 586 533 644; x_wconf 84' lang='lat' dir='ltr'>illis</span> <span class='ocrx_word' id='word_1_10' title='bbox 545 587 666 664; x_wconf 82' lang='lat' dir='ltr'>legibus,</span> <span class='ocrx_word' id='word_1_11' title='bbox 688 606 774 661; x_wconf 90' lang='lat' dir='ltr'>quum</span> <span class='ocrx_word' id='word_1_12' title='bbox 794 597 918 664; x_wconf 88' lang='lat' dir='ltr'>potestas</span> <span class='ocrx_word' id='word_1_13' title='bbox 939 608 994 660; x_wconf 89' lang='lat' dir='ltr'>qua</span> <span class='ocrx_word' id='word_1_14' title='bbox 1007 589 1131 647; x_wconf 83' lang='lat' dir='ltr'>seruntur</span> <span class='ocrx_word' id='word_1_15' title='bbox 1145 610 1160 647; x_wconf 91' lang='lat' dir='ltr'>a</span> <span class='ocrx_word' id='word_1_16' title='bbox 1173 610 1223 667; x_wconf 92' lang='lat' dir='ltr'>po·</span> 
     </span>
     <span class='ocr_line' id='line_1_3' title="bbox 130 685 1222 765; baseline 0.005 -23"><span class='ocrx_word' id='word_1_17' title='bbox 130 685 202 761; x_wconf 87' lang='lat' dir='ltr'>pulo</span> <span class='ocrx_word' id='word_1_18' title='bbox 216 686 283 761; x_wconf 85' lang='lat' dir='ltr'>ipso</span> <span class='ocrx_word' id='word_1_19' title='bbox 296 687 467 752; x_wconf 86' lang='lat' dir='ltr'>manaverit;</span> <span class='ocrx_word' id='word_1_20' title='bbox 489 685 565 757; x_wconf 91' lang='lat' dir='ltr'>quod</span> <span class='ocrx_word' id='word_1_21' title='bbox 578 686 643 743; x_wconf 92' lang='lat' dir='ltr'>siin</span> <span class='ocrx_word' id='word_1_22' title='bbox 657 685 774 744; x_wconf 90' lang='lat' dir='ltr'>dubium</span> <span class='ocrx_word' id='word_1_23' title='bbox 785 696 1032 745; x_wconf 85' lang='lat' dir='ltr'>revoceturutmm</span> <span class='ocrx_word' id='word_1_24' title='bbox 1041 686 1222 765; x_wconf 73' lang='lat' dir='ltr'>congressus</span> 
     </span>
     <span class='ocr_line' id='line_1_4' title="bbox 130 782 1222 858; baseline 0.005 -19"><span class='ocrx_word' id='word_1_25' title='bbox 130 801 167 840; x_wconf 91' lang='lat' dir='ltr'>ea</span> <span class='ocrx_word' id='word_1_26' title='bbox 180 784 285 841; x_wconf 87' lang='lat' dir='ltr'>abusus</span> <span class='ocrx_word' id='word_1_27' title='bbox 305 784 352 850; x_wconf 86' lang='lat' dir='ltr'>sit,</span> <span class='ocrx_word' id='word_1_28' title='bbox 367 782 524 841; x_wconf 90' lang='lat' dir='ltr'>remedium</span> <span class='ocrx_word' id='word_1_29' title='bbox 538 801 699 858; x_wconf 77' lang='lat' dir='ltr'>superesse,</span> <span class='ocrx_word' id='word_1_30' title='bbox 721 786 912 843; x_wconf 85' lang='lat' dir='ltr'>controversia</span> <span class='ocrx_word' id='word_1_31' title='bbox 930 784 1095 844; x_wconf 90' lang='lat' dir='ltr'>deducenda</span> <span class='ocrx_word' id='word_1_32' title='bbox 1113 785 1149 844; x_wconf 88' lang='lat' dir='ltr'>ad</span> <span class='ocrx_word' id='word_1_33' title='bbox 1163 786 1222 845; x_wconf 86' lang='lat' dir='ltr'>Cu·</span> 
     </span>
     <span class='ocr_line' id='line_1_5' title="bbox 130 868 1221 962; baseline 0.003 -22"><span class='ocrx_word' id='word_1_34' title='bbox 130 884 204 940; x_wconf 88' lang='lat' dir='ltr'>riam</span> <span class='ocrx_word' id='word_1_35' title='bbox 216 882 397 957; x_wconf 81' lang='lat' dir='ltr'>Supremam,</span> <span class='ocrx_word' id='word_1_36' title='bbox 407 900 491 954; x_wconf 89' lang='lat' dir='ltr'>quam</span> <span class='ocrx_word' id='word_1_37' title='bbox 502 868 682 959; x_wconf 78' lang='lat' dir='ltr'>interpretem</span> <span class='ocrx_word' id='word_1_38' title='bbox 691 883 844 959; x_wconf 78' lang='lat' dir='ltr'>praedicant</span> <span class='ocrx_word' id='word_1_39' title='bbox 853 882 1071 943; x_wconf 84' lang='lat' dir='ltr'>Constitutionis</span> <span class='ocrx_word' id='word_1_40' title='bbox 1081 886 1221 962; x_wconf 75' lang='lat' dir='ltr'>etlegum</span> 
     </span>
     <span class='ocr_line' id='line_1_6' title="bbox 129 979 1276 1063; baseline 0.007 -27"><span class='ocrx_word' id='word_1_41' title='bbox 129 981 245 1039; x_wconf 89' lang='lat' dir='ltr'>arbitrio</span> <span class='ocrx_word' id='word_1_42' title='bbox 267 998 380 1038; x_wconf 90' lang='lat' dir='ltr'>summo</span> <span class='ocrx_word' id='word_1_43' title='bbox 400 979 556 1055; x_wconf 80' lang='lat' dir='ltr'>preditam,</span> <span class='ocrx_word' id='word_1_44' title='bbox 570 980 651 1057; x_wconf 86' lang='lat' dir='ltr'>cujus</span> <span class='ocrx_word' id='word_1_45' title='bbox 674 983 812 1040; x_wconf 89' lang='lat' dir='ltr'>sententia</span> <span class='ocrx_word' id='word_1_46' title='bbox 832 1000 942 1048; x_wconf 85' lang='lat' dir='ltr'>omnes,</span> <span class='ocrx_word' id='word_1_47' title='bbox 957 992 1015 1040; x_wconf 90' lang='lat' dir='ltr'>tum</span> <span class='ocrx_word' id='word_1_48' title='bbox 1039 984 1145 1051; x_wconf 84' lang='lat' dir='ltr'>Status,</span> <span class='ocrx_word' id='word_1_49' title='bbox 1160 994 1219 1044; x_wconf 89' lang='lat' dir='ltr'>tum</span> <span class='ocrx_word' id='word_1_50' title='bbox 1268 1050 1276 1063; x_wconf 86' lang='lat'><strong>.</strong></span> 
     </span>
     <span class='ocr_line' id='line_1_7' title="bbox 133 1078 1221 1158; baseline 0.004 -22"><span class='ocrx_word' id='word_1_51' title='bbox 133 1080 225 1147; x_wconf 89' lang='lat' dir='ltr'>cives,</span> <span class='ocrx_word' id='word_1_52' title='bbox 240 1078 337 1137; x_wconf 91' lang='lat' dir='ltr'>dicunt</span> <span class='ocrx_word' id='word_1_53' title='bbox 357 1078 448 1155; x_wconf 88' lang='lat' dir='ltr'>ligari.</span> <span class='ocrx_word' id='word_1_54' title='bbox 491 1078 576 1147; x_wconf 89' lang='lat' dir='ltr'>Quod</span> <span class='ocrx_word' id='word_1_55' title='bbox 598 1081 623 1136; x_wconf 91' lang='lat' dir='ltr'>si</span> <span class='ocrx_word' id='word_1_56' title='bbox 646 1078 741 1137; x_wconf 86' lang='lat' dir='ltr'>Status</span> <span class='ocrx_word' id='word_1_57' title='bbox 755 1080 858 1154; x_wconf 90' lang='lat' dir='ltr'>aliquis</span> <span class='ocrx_word' id='word_1_58' title='bbox 879 1099 909 1137; x_wconf 88' lang='lat' dir='ltr'>se</span> <span class='ocrx_word' id='word_1_59' title='bbox 932 1099 966 1138; x_wconf 91' lang='lat' dir='ltr'>ea</span> <span class='ocrx_word' id='word_1_60' title='bbox 988 1086 1095 1158; x_wconf 78' lang='lat' dir='ltr'>gravari</span> <span class='ocrx_word' id='word_1_61' title='bbox 1109 1085 1221 1149; x_wconf 85' lang='lat' dir='ltr'>sentiat,</span> 
     </span>
     <span class='ocr_line' id='line_1_8' title="bbox 130 1175 1222 1279; baseline 0.006 -45"><span class='ocrx_word' id='word_1_62' title='bbox 130 1195 191 1236; x_wconf 90' lang='lat' dir='ltr'>non</span> <span class='ocrx_word' id='word_1_63' title='bbox 205 1178 307 1253; x_wconf 90' lang='lat' dir='ltr'>poterit</span> <span class='ocrx_word' id='word_1_64' title='bbox 327 1176 434 1237; x_wconf 90' lang='lat' dir='ltr'>idcirco</span> <span class='ocrx_word' id='word_1_65' title='bbox 454 1175 693 1235; x_wconf 79' lang='lat' dir='ltr'>Constitutionem</span> <span class='ocrx_word' id='word_1_66' title='bbox 707 1179 823 1247; x_wconf 88' lang='lat' dir='ltr'>violare,</span> <span class='ocrx_word' id='word_1_67' title='bbox 825 1180 893 1279; x_wconf 44' lang='lat' dir='ltr'>degi</span> <span class='ocrx_word' id='word_1_68' title='bbox 914 1179 958 1236; x_wconf 90' lang='lat' dir='ltr'>vel</span> <span class='ocrx_word' id='word_1_69' title='bbox 978 1183 1123 1240; x_wconf 75' lang='lat' dir='ltr'>sententiae</span> <span class='ocrx_word' id='word_1_70' title='bbox 1137 1184 1222 1241; x_wconf 61' lang='lat' dir='ltr'>recise</span> 
     </span>
     <span class='ocr_line' id='line_1_9' title="bbox 130 1234 1258 1373; baseline 0.007 -43"><span class='ocrx_word' id='word_1_71' title='bbox 130 1275 236 1343; x_wconf 86' lang='lat' dir='ltr'>tendo;</span> <span class='ocrx_word' id='word_1_72' title='bbox 257 1275 307 1337; x_wconf 84' lang='lat' dir='ltr'>sed</span> <span class='ocrx_word' id='word_1_73' title='bbox 326 1275 503 1353; x_wconf 85' lang='lat' dir='ltr'>expectanda</span> <span class='ocrx_word' id='word_1_74' title='bbox 522 1276 575 1332; x_wconf 89' lang='lat' dir='ltr'>erit</span> <span class='ocrx_word' id='word_1_75' title='bbox 594 1274 813 1337; x_wconf 73' lang='lat' dir='ltr'>constitutionis</span> <span class='ocrx_word' id='word_1_76' title='bbox 833 1275 1002 1344; x_wconf 84' lang='lat' dir='ltr'>emendatio,</span> <span class='ocrx_word' id='word_1_77' title='bbox 1023 1298 1086 1352; x_wconf 75' lang='lat' dir='ltr'>qua</span> <span class='ocrx_word' id='word_1_78' title='bbox 1106 1234 1258 1373; x_wconf 53' lang='lat' dir='ltr'>nonn-</span> 
     </span>
     <span class='ocr_line' id='line_1_10' title="bbox 129 1375 1222 1452; baseline 0.003 -20"><span class='ocrx_word' id='word_1_79' title='bbox 129 1375 221 1433; x_wconf 87' lang='lat' dir='ltr'>tribus</span> <span class='ocrx_word' id='word_1_80' title='bbox 235 1393 271 1432; x_wconf 84' lang='lat' dir='ltr'>ex</span> <span class='ocrx_word' id='word_1_81' title='bbox 286 1387 405 1447; x_wconf 88' lang='lat' dir='ltr'>quatuor</span> <span class='ocrx_word' id='word_1_82' title='bbox 417 1375 541 1451; x_wconf 86' lang='lat' dir='ltr'>partibus</span> <span class='ocrx_word' id='word_1_83' title='bbox 560 1375 691 1432; x_wconf 90' lang='lat' dir='ltr'>omnium</span> <span class='ocrx_word' id='word_1_84' title='bbox 709 1375 839 1433; x_wconf 89' lang='lat' dir='ltr'>Statuum</span> <span class='ocrx_word' id='word_1_85' title='bbox 854 1378 1098 1435; x_wconf 86' lang='lat' dir='ltr'>consentientibus</span> <span class='ocrx_word' id='word_1_86' title='bbox 1118 1380 1222 1452; x_wconf 82' lang='lat' dir='ltr'>poterit</span> 
     </span>
     <span class='ocr_line' id='line_1_11' title="bbox 129 1470 1221 1553; baseline 0.005 -23"><span class='ocrx_word' id='word_1_87' title='bbox 129 1470 220 1530; x_wconf 85' lang='lat' dir='ltr'>tieri.¹</span> <span class='ocrx_word' id='word_1_88' title='bbox 246 1472 514 1550; x_wconf 77' lang='lat' dir='ltr'>ingravissimahac</span> <span class='ocrx_word' id='word_1_89' title='bbox 524 1471 736 1549; x_wconf 88' lang='lat' dir='ltr'>disceptatione,</span> <span class='ocrx_word' id='word_1_90' title='bbox 746 1493 808 1545; x_wconf 81' lang='lat' dir='ltr'>quae</span> <span class='ocrx_word' id='word_1_91' title='bbox 816 1473 967 1548; x_wconf 88' lang='lat' dir='ltr'>aliquando</span> <span class='ocrx_word' id='word_1_92' title='bbox 975 1474 1221 1553; x_wconf 85' lang='lat' dir='ltr'>civilisbeiliperi·</span> 
     </span>
     <span class='ocr_line' id='line_1_12' title="bbox 129 1570 1221 1649; baseline 0.005 -22"><span class='ocrx_word' id='word_1_93' title='bbox 129 1572 199 1630; x_wconf 83' lang='lat' dir='ltr'>culo</span> <span class='ocrx_word' id='word_1_94' title='bbox 212 1570 287 1630; x_wconf 91' lang='lat' dir='ltr'>haud</span> <span class='ocrx_word' id='word_1_95' title='bbox 300 1572 398 1639; x_wconf 90' lang='lat' dir='ltr'>caruit,</span> <span class='ocrx_word' id='word_1_96' title='bbox 412 1571 515 1647; x_wconf 79' lang='lat' dir='ltr'>singuli</span> <span class='ocrx_word' id='word_1_97' title='bbox 529 1572 605 1629; x_wconf 89' lang='lat' dir='ltr'>cives</span> <span class='ocrx_word' id='word_1_98' title='bbox 619 1581 751 1649; x_wconf 90' lang='lat' dir='ltr'>poterunt</span> <span class='ocrx_word' id='word_1_99' title='bbox 763 1591 826 1631; x_wconf 88' lang='lat' dir='ltr'>eam</span> <span class='ocrx_word' id='word_1_100' title='bbox 840 1575 1080 1646; x_wconf 78' lang='lat' dir='ltr'>sententiamque</span> <span class='ocrx_word' id='word_1_101' title='bbox 1094 1575 1148 1632; x_wconf 91' lang='lat' dir='ltr'>sibi</span> <span class='ocrx_word' id='word_1_102' title='bbox 1159 1577 1221 1633; x_wconf 87' lang='lat' dir='ltr'>visa</span> 
     </span>
     <span class='ocr_line' id='line_1_13' title="bbox 128 1669 1220 1746; baseline 0.003 -18"><span class='ocrx_word' id='word_1_103' title='bbox 128 1671 216 1729; x_wconf 83' lang='lat' dir='ltr'>suerit</span> <span class='ocrx_word' id='word_1_104' title='bbox 228 1671 336 1742; x_wconf 80' lang='lat' dir='ltr'>sequior</span> <span class='ocrx_word' id='word_1_105' title='bbox 347 1672 446 1743; x_wconf 79' lang='lat' dir='ltr'>sequi3</span> <span class='ocrx_word' id='word_1_106' title='bbox 466 1670 511 1727; x_wconf 91' lang='lat' dir='ltr'>vel</span> <span class='ocrx_word' id='word_1_107' title='bbox 524 1669 696 1729; x_wconf 86' lang='lat' dir='ltr'>dubitatione</span> <span class='ocrx_word' id='word_1_108' title='bbox 716 1682 847 1729; x_wconf 90' lang='lat' dir='ltr'>manente</span> <span class='ocrx_word' id='word_1_109' title='bbox 867 1671 969 1743; x_wconf 88' lang='lat' dir='ltr'>cuique</span> <span class='ocrx_word' id='word_1_110' title='bbox 982 1672 1079 1730; x_wconf 82' lang='lat' dir='ltr'>licebit</span> <span class='ocrx_word' id='word_1_111' title='bbox 1090 1676 1220 1746; x_wconf 79' lang='lat' dir='ltr'>potestati</span> 
     </span>
     <span class='ocr_line' id='line_1_14' title="bbox 130 1770 1220 1848; baseline 0.001 -20"><span class='ocrx_word' id='word_1_112' title='bbox 130 1770 179 1828; x_wconf 86' lang='lat' dir='ltr'>cui</span> <span class='ocrx_word' id='word_1_113' title='bbox 189 1770 286 1827; x_wconf 90' lang='lat' dir='ltr'>subest</span> <span class='ocrx_word' id='word_1_114' title='bbox 298 1771 508 1847; x_wconf 87' lang='lat' dir='ltr'>obtemperare:</span> <span class='ocrx_word' id='word_1_115' title='bbox 529 1771 580 1828; x_wconf 82' lang='lat' dir='ltr'>vix</span> <span class='ocrx_word' id='word_1_116' title='bbox 594 1771 671 1828; x_wconf 86' lang='lat' dir='ltr'>eninr</span> <span class='ocrx_word' id='word_1_117' title='bbox 684 1772 787 1847; x_wconf 89' lang='lat' dir='ltr'>poterit</span> <span class='ocrx_word' id='word_1_118' title='bbox 800 1770 888 1848; x_wconf 79' lang='lat' dir='ltr'>teneri</span> <span class='ocrx_word' id='word_1_119' title='bbox 908 1788 972 1826; x_wconf 92' lang='lat' dir='ltr'>cum</span> <span class='ocrx_word' id='word_1_120' title='bbox 993 1771 1162 1846; x_wconf 77' lang='lat' dir='ltr'>gravissimo</span> <span class='ocrx_word' id='word_1_121' title='bbox 1175 1773 1220 1829; x_wconf 89' lang='lat' dir='ltr'>sui</span> 
     </span>
     <span class='ocr_line' id='line_1_15' title="bbox 131 1867 1219 1945; baseline 0.001 -19"><span class='ocrx_word' id='word_1_122' title='bbox 131 1867 295 1926; x_wconf 83' lang='lat' dir='ltr'>discrimine</span> <span class='ocrx_word' id='word_1_123' title='bbox 308 1868 354 1926; x_wconf 85' lang='lat' dir='ltr'>vel</span> <span class='ocrx_word' id='word_1_124' title='bbox 367 1867 546 1936; x_wconf 89' lang='lat' dir='ltr'>detrimento,</span> <span class='ocrx_word' id='word_1_125' title='bbox 561 1870 591 1928; x_wconf 93' lang='lat' dir='ltr'>in</span> <span class='ocrx_word' id='word_1_126' title='bbox 609 1887 640 1926; x_wconf 90' lang='lat' dir='ltr'>re</span> <span class='ocrx_word' id='word_1_127' title='bbox 660 1868 745 1926; x_wconf 90' lang='lat' dir='ltr'>dubia</span> <span class='ocrx_word' id='word_1_128' title='bbox 764 1869 885 1945; x_wconf 90' lang='lat' dir='ltr'>imperio</span> <span class='ocrx_word' id='word_1_129' title='bbox 904 1869 1044 1926; x_wconf 86' lang='lat' dir='ltr'>resistere.</span> <span class='ocrx_word' id='word_1_130' title='bbox 1086 1868 1120 1927; x_wconf 91' lang='lat' dir='ltr'>ld</span> <span class='ocrx_word' id='word_1_131' title='bbox 1134 1869 1219 1927; x_wconf 87' lang='lat' dir='ltr'>etiam</span> 
     </span>
     <span class='ocr_line' id='line_1_16' title="bbox 131 1965 1220 2043; baseline 0.001 -19"><span class='ocrx_word' id='word_1_132' title='bbox 131 1965 285 2025; x_wconf 88' lang='lat' dir='ltr'>dicendum</span> <span class='ocrx_word' id='word_1_133' title='bbox 306 1976 447 2043; x_wconf 85' lang='lat' dir='ltr'>putamus,</span> <span class='ocrx_word' id='word_1_134' title='bbox 468 1965 534 2024; x_wconf 89' lang='lat' dir='ltr'>licet</span> <span class='ocrx_word' id='word_1_135' title='bbox 555 1968 619 2039; x_wconf 89' lang='lat' dir='ltr'>quis</span> <span class='ocrx_word' id='word_1_136' title='bbox 639 1968 693 2025; x_wconf 88' lang='lat' dir='ltr'>sibi</span> <span class='ocrx_word' id='word_1_137' title='bbox 716 1985 883 2043; x_wconf 87' lang='lat' dir='ltr'>persuasum</span> <span class='ocrx_word' id='word_1_138' title='bbox 906 1965 1035 2025; x_wconf 90' lang='lat' dir='ltr'>habuerit</span> <span class='ocrx_word' id='word_1_139' title='bbox 1055 1968 1147 2025; x_wconf 88' lang='lat' dir='ltr'>Statui</span> <span class='ocrx_word' id='word_1_140' title='bbox 1160 1986 1220 2026; x_wconf 88' lang='lat' dir='ltr'>non</span> 
     </span>
     <span class='ocr_line' id='line_1_17' title="bbox 129 2064 1220 2142; baseline 0 -18"><span class='ocrx_word' id='word_1_141' title='bbox 129 2065 218 2124; x_wconf 85' lang='lat' dir='ltr'>licere</span> <span class='ocrx_word' id='word_1_142' title='bbox 239 2064 307 2138; x_wconf 90' lang='lat' dir='ltr'>quid</span> <span class='ocrx_word' id='word_1_143' title='bbox 330 2071 462 2123; x_wconf 84' lang='lat' dir='ltr'>attentare</span> <span class='ocrx_word' id='word_1_144' title='bbox 487 2076 585 2124; x_wconf 89' lang='lat' dir='ltr'>contra</span> <span class='ocrx_word' id='word_1_145' title='bbox 604 2066 698 2142; x_wconf 83' lang='lat' dir='ltr'>legem</span> <span class='ocrx_word' id='word_1_146' title='bbox 721 2065 918 2142; x_wconf 58' lang='lat' dir='ltr'>congressu-²23</span> <span class='ocrx_word' id='word_1_147' title='bbox 939 2084 1005 2123; x_wconf 91' lang='lat' dir='ltr'>nam</span> <span class='ocrx_word' id='word_1_148' title='bbox 1027 2084 1085 2125; x_wconf 90' lang='lat' dir='ltr'>non</span> <span class='ocrx_word' id='word_1_149' title='bbox 1111 2077 1220 2124; x_wconf 89' lang='lat' dir='ltr'>tenetur</span> 
     </span>
     <span class='ocr_line' id='line_1_18' title="bbox 130 2163 1216 2242; baseline -0.002 -19"><span class='ocrx_word' id='word_1_150' title='bbox 130 2165 254 2241; x_wconf 75' lang='lat' dir='ltr'>proprie</span> <span class='ocrx_word' id='word_1_151' title='bbox 267 2165 412 2223; x_wconf 77' lang='lat' dir='ltr'>sententiae</span> <span class='ocrx_word' id='word_1_152' title='bbox 425 2163 563 2223; x_wconf 66' lang='lat' dir='ltr'>inhaerere</span> <span class='ocrx_word' id='word_1_153' title='bbox 576 2166 606 2222; x_wconf 91' lang='lat' dir='ltr'>in</span> <span class='ocrx_word' id='word_1_154' title='bbox 626 2184 655 2222; x_wconf 88' lang='lat' dir='ltr'>re</span> <span class='ocrx_word' id='word_1_155' title='bbox 676 2175 864 2231; x_wconf 80' lang='lat' dir='ltr'>controversa,</span> <span class='ocrx_word' id='word_1_156' title='bbox 879 2164 970 2231; x_wconf 82' lang='lat' dir='ltr'>Statu,</span> <span class='ocrx_word' id='word_1_157' title='bbox 984 2166 1065 2242; x_wconf 88' lang='lat' dir='ltr'>cujus</span> <span class='ocrx_word' id='word_1_158' title='bbox 1078 2175 1122 2222; x_wconf 89' lang='lat' dir='ltr'>est</span> <span class='ocrx_word' id='word_1_159' title='bbox 1134 2165 1216 2231; x_wconf 79' lang='lat' dir='ltr'>civis,</span> 
     </span>
     <span class='ocr_line' id='line_1_19' title="bbox 128 2261 1218 2340; baseline -0.001 -21"><span class='ocrx_word' id='word_1_160' title='bbox 128 2281 294 2340; x_wconf 86' lang='lat' dir='ltr'>supremam</span> <span class='ocrx_word' id='word_1_161' title='bbox 316 2264 370 2322; x_wconf 89' lang='lat' dir='ltr'>sibi</span> <span class='ocrx_word' id='word_1_162' title='bbox 389 2263 549 2321; x_wconf 79' lang='lat' dir='ltr'>vindicante</span> <span class='ocrx_word' id='word_1_163' title='bbox 570 2273 746 2339; x_wconf 84' lang='lat' dir='ltr'>potestatem.</span> <span class='ocrx_word' id='word_1_164' title='bbox 789 2263 917 2329; x_wconf 87' lang='lat' dir='ltr'>Quodsi</span> <span class='ocrx_word' id='word_1_165' title='bbox 936 2264 1098 2339; x_wconf 88' lang='lat' dir='ltr'>juramento</span> <span class='ocrx_word' id='word_1_166' title='bbox 1120 2280 1151 2319; x_wconf 87' lang='lat' dir='ltr'>se</span> <span class='ocrx_word' id='word_1_167' title='bbox 1171 2261 1218 2319; x_wconf 92' lang='lat' dir='ltr'>ad·</span> 
     </span>
     <span class='ocr_line' id='line_1_20' title="bbox 131 2360 1219 2439; baseline -0.001 -21"><span class='ocrx_word' id='word_1_168' title='bbox 131 2363 279 2421; x_wconf 82' lang='lat' dir='ltr'>strinxerit</span> <span class='ocrx_word' id='word_1_169' title='bbox 297 2361 331 2419; x_wconf 90' lang='lat' dir='ltr'>ad</span> <span class='ocrx_word' id='word_1_170' title='bbox 351 2360 606 2439; x_wconf 88' lang='lat' dir='ltr'>obtemperandum</span> <span class='ocrx_word' id='word_1_171' title='bbox 625 2362 767 2438; x_wconf 85' lang='lat' dir='ltr'>Supremo</span> <span class='ocrx_word' id='word_1_172' title='bbox 791 2361 939 2419; x_wconf 86' lang='lat' dir='ltr'>Gubemio</span> <span class='ocrx_word' id='word_1_173' title='bbox 958 2360 1101 2428; x_wconf 69' lang='lat' dir='ltr'>foederato,</span> <span class='ocrx_word' id='word_1_174' title='bbox 1121 2379 1167 2418; x_wconf 90' lang='lat' dir='ltr'>res</span> <span class='ocrx_word' id='word_1_175' title='bbox 1187 2360 1219 2418; x_wconf 88' lang='lat' dir='ltr'>fit</span> 
     </span>
     <span class='ocr_line' id='line_1_21' title="bbox 131 2459 1218 2539; baseline -0.002 -20"><span class='ocrx_word' id='word_1_176' title='bbox 131 2460 285 2529; x_wconf 87' lang='lat' dir='ltr'>difficilior,</span> <span class='ocrx_word' id='word_1_177' title='bbox 299 2459 366 2520; x_wconf 91' lang='lat' dir='ltr'>dum</span> <span class='ocrx_word' id='word_1_178' title='bbox 380 2461 467 2539; x_wconf 89' lang='lat' dir='ltr'>hujus</span> <span class='ocrx_word' id='word_1_179' title='bbox 482 2461 565 2537; x_wconf 88' lang='lat' dir='ltr'>jussa</span> <span class='ocrx_word' id='word_1_180' title='bbox 584 2462 629 2519; x_wconf 89' lang='lat' dir='ltr'>sui</span> <span class='ocrx_word' id='word_1_181' title='bbox 643 2461 740 2519; x_wconf 87' lang='lat' dir='ltr'>Status</span> <span class='ocrx_word' id='word_1_182' title='bbox 760 2461 880 2538; x_wconf 87' lang='lat' dir='ltr'>imperio</span> <span class='ocrx_word' id='word_1_183' title='bbox 900 2470 1073 2536; x_wconf 80' lang='lat' dir='ltr'>repugnant:</span> <span class='ocrx_word' id='word_1_184' title='bbox 1096 2468 1218 2518; x_wconf 89' lang='lat' dir='ltr'>attamen</span> 
     </span>
    </p>
   </div>
   <div class='ocr_carea' id='block_1_3' title="bbox 127 2556 1217 2933">
    <p class='ocr_par' dir='ltr' id='par_1_3' title="bbox 127 2556 1217 2933">
     <span class='ocr_line' id='line_1_22' title="bbox 129 2556 1217 2638; baseline -0.003 -19"><span class='ocrx_word' id='word_1_185' title='bbox 129 2578 217 2634; x_wconf 86' lang='lat' dir='ltr'>quum</span> <span class='ocrx_word' id='word_1_186' title='bbox 227 2562 418 2637; x_wconf 84' lang='lat' dir='ltr'>juramentum</span> <span class='ocrx_word' id='word_1_187' title='bbox 433 2558 597 2635; x_wconf 87' lang='lat' dir='ltr'>hujusmodi</span> <span class='ocrx_word' id='word_1_188' title='bbox 610 2558 823 2638; x_wconf 80' lang='lat' dir='ltr'>intelligendum</span> <span class='ocrx_word' id='word_1_189' title='bbox 837 2559 873 2615; x_wconf 90' lang='lat' dir='ltr'>sit</span> <span class='ocrx_word' id='word_1_190' title='bbox 881 2559 965 2635; x_wconf 84' lang='lat' dir='ltr'>juxta</span> <span class='ocrx_word' id='word_1_191' title='bbox 978 2556 1217 2616; x_wconf 83' lang='lat' dir='ltr'>Constitutionem</span> 
     </span>
     <span class='ocr_line' id='line_1_23' title="bbox 129 2656 1217 2734; baseline -0.004 -17"><span class='ocrx_word' id='word_1_192' title='bbox 129 2671 159 2717; x_wconf 85' lang='lat' dir='ltr'>et</span> <span class='ocrx_word' id='word_1_193' title='bbox 173 2659 350 2717; x_wconf 87' lang='lat' dir='ltr'>conditiones</span> <span class='ocrx_word' id='word_1_194' title='bbox 365 2658 488 2723; x_wconf 66' lang='lat' dir='ltr'>foederis,</span> <span class='ocrx_word' id='word_1_195' title='bbox 502 2658 546 2715; x_wconf 89' lang='lat' dir='ltr'>vis</span> <span class='ocrx_word' id='word_1_196' title='bbox 568 2659 630 2734; x_wconf 86' lang='lat' dir='ltr'>ejus</span> <span class='ocrx_word' id='word_1_197' title='bbox 643 2659 755 2715; x_wconf 87' lang='lat' dir='ltr'>infirma</span> <span class='ocrx_word' id='word_1_198' title='bbox 767 2657 877 2714; x_wconf 88' lang='lat' dir='ltr'>videtur</span> <span class='ocrx_word' id='word_1_199' title='bbox 890 2659 918 2714; x_wconf 91' lang='lat' dir='ltr'>in</span> <span class='ocrx_word' id='word_1_200' title='bbox 932 2657 969 2713; x_wconf 90' lang='lat' dir='ltr'>iis</span> <span class='ocrx_word' id='word_1_201' title='bbox 982 2656 1017 2713; x_wconf 92' lang='lat' dir='ltr'>de</span> <span class='ocrx_word' id='word_1_202' title='bbox 1031 2656 1134 2728; x_wconf 87' lang='lat' dir='ltr'>quibus</span> <span class='ocrx_word' id='word_1_203' title='bbox 1147 2656 1217 2713; x_wconf 91' lang='lat' dir='ltr'>adeo</span> 
     </span>
     <span class='ocr_line' id='line_1_24' title="bbox 129 2753 1216 2832; baseline -0.004 -18"><span class='ocrx_word' id='word_1_204' title='bbox 129 2757 314 2816; x_wconf 87' lang='lat' dir='ltr'>vehementer</span> <span class='ocrx_word' id='word_1_205' title='bbox 326 2757 549 2816; x_wconf 84' lang='lat' dir='ltr'>controvertitur.</span> <span class='ocrx_word' id='word_1_206' title='bbox 591 2756 681 2832; x_wconf 80' lang='lat' dir='ltr'>igitur</span> <span class='ocrx_word' id='word_1_207' title='bbox 694 2775 751 2814; x_wconf 89' lang='lat' dir='ltr'>non</span> <span class='ocrx_word' id='word_1_208' title='bbox 760 2754 895 2813; x_wconf 85' lang='lat' dir='ltr'>audemus</span> <span class='ocrx_word' id='word_1_209' title='bbox 908 2772 973 2810; x_wconf 90' lang='lat' dir='ltr'>eum</span> <span class='ocrx_word' id='word_1_210' title='bbox 982 2753 1113 2811; x_wconf 88' lang='lat' dir='ltr'>damnare</span> <span class='ocrx_word' id='word_1_211' title='bbox 1125 2754 1216 2810; x_wconf 86' lang='lat' dir='ltr'>Statui</span> 
     </span>
     <span class='ocr_line' id='line_1_25' title="bbox 127 2857 380 2933; baseline 0 -19"><span class='ocrx_word' id='word_1_212' title='bbox 127 2857 380 2933; x_wconf 87' lang='lat' dir='ltr'>obtemperantem.</span> 
     </span>
    </p>
   </div>
   <div class='ocr_carea' id='block_1_4' title="bbox 126 3026 1219 3350">
    <p class='ocr_par' dir='ltr' id='par_1_4' title="bbox 126 3026 1219 3266">
     <span class='ocr_line' id='line_1_26' title="bbox 126 3026 1219 3084; baseline -0.005 -4"><span class='ocrx_word' id='word_1_213' title='bbox 126 3031 171 3080; x_wconf 83' lang='lat' dir='ltr'>the</span> <span class='ocrx_word' id='word_1_214' title='bbox 181 3031 240 3080; x_wconf 82' lang='lat' dir='ltr'>final</span> <span class='ocrx_word' id='word_1_215' title='bbox 252 3029 417 3079; x_wconf 87' lang='lat' dir='ltr'>constmction</span> <span class='ocrx_word' id='word_1_216' title='bbox 430 3029 457 3077; x_wconf 81' lang='lat' dir='ltr'>os</span> <span class='ocrx_word' id='word_1_217' title='bbox 472 3029 542 3084; x_wconf 73' lang='lat' dir='ltr'>iocis,</span> <span class='ocrx_word' id='word_1_218' title='bbox 554 3044 580 3076; x_wconf 88' lang='lat' dir='ltr'>or</span> <span class='ocrx_word' id='word_1_219' title='bbox 592 3029 620 3076; x_wconf 84' lang='lat' dir='ltr'>os</span> <span class='ocrx_word' id='word_1_220' title='bbox 633 3029 675 3077; x_wconf 87' lang='lat' dir='ltr'>tbe</span> <span class='ocrx_word' id='word_1_221' title='bbox 687 3029 745 3077; x_wconf 79' lang='lat' dir='ltr'>lans</span> <span class='ocrx_word' id='word_1_222' title='bbox 758 3045 784 3077; x_wconf 92' lang='lat' dir='ltr'>or</span> <span class='ocrx_word' id='word_1_223' title='bbox 795 3027 890 3077; x_wconf 80' lang='lat' dir='ltr'>treatirs</span> <span class='ocrx_word' id='word_1_224' title='bbox 902 3026 929 3075; x_wconf 78' lang='lat' dir='ltr'>of</span> <span class='ocrx_word' id='word_1_225' title='bbox 943 3026 985 3075; x_wconf 89' lang='lat' dir='ltr'>the</span> <span class='ocrx_word' id='word_1_226' title='bbox 996 3027 1095 3081; x_wconf 69' lang='lat' dir='ltr'>natium</span> <span class='ocrx_word' id='word_1_227' title='bbox 1111 3027 1154 3075; x_wconf 91' lang='lat' dir='ltr'>but</span> <span class='ocrx_word' id='word_1_228' title='bbox 1166 3026 1219 3074; x_wconf 86' lang='lat' dir='ltr'>that</span> 
     </span>
     <span class='ocr_line' id='line_1_27' title="bbox 126 3110 1215 3180; baseline -0.004 -16"><span class='ocrx_word' id='word_1_229' title='bbox 126 3117 177 3165; x_wconf 83' lang='lat' dir='ltr'>this</span> <span class='ocrx_word' id='word_1_230' title='bbox 188 3131 271 3180; x_wconf 81' lang='lat' dir='ltr'>power</span> <span class='ocrx_word' id='word_1_231' title='bbox 282 3131 336 3177; x_wconf 78' lang='lat' dir='ltr'>may</span> <span class='ocrx_word' id='word_1_232' title='bbox 348 3117 377 3164; x_wconf 88' lang='lat' dir='ltr'>be</span> <span class='ocrx_word' id='word_1_233' title='bbox 389 3113 510 3163; x_wconf 80' lang='lat' dir='ltr'>exercised</span> <span class='ocrx_word' id='word_1_234' title='bbox 523 3114 548 3162; x_wconf 90' lang='lat' dir='ltr'>in</span> <span class='ocrx_word' id='word_1_235' title='bbox 562 3113 602 3162; x_wconf 77' lang='lat' dir='ltr'>the</span> <span class='ocrx_word' id='word_1_236' title='bbox 615 3115 661 3162; x_wconf 79' lang='lat' dir='ltr'>lest</span> <span class='ocrx_word' id='word_1_237' title='bbox 672 3124 746 3162; x_wconf 86' lang='lat' dir='ltr'>resort</span> <span class='ocrx_word' id='word_1_238' title='bbox 757 3115 788 3177; x_wconf 83' lang='lat' dir='ltr'>by</span> <span class='ocrx_word' id='word_1_239' title='bbox 802 3113 842 3162; x_wconf 87' lang='lat' dir='ltr'>the</span> <span class='ocrx_word' id='word_1_240' title='bbox 854 3121 937 3162; x_wconf 76' lang='lat' dir='ltr'>coorta</span> <span class='ocrx_word' id='word_1_241' title='bbox 948 3111 976 3160; x_wconf 79' lang='lat' dir='ltr'>os</span> <span class='ocrx_word' id='word_1_242' title='bbox 983 3127 1054 3174; x_wconf 80' lang='lat' dir='ltr'>every</span> <span class='ocrx_word' id='word_1_243' title='bbox 1063 3119 1124 3160; x_wconf 79' lang='lat' dir='ltr'>stato</span> <span class='ocrx_word' id='word_1_244' title='bbox 1135 3112 1161 3160; x_wconf 88' lang='lat' dir='ltr'>in</span> <span class='ocrx_word' id='word_1_245' title='bbox 1174 3110 1215 3160; x_wconf 87' lang='lat' dir='ltr'>the</span> 
     </span>
     <span class='ocr_line' id='line_1_28' title="bbox 127 3197 784 3266; baseline -0.008 -15"><span class='ocrx_word' id='word_1_246' title='bbox 127 3199 238 3251; x_wconf 87' lang='lat' dir='ltr'>Union.&#39;’</span> <span class='ocrx_word' id='word_1_247' title='bbox 273 3198 369 3249; x_wconf 76' lang='lat' dir='ltr'>Gabene</span> <span class='ocrx_word' id='word_1_248' title='bbox 378 3216 399 3245; x_wconf 87' lang='lat' dir='ltr'>v.</span> <span class='ocrx_word' id='word_1_249' title='bbox 418 3199 541 3266; x_wconf 79' lang='lat' dir='ltr'>Virginio.</span> <span class='ocrx_word' id='word_1_250' title='bbox 551 3198 566 3246; x_wconf 86' lang='grc'><strong>6</strong></span> <span class='ocrx_word' id='word_1_251' title='bbox 578 3197 677 3247; x_wconf 88' lang='lat' dir='ltr'>Wheat.</span> <span class='ocrx_word' id='word_1_252' title='bbox 687 3199 715 3246; x_wconf 73' lang='lat' dir='ltr'>R</span> <span class='ocrx_word' id='word_1_253' title='bbox 728 3199 784 3246; x_wconf 68' lang='lat'>264.</span> 
     </span>
    </p>

    <p class='ocr_par' dir='ltr' id='par_1_5' title="bbox 164 3278 1199 3350">
     <span class='ocr_line' id='line_1_29' title="bbox 164 3278 1199 3350; baseline -0.011 -18"><span class='ocrx_word' id='word_1_254' title='bbox 164 3287 188 3350; x_wconf 91' lang='lat' dir='ltr'>(l</span> <span class='ocrx_word' id='word_1_255' title='bbox 195 3298 204 3345; x_wconf 72' lang='lat' dir='ltr'>J</span> <span class='ocrx_word' id='word_1_256' title='bbox 223 3285 296 3335; x_wconf 82' lang='lat' dir='ltr'>Hanc</span> <span class='ocrx_word' id='word_1_257' title='bbox 307 3285 452 3333; x_wconf 79' lang='lat' dir='ltr'>sententiam</span> <span class='ocrx_word' id='word_1_258' title='bbox 465 3292 604 3349; x_wconf 77' lang='lat' dir='ltr'>propugnat</span> <span class='ocrx_word' id='word_1_259' title='bbox 614 3283 717 3342; x_wconf 83' lang='lat' dir='ltr'>Storius,</span> <span class='ocrx_word' id='word_1_260' title='bbox 730 3281 826 3330; x_wconf 88' lang='lat' dir='ltr'>Comm.</span> <span class='ocrx_word' id='word_1_261' title='bbox 840 3280 927 3328; x_wconf 86' lang='lat' dir='ltr'>Const.</span> <span class='ocrx_word' id='word_1_262' title='bbox 936 3279 966 3328; x_wconf 93' lang='lat' dir='ltr'>U.</span> <span class='ocrx_word' id='word_1_263' title='bbox 976 3279 1063 3335; x_wconf 76' lang='lat' dir='ltr'>Stator,</span> <span class='ocrx_word' id='word_1_264' title='bbox 1076 3280 1090 3329; x_wconf 91' lang='grc' dir='ltr'>Ι.</span> <span class='ocrx_word' id='word_1_265' title='bbox 1097 3278 1130 3327; x_wconf 89' lang='lat' dir='ltr'>iii.</span> <span class='ocrx_word' id='word_1_266' title='bbox 1140 3294 1159 3327; x_wconf 85' lang='lat' dir='ltr'>c.</span> <span class='ocrx_word' id='word_1_267' title='bbox 1168 3279 1199 3324; x_wconf 85' lang='lat' dir='ltr'>iv.</span> 
     </span>
    </p>
   </div>
   <div class='ocr_carea' id='block_1_5' title="bbox 0 0 1376 4980">
    <p class='ocr_par' dir='ltr' id='par_1_6' title="bbox 0 0 1376 4980">
     <span class='ocr_line' id='line_1_30' title="bbox 0 0 1376 4980; baseline 0 3"><span class='ocrx_word' id='word_1_268' title='bbox 0 0 1376 4980; x_wconf 95' lang='lat' dir='ltr'> </span> 
     </span>
    </p>
   </div>
  </div>
 </body>
</html>
