2744 4980
361 168 398 253 a*

370 397 428 457 ou
448 397 658 459 rucusms
679 397 968 459 cantaturus.
1148 407 1207 463 ars

151 564 203 620 96.
225 560 383 622 Delectatic
396 562 539 633 cumulis,
554 583 607 622 seu
620 583 751 633 venerea,
773 574 817 622 est
836 583 869 622 ea
882 566 972 625 animi
992 567 1123 644 voluptas
1145 588 1208 643 quor

112 661 337 720 commotionem
362 663 512 739 spirituum
525 665 700 742 generationi
723 664 937 724 inservientium
951 665 1037 724 habet
1057 667 1208 727 adnexam.

115 758 282 827 Sertsitivu,
296 778 346 818 seu
360 763 503 829 naturalis,
524 762 629 822 dicitur
647 762 796 822 delectatio
809 782 846 821 ex
864 765 905 823 rei
919 784 984 823 cum
998 785 1105 844 organo
1119 777 1209 827 tactus

111 859 322 925 convenientia,
336 861 442 934 absque
456 863 621 939 genitalium
635 862 785 939 spirituum
802 865 1006 922 commotione.
1048 865 1209 925 veneream

112 957 335 1017 delectationem
348 979 414 1018 cunt
427 960 600 1020 advertentia
612 971 641 1019 et
653 960 864 1029 deliberatione,
874 962 1007 1021 lethalem
1022 983 1137 1041 semper
1146 984 1211 1024 esse

113 1057 239 1134 eulpam,
253 1059 308 1115 etsi
321 1059 395 1116 absit
407 1059 572 1135 pollutionis
586 1061 756 1137 perieulum,
770 1061 816 1118 vel
830 1079 989 1120 consensus
1003 1063 1138 1121 inactum
1152 1084 1212 1123 car·

112 1154 219 1223 nalem,
243 1154 326 1214 docet
344 1176 409 1216 cum
430 1159 556 1235 pluribus
580 1160 612 1217 S.
635 1159 800 1235 Alphonsus
820 1158 856 1217 de
880 1157 1023 1238 Ligario.l
1064 1162 1209 1235 Equidem

113 1255 249 1329 qualibet
260 1254 408 1314 delectatio
422 1275 543 1316 venerea
555 1269 599 1315 est
617 1257 750 1315 inchoata
762 1257 891 1330 quedam
905 1259 1036 1336 pollutio,
1049 1279 1099 1320 seu
1115 1272 1209 1320 motus

113 1352 150 1412 ad
163 1353 363 1430 pollutionem,
387 1353 508 1428 ideoque
531 1374 648 1432 gravem
669 1356 753 1414 babet
771 1357 917 1416 malitiam.
960 1359 1040 1418 Hinc
1060 1358 1209 1431 delectatio

114 1451 293 1530 hujusmodi,
308 1454 442 1513 membris
462 1456 632 1533 genitalibus
655 1455 818 1523 commotis,
839 1458 933 1533 gravis
953 1469 1007 1526 est,
1030 1459 1096 1517 licet
1108 1440 1213 1521 oriabtt·

116 1569 155 1611 ex
168 1570 200 1609 re
214 1570 277 1624 quae
290 1552 362 1610 levis
376 1572 428 1631 per
439 1573 472 1612 se
491 1564 544 1622 est,
559 1574 585 1612 v.
600 1574 635 1632 g:
656 1553 815 1612 vellicando
834 1574 951 1614 manum
973 1558 1086 1634 pnellae,
1107 1558 1211 1634 pedem

115 1650 162 1708 vel
181 1650 329 1709 brachium
351 1652 518 1728 premendo,
542 1652 731 1727 intorquendo
753 1653 867 1730 digitos.
910 1653 1036 1715 Difficile
1060 1659 1146 1716 etiam
1168 1669 1213 1715 est

115 1749 274 1808 naturalem
294 1749 509 1811 delectationem
530 1772 547 1809 a
566 1753 671 1812 carnali
689 1770 847 1820 secernere,
862 1755 974 1825 quoties
995 1756 1045 1828 qui
1060 1765 1147 1813 tactus
1161 1755 1213 1815 hu·

112 1848 246 1928 jusmodi
268 1861 411 1919 exercent,
434 1852 521 1913 iniis
544 1852 739 1920 immorantur,
766 1851 891 1924 alioquin
917 1853 1027 1930 copulas
1048 1864 1078 1911 et
1099 1854 1211 1913 libidini

117 1946 225 2009 idonei.
267 1947 325 2006 Sed
338 1949 364 2007 si
377 1951 441 2023 quis
455 1949 543 2010 officii
560 1953 649 2027 gratia
670 1951 817 2010 mulierem
838 1950 957 2011 honeste
977 1963 1081 2030 tangat,
1096 1953 1212 2031 culpan·

117 2047 172 2106 dus
185 2066 245 2105 non
258 2059 311 2114 est,
325 2047 392 2106 licet
403 2049 492 2107 invito
505 2063 636 2108 nascatur
648 2048 808 2108 delectatio.

155 2149 207 2207 97.
230 2145 387 2206 Delectatio
401 2167 514 2208 morosa
528 2149 663 2208 malitiam
676 2168 713 2207 ex
734 2150 846 2226 objecto
859 2149 961 2219 habet;
982 2150 1105 2225 ideoque
1119 2154 1210 2230 expli·

117 2247 242 2306 candum
256 2246 341 2303 estin
355 2247 544 2316 consessione,
560 2247 628 2320 quid
645 2248 733 2308 menti
753 2248 958 2307 obversaretur.
1001 2249 1152 2329 Contingit
1164 2253 1214 2310 ali·

116 2346 235 2420 quando
249 2362 391 2417 quemque
405 2344 536 2405 delectari
550 2345 701 2423 cogitando
711 2345 746 2404 de
759 2347 864 2424 copula
873 2367 938 2408 oum
953 2349 1073 2408 muliere
1083 2348 1212 2426 pulchra,

117 2447 189 2520 quin
202 2443 289 2503 simul
302 2443 427 2502 advertat
445 2465 508 2505 eam
528 2446 710 2505 matrimonio
729 2446 845 2523 ligatam
864 2464 939 2516 esse,
956 2449 1000 2506 vel
1019 2449 1094 2507 harto
1114 2451 1214 2508 saltem

116 2544 358 2604 circumstantiam
372 2545 522 2622 respiciat:
545 2564 602 2619 quo
616 2565 694 2614 casu,
711 2547 794 2622 juxta
816 2546 938 2618 aliquos,
953 2559 996 2605 sat
1015 2549 1069 2606 erit
1083 2550 1215 2609 confiteri

116 2644 334 2703 delectationem
348 2642 383 2699 de
397 2644 499 2720 copula
508 2646 637 2721 cogitata,
649 2664 701 2702 nee
715 2663 832 2702 necesse
846 2646 901 2702 erit
913 2645 1066 2723 adjungere
1079 2667 1141 2706 eam
1150 2667 1215 2706 esse
1280 2719 1283 2726 Ι

117 2753 246 2821 nuptam.
289 2736 432 2803 Caeterum
448 2743 479 2801 S.
496 2743 662 2820 Alphonsus
678 2755 743 2820 post
756 2741 904 2800 Holzman
918 2754 1017 2801 censet
1029 2747 1214 2804 circumstan-

118 2844 187 2900 tiam
201 2843 274 2900 hanc
288 2861 351 2899 esse
362 2842 560 2919 explicandam
575 2851 594 2878 ‘⁶
605 2844 712 2901 ratione
727 2842 846 2918 periculi
856 2843 980 2917 proximi
991 2845 1215 2920 concupiscendi

119 2939 234 3022 (saltem
248 2939 442 3019 inefficaciter)
457 2943 606 3007 mulierem
619 2942 696 3000 illam
709 2952 837 3018 nuptam,
851 2942 881 3000 in
896 2941 972 3014 quod
991 2962 1022 3000 se
1036 2944 1153 3021 conjicit
1168 2947 1216 3017 qui

118 3041 155 3099 de
169 3060 204 3099 ea
217 3040 379 3099 delectatur.
422 3041 504 3099 Nulli
520 3040 584 3099 verb
598 3041 715 3101 dubium
736 3041 876 3099 committi
897 3040 1077 3110 adulterium,
1092 3045 1217 3116 quoties·

119 3158 244 3213 cumque
258 3140 391 3198 habeatur
403 3139 549 3217 gaudium,
567 3159 617 3198 seu
638 3140 845 3218 complacentia
864 3140 900 3197 de
919 3141 1025 3217 copula
1047 3142 1150 3208 habita,
1172 3144 1216 3201 vel

118 3238 295 3298 desiderium
315 3237 351 3296 de
375 3241 476 3316 copula
495 3239 623 3297 habenda
643 3259 708 3301 cum
730 3239 889 3314 conjugata,
910 3239 976 3310 quia
999 3251 1064 3296 tuuc
1086 3240 1216 3299 voluntas

119 3339 302 3415 amplectitur
311 3348 399 3396 totum
411 3340 554 3416 objectum
566 3356 684 3413 pravum
699 3356 763 3394 cum
774 3336 905 3394 omnibus
916 3337 977 3394 suis
987 3338 1215 3405 circumstantiis,

123 3456 177 3495 nec
192 3439 226 3496 ab
240 3438 297 3497 illis
310 3438 498 3514 praescindere
514 3447 616 3514 potest,
632 3437 753 3508 ideoque
767 3434 923 3493 castitatem
937 3446 965 3492 et
973 3437 1115 3513 justitiam
1129 3438 1216 3497 laedit.

123 3536 198 3597 ltem
213 3538 238 3594 ai
260 3538 325 3611 quis
349 3535 502 3595 delectetur
515 3536 550 3593 de
563 3537 667 3613 copula
681 3533 857 3593 sodomitica.
885 3534 967 3603 Item,
982 3538 1007 3593 si
1020 3555 1142 3613 persona
1155 3558 1218 3612 quau

121 3635 277 3695 delectatur
289 3639 327 3694 sit
339 3646 406 3694 voto
420 3637 555 3694 castitatis
569 3636 713 3702 obstricta,
727 3635 812 3692 etiam
826 3644 924 3693 eontra
937 3647 1035 3694 votum
1049 3631 1196 3713 peccat.”²

162 3738 213 3793 98.
234 3735 341 3794 Oscula
354 3734 515 3801 libidinosa,
533 3755 594 3807 qum
615 3736 723 3794 scilicet
736 3735 897 3819 exucopulae
911 3734 1014 3794 affectu
1028 3733 1139 3802 dantur,
1154 3749 1219 3794 sunt

123 3845 240 3910 peccata
253 3835 391 3902 mortalia,
406 3846 489 3912 prout
501 3836 652 3911 perspicue
666 3834 749 3892 docet
763 3832 794 3889 S.
810 3833 958 3891 Thomas:
981 3843 1001 3869 ‘⁶
1011 3851 1168 3890 consensus
1190 3835 1219 3891 iu

125 3931 342 3994 delectationem
353 3936 461 4010 peccati
472 3935 597 3995 mortalis
606 3943 649 3990 est
656 3941 802 4009 peccatum
812 3931 939 3996 mortale,
948 3941 1040 3988 atnon
1050 3930 1144 3990 solum
1153 3951 1220 3990 cou·

124 4050 227 4090 sensus
237 4035 378 4091 inactum.
401 4033 584 4091 Etideocum
594 4032 743 4090 fornicatio
752 4032 789 4088 sit
797 4039 945 4105 peceatum
957 4029 1084 4096 mortale,
1094 4040 1122 4088 et
1131 4032 1220 4091 multo
1263 4042 1267 4049 ’

126 4133 217 4208 magis
231 4133 426 4191 aliarssluxuriae
447 4132 577 4208 species:
597 4149 777 4202 consequens
797 4126 930 4199 estquod
950 4146 1108 4187 consensus
1129 4133 1160 4189 in
1173 4131 1221 4188 de·
1288 4138 1292 4143 '

165 4318 208 4384 (l)
228 4317 258 4368 1..
270 4320 304 4370 iii.
316 4335 342 4370 n.
353 4317 412 4370 trs.
547 4316 590 4385 (ἓ)
603 4317 630 4367 S.
642 4316 716 4384 Alpb.
730 4316 745 4365 l
757 4332 780 4366 v.
792 4332 814 4366 c.
828 4315 843 4364 i.
855 4314 911 4365 dub.
920 4314 944 4366 ii.
957 4323 1000 4367 art.
1012 4317 1037 4366 ii.
1048 4333 1073 4368 n.
1086 4321 1123 4368 tt.
