2766 4996
544 1157 686 1219 CAPUT
706 1159 746 1219 n.

449 1391 488 1432 DE
509 1392 713 1433 coNrsssmNs:
735 1392 849 1432 ANNUA·

137 1576 187 1631 26.
216 1570 358 1630 Drvruutr
382 1579 426 1627 est
450 1571 605 1630 confitendi
624 1581 809 1649 preceptum,
837 1570 913 1644 quod
939 1588 976 1628 ne
1005 1571 1196 1651 negligeretur
1284 1642 1287 1647 γ

94 1673 184 1748 jussit
196 1671 351 1730 concilium
365 1669 558 1728 Laterauense
570 1671 624 1730 lv.
638 1680 670 1729 ut
690 1679 708 1706 “
717 1671 810 1728 omnis
832 1670 979 1742 utriusque
992 1684 1078 1727 sem
1092 1667 1194 1735 tidelis,

97 1780 252 1848 postquam
265 1769 300 1828 ad
312 1787 405 1828 annos
425 1767 604 1828 discretionis
624 1770 793 1846 pervenerit,
807 1769 904 1826 omnia
924 1787 976 1825 sua
989 1767 1066 1825 solus
1080 1775 1196 1842 peccata

97 1869 200 1926 saltem
213 1869 301 1926 semel
324 1871 355 1928 in
375 1885 451 1926 anno
469 1869 635 1927 confiteatur
656 1869 772 1946 proprio
791 1858 977 1925 sacerdoti.''¹
1017 1865 1109 1922 Poeua
1129 1881 1193 1938 quae

95 1966 256 2044 negligenti
268 1966 338 2026 illud
351 1968 472 2044 implere
485 1952 647 2034 intentatur,
662 1966 983 2045 gravissimssaneest:
1004 1964 1196 2037 “alioquiuet

97 2067 197 2124 vivens
212 2067 246 2124 ab
266 2068 397 2143 ingressu
421 2065 563 2125 Ecclesiae
584 2076 719 2134 arceatur,
733 2075 762 2125 et
779 2065 905 2125 moriens
926 2062 1079 2122 christiana
1101 2071 1195 2123 careat

97 2165 274 2242 sepultura”
317 2165 498 2242 Praeceptum
511 2167 566 2225 hoc
587 2167 693 2244 obligat
704 2184 804 2225 omnes
818 2165 868 2237 qui
881 2164 989 2241 peccmi
1000 2161 1113 2221 lethalis
1126 2180 1193 2220 cou-

96 2266 150 2322 scii
164 2271 241 2329 suut,
255 2263 332 2336 quod
345 2274 409 2322 aute
422 2283 507 2322 usum
520 2267 637 2324 rationis
652 2264 759 2323 admitti
778 2264 887 2336 nequit.
929 2261 1119 2338 septennium
1133 2257 1194 2337 ple·

94 2378 218 2435 rumque
232 2371 363 2421 censetur
376 2374 444 2421 atas
457 2362 487 2420 in
500 2383 557 2437 qua
569 2365 693 2442 obligare
713 2364 824 2439 incipit.
866 2360 1011 2420 Ceterum
1025 2361 1074 2435 qni
1088 2359 1193 2419 nullius

96 2462 209 2537 peccati
221 2463 315 2537 gravis
329 2462 383 2520 sibi
397 2463 529 2522 conscius
542 2470 595 2532 est,
615 2481 673 2522 non
695 2461 806 2521 videtur
825 2472 966 2539 praecepto
986 2461 1084 2528 teneri,
1105 2475 1193 2534 quum

97 2560 187 2617 latum
201 2559 238 2616 sit
250 2559 286 2617 ad
300 2559 427 2618 divinam
439 2561 544 2637 legem,
565 2581 628 2635 quae
642 2563 752 2639 peccati
763 2559 877 2620 lethalis
899 2579 963 2619 reos
985 2559 1113 2636 respicit,
1126 2575 1193 2617 exe-

97 2659 207 2716 cutioni
232 2653 486 2717 demandandum-²
526 2660 561 2719 Id
586 2671 693 2719 certum
719 2659 837 2727 videtur,
864 2659 1025 2718 satisfacere
1051 2656 1192 2715 Ecciesite

94 2758 195 2823 menti,
208 2758 257 2830 qui
272 2757 376 2816 nullius
387 2757 480 2833 gravis
489 2760 596 2836 peccati
610 2776 698 2832 quum
706 2758 761 2815 sibi
773 2759 811 2814 sit
823 2759 966 2824 conscius,
976 2774 1008 2813 sc
1018 2755 1192 2831 confessario
1266 2738 1269 2743 ¹

95 2875 192 2914 coram
206 2856 289 2923 sistit,
303 2853 374 2914 illud
388 2853 544 2916 declarans.
587 2857 725 2933 Proprius
745 2854 888 2922 sacerdos,
909 2873 949 2913 ex
966 2863 1061 2913 ruente
1079 2863 1191 2931 patrum

94 2955 344 3023 hemensium,
367 2954 479 3012 videtur
499 2955 641 3034 parochus
667 2971 742 3021 esse,
769 2955 819 3027 qui
844 2964 939 3013 tamen
964 2958 1082 3033 poterat,
1106 2953 1191 3030 juxta

94 3053 209 3113 illorum
231 3052 607 3134 temporum-disciplinam,
630 3053 790 3113 sacerdotes
817 3054 887 3113 alios
912 3053 967 3112 sibi
988 3054 1022 3111 iu
1041 3050 1189 3111 audiendis
1264 3036 1277 3049 ”

93 3153 321 3215 confessionibus
335 3152 503 3213 adsciscere.
544 3155 611 3214 Jam
633 3152 700 3211 verd
721 3173 755 3212 ea
774 3153 904 3212 facultate
923 3151 1054 3229 parochis
1067 3151 1188 3243 sublpta,

95 3254 228 3329 proprius
242 3251 389 3311 habendus
403 3260 447 3310 est
459 3254 603 3322 sacerdos,
614 3272 665 3311 seu
682 3252 833 3328 parochus,
855 3271 905 3309 seu
919 3251 990 3308 alius
1004 3250 1189 3325 abepiscopo

93 3350 130 3408 ad
143 3351 328 3429 excipiendas
341 3353 539 3414 confessiones
549 3352 717 3429 deputatus:
735 3350 855 3424 ideoque
869 3349 1004 3425 impletur
1015 3355 1187 3424 praeceptum

94 3450 210 3508 cuilibet
227 3451 367 3510 sacerdoti
385 3453 440 3511 rite
459 3454 576 3531 probato
595 3449 766 3510 confitendo.
809 3449 964 3508 Confessio
986 3465 1079 3506 annua
1098 3462 1187 3520 quum

93 3548 258 3626 injungatur
270 3560 301 3608 ut
314 3560 455 3627 praecepto
468 3552 565 3611 divino
578 3551 704 3619 satisfiat,
718 3551 766 3608 ille
786 3549 886 3628 procul
906 3547 992 3608 dubio
1005 3546 1117 3617 muneri
1129 3548 1183 3606 inr-

93 3649 188 3723 posito
201 3647 290 3715 deest,
305 3651 355 3722 qui
368 3649 435 3707 facit
456 3651 665 3711 confessionem
679 3650 837 3710 voluntario
848 3649 965 3717 nullam,
979 3657 1063 3726 prout
1075 3658 1184 3706 constat

93 3763 129 3803 ex
143 3745 275 3806 damnata
287 3749 321 3805 ab
342 3748 505 3809 Alexandro
527 3749 596 3809 Vll.
617 3750 756 3810 contraria
775 3751 893 3833 alicujus
914 3750 1071 3809 sententia:
1094 3746 1182 3810 “Qui

93 3843 159 3904 facit
171 3847 383 3907 confessionem
396 3848 553 3912 voluntarie
566 3849 684 3920 nullam,
692 3851 827 3911 satisfacit
838 3846 982 3929 ppoeccpto
994 3836 1185 3906 Ecclesire.”³

144 4048 154 4093 l
247 4081 253 4096 .
301 4048 316 4097 '.

126 4045 169 4194 {2}
189 4044 253 4181 εἶξα
264 4061 393 4198 :diuque
403 4135 529 4188 anuntio
540 4139 647 4190 retines
658 4135 723 4202 apud
739 4133 770 4186 D.
783 4128 908 4182 Thomsru
918 4130 946 4182 in
956 4131 973 4180 4
984 4129 1040 4182 dist.
1054 4131 1092 4188 1⁷,
1099 4137 1183 4194 quest

91 4215 417 4280 ³‚art1,quuca,aca.

129 4297 172 4364 (3)
192 4297 224 4349 14
236 4315 304 4368 prop.
315 4302 379 4355 inter
390 4304 517 4357 damnatus
531 4307 562 4356 1⁴
573 4304 641 4373 Sept.
656 4307 729 4356 1666.
