2744 4980
524 924 859 1016 'TRACTATUS
887 941 954 1016 IV.

297 1184 368 1246 DE
404 1185 652 1252 LEGIBUS
686 1192 1175 1259 ECCLESIASTICIS.

618 1445 861 1460 m

662 1638 765 1696 PnRs
786 1639 810 1696 1.

373 1830 410 1870 ht:
431 1832 557 1873 LEGIBUS
577 1834 815 1875 neceestnsrtcls
836 1836 868 1875 IN
889 1837 1073 1915 dervensem.

641 2157 782 2216 CAPUT
804 2157 827 2215 I.

479 2352 518 2393 DE
539 2353 712 2394 heresem
733 2355 828 2394 emes
848 2354 992 2395 FERENDI.

492 2567 545 2644 §L
566 2570 613 2628 De
635 2586 817 2629 eoreernrre
839 2588 975 2630 onroree.

233 2746 554 2807 1.Mmmmdinna
579 2749 715 2827 decalogo
740 2751 947 2826 comprehensa
974 2748 1108 2806 Christus
1135 2748 1280 2808 Dominus

189 2846 274 2902 nobis
288 2846 497 2905 commendavit
510 2848 663 2914 servanda3
684 2847 734 2905 eed
748 2859 776 2904 et
795 2850 890 2906 omnia
909 2867 1096 2920 quecumque
1110 2851 1172 2924 ipse
1187 2852 1279 2924 Apes·

190 2944 256 3000 tolie
270 2945 381 3002 tradidit
393 2946 428 3003 de
443 2947 525 3003 rehue
538 2946 697 3013 credendis,
712 2946 746 3004 de
760 2965 871 3004 morum
884 2947 992 3024 regule,
1003 2957 1031 3003 et
1044 2947 1079 3004 de
1093 2950 1278 3005 sacramentis

189 3043 401 3119 suscipiendi&
420 3044 501 3127 iegee
515 3055 607 3103 tamen
628 3047 731 3117 quihne
744 3057 908 3122 regerentur
928 3046 1025 3103 fideles
1047 3065 1098 3122 per
1118 3059 1277 3122 temporum

193 3141 387 3215 locorumque
400 3145 548 3201 varietates
562 3164 619 3204 non
633 3145 711 3210 tulin
734 3146 783 3202 sed
798 3145 884 3203 Petro
897 3146 1040 3220 precipua
1049 3146 1169 3217 quadem
1179 3148 1285 3202 ratione

190 3242 276 3298 totius
302 3243 396 3318 gregis
423 3261 529 3309 curam,
551 3262 616 3302 eum
637 3244 755 3320 regendi
778 3254 926 3319 potestate,
953 3245 1107 3309 commisit,
1130 3243 1276 3317 Apostolie

190 3340 331 3398 universis
344 3343 429 3399 etiarn
444 3341 550 3418 ligandi
570 3354 598 3399 et
616 3342 744 3400 solvendi
765 3345 928 3399 auctoritate
948 3359 1095 3398 eoneeeea.
1140 3341 1280 3415 Regimen

191 3438 275 3512 igitur
288 3440 408 3496 instituit
420 3441 496 3511 qnod
510 3459 561 3516 per
580 3452 678 3517 gentes
692 3453 720 3498 et
733 3442 836 3499 eaeeule
849 3441 945 3498 omnia
957 3435 1088 3515 vigeret,¹
1104 3457 1225 3511 queque
1246 3438 1281 3496 ad

192 3535 277 3594 tidem
292 3539 433 3613 pertinent
445 3542 592 3614 mysteria,
604 3551 632 3596 et
645 3558 706 3612 quae
721 3538 900 3614 suscipiende
913 3548 978 3595 sunt
987 3550 1162 3595 sacramenta
1172 3542 1283 3603 statuit,

226 3711 266 3774 (l)
287 3709 375 3762 Merito
386 3712 532 3773 Anglieenie
543 3714 749 3776 exprobraverunt
766 3711 878 3762 Puriteni
895 3728 937 3761 eos
949 3712 1049 3762 Christo
1066 3712 1189 3761 detrahere
1202 3720 1280 3774 poter·

188 3804 237 3844 tete
253 3797 304 3858 regi
321 3798 410 3848 tribute
427 3799 535 3860 regimen
552 3800 741 3849 eoeleeiertieum
761 3799 880 3849 variandi.
914 3799 978 3847 Heb.
997 3801 1030 3848 iii.
1049 3802 1072 3847 6.
1107 3797 1216 3846 ¹·Bither
1234 3796 1286 3845 thet

189 3883 385 3934 commendetion
397 3885 426 3934 of
439 3885 480 3933 the
489 3900 534 3934 eon
546 3885 626 3934 before
643 3885 685 3934 the
696 3895 792 3934 rement
809 3886 830 3934 ie
847 3902 862 3933 ι
875 3885 934 3934 faire
945 3886 1085 3946 testimony,
1098 3899 1125 3931 or
1137 3882 1178 3929 the
1189 3896 1235 3929 eon
1247 3896 1284 3930 or·

190 3967 278 4029 drined
290 3984 305 4017 n
316 3979 460 4033 permanent
471 3977 632 4032 government
648 3971 673 4020 in
687 3971 729 4019 the
746 3970 845 4020 chureh.
883 3971 909 4018 lt
923 3977 1073 4033 permanent,
1085 3968 1143 4015 then
1161 3973 1238 4015 netto
1255 3967 1285 4013 he

186 4052 304 4114 changed
340 4052 420 4104 what
429 4055 488 4104 then
499 4055 531 4104 do
543 4055 600 4118 they
612 4054 665 4105 thet
681 4055 738 4104 hold
756 4056 775 4104 ir
792 4070 848 4118 may
860 4055 890 4103 be
907 4053 1017 4114 changed
1030 4060 1054 4100 rt
1065 4052 1106 4100 the
1120 4048 1282 4111 Megietrete’r

190 4138 309 4200 pieamre,
319 4139 365 4188 but
375 4139 457 4188 adrine
466 4139 508 4189 the
520 4139 663 4201 Megietrete
675 4141 706 4202 hy
718 4139 758 4186 hie
770 4137 874 4202 poritire
887 4137 946 4185 lewe
958 4144 983 4185 to
995 4137 1110 4200 prochirp
1122 4135 1174 4184 thet
1186 4135 1204 4184 it
1214 4137 1237 4184 ie
1247 4135 1287 4185 hie

190 4223 247 4278 will,
259 4222 345 4272 thetis
358 4224 424 4273 there
435 4223 497 4273 eheli
509 4224 538 4272 be
551 4240 565 4273 e
576 4223 668 4274 chureh
687 4222 772 4271 within
791 4221 830 4271 hie
840 4220 981 4270 dominione
992 4221 1023 4269 he
1035 4220 1085 4269 will
1097 4221 1170 4270 mnint
1183 4220 1231 4269 ond
1244 4221 1284 4269 de·

190 4308 251 4357 serm
263 4306 306 4355 the
317 4306 421 4357 remet”
456 4307 491 4356 Μ.
504 4307 538 4356 M.
551 4324 605 4372 pag.
618 4310 656 4356 16.
667 4307 707 4356 eit
720 4322 735 4355 e
748 4305 847 4355 Hooker
859 4304 927 4355 Ecel.
939 4304 1027 4367 Polity,
1039 4305 1054 4353 l.
1067 4305 1100 4353 iii.
1113 4321 1136 4353 n.
1154 4308 1160 4350 l
1171 4309 1189 4352 1.
