2744 4980
263 440 320 499 DE
341 441 581 500 PARENTUM
602 440 973 504 OBLIGATIONIBUS.
1103 449 1163 505 365

66 605 288 664 Ecclesiasticus
309 615 406 664 monet
419 605 562 678 quandam
576 607 754 664 severitatem
776 606 957 677 servandam,
980 620 1012 668 ut
1031 629 1048 666 a
1070 610 1157 686 patris

68 714 137 762 nutu
151 704 277 781 pendere
290 703 418 762 discant:
442 704 539 763 “Filii
559 705 609 762 tibi
621 705 705 762 suutl
728 704 820 764 Erudi
833 706 909 774 illos,
923 717 951 764 et
963 727 1049 765 curva
1060 707 1124 766 illos
1144 725 1161 764 a

69 803 189 878 pueritia
202 799 364 863 illorum.”¹
405 804 494 870 “Qui
508 803 599 879 diligit
619 802 709 861 filium
729 822 824 873 suum,
845 804 971 864 assiduat
983 806 1024 864 illi
1036 806 1158 883 flagella,

67 911 98 957 ut
110 901 219 959 laetetur
232 904 261 961 in
281 902 440 960 novissimo
454 920 517 961 suo.
532 943 581 960 ...
624 901 654 959 N
656 921 694 961 on
714 901 765 961 des
779 903 820 962 illi
841 913 1008 980 potestatem
1020 905 1051 962 in
1059 906 1161 982 juveu-

70 1009 138 1066 tute,
152 1010 181 1057 et
193 1020 230 1058 ne
243 1000 384 1077 despicias
397 1001 535 1076 cogitatus
553 1001 628 1058 illus.
671 1000 768 1058 Curva
787 1003 927 1062 cervicem
941 1006 1003 1082 ejus
1017 1005 1048 1062 in
1056 1005 1160 1080 juven·

69 1110 138 1165 tute,
153 1110 182 1155 et
196 1099 281 1157 tunde
295 1100 382 1157 latera
394 1099 457 1175 ejus
470 1099 538 1156 dum
552 1100 644 1157 inians
658 1110 711 1166 est,
724 1119 760 1158 ue
773 1101 844 1159 sorte
856 1101 977 1170 induret,
987 1113 1017 1160 et
1028 1122 1086 1162 uon
1099 1121 1159 1162 cre·

67 1195 114 1254 dat
127 1198 188 1265 tibi,
202 1209 232 1256 et
242 1199 296 1257 erit
310 1199 357 1256 tibi
368 1197 449 1255 dolor
462 1191 612 1256 animae.’'²
652 1198 725 1257 Haec
736 1200 843 1258 monita
855 1200 894 1257 ita
906 1211 972 1259 sunt
983 1200 1157 1278 accipienda,

68 1306 99 1352 ut
111 1299 248 1355 severitas
262 1297 307 1355 vel
320 1295 440 1355 dulcedo
463 1296 636 1364 adhibeatur,
651 1315 703 1373 pro
726 1315 878 1373 puerorum
899 1298 994 1359 indole
1013 1310 1042 1358 et
1061 1301 1157 1359 condi·
1262 1286 1265 1291 ¹

65 1394 153 1453 tione.
197 1397 328 1455 Moribus
348 1406 442 1453 autem
466 1396 570 1454 uostris
584 1396 633 1452 vix
646 1396 780 1453 convenit
799 1397 945 1465 severitas,
966 1416 1053 1471 quum
1075 1400 1156 1475 pueri

67 1493 133 1569 ipsi,
145 1512 177 1551 se
188 1495 223 1552 ad
235 1496 391 1553 libertatern
405 1503 486 1553 natos
496 1504 657 1562 noscentes,
672 1492 793 1553 durioris
807 1493 964 1572 disciplinae
977 1497 1035 1554 sint
1046 1499 1158 1574 impati-

65 1602 166 1650 entes:
188 1593 240 1652 sed
252 1592 411 1652 cavendum
425 1612 461 1651 ne
474 1593 568 1650 libere
582 1591 683 1650 deutur
694 1593 737 1650 eis
750 1593 877 1661 habenae,
892 1613 950 1667 quo
964 1607 1047 1654 ruant
1059 1597 1156 1672 praeci·

66 1692 141 1768 pites
154 1693 185 1750 in
198 1693 274 1751 vitia.

104 1794 154 1850 87.
177 1791 263 1857 Quod
276 1791 311 1848 ad
325 1791 530 1849 institutionem
551 1792 657 1858 attinet,
681 1790 817 1849 doctrine
832 1791 992 1850 christiane
1011 1793 1155 1852 rudimen·

65 1890 102 1946 tis
115 1890 257 1967 imprimis
269 1889 414 1949 imbuendi
424 1901 499 1958 sunt,
510 1900 539 1948 et
546 1887 581 1947 ad
594 1890 691 1948 omnia
700 1889 798 1947 munia
810 1890 957 1967 religionis
971 1891 1152 1951 informandi:

63 1987 116 2046 sed
129 1998 158 2046 et
170 1989 260 2050 fusior
273 1991 432 2057 instructio,
453 2007 510 2062 qua
531 1997 627 2046 contra
649 1987 775 2046 haereses
796 1999 957 2064 grassantes
979 1991 1153 2057 muniantur,

63 2088 216 2163 prebenda
228 2108 280 2165 pro
293 2106 391 2146 eorum
404 2089 569 2164 capacitate.
592 2086 716 2144 Peccant
729 2087 813 2163 igitur
826 2090 948 2163 graviter
960 2100 1090 2165 parentes
1104 2092 1155 2162 qui

65 2185 215 2264 negligunt
234 2188 309 2246 filios
329 2186 365 2245 ad
386 2187 520 2263 pietatem
534 2187 692 2253 instituere,
712 2203 820 2256 eosque
840 2185 908 2246 fidei
922 2188 1080 2245 amittenda
1100 2188 1157 2246 dis·

64 2286 177 2345 crimini
191 2287 339 2363 objiciunt,
363 2286 503 2344 haereticis
518 2286 661 2361 magistris
684 2284 729 2342 vel
752 2283 917 2344 infidelibus
939 2286 1153 2353 committendo,

65 2385 146 2442 omni
159 2387 266 2444 omissa
279 2385 396 2443 cautela.

104 2487 155 2540 88.
177 2485 307 2544 Moribus
317 2484 442 2542 filiorum
456 2493 488 2542 ut
500 2482 649 2541 cousulant
658 2493 801 2559 parentes,
813 2481 973 2542 debenteos
987 2504 1004 2541 a
1017 2485 1156 2543 malorum

63 2584 208 2641 consortio
222 2583 321 2660 procul
335 2596 439 2650 tenere,
454 2593 482 2641 et
503 2582 664 2658 pecuniam,
679 2582 807 2639 fomitem
829 2582 970 2649 vitiorum,
992 2602 1076 2659 parce
1090 2602 1157 2661 sup·

63 2681 200 2757 peditare.
241 2682 448 2754 Deliuquentes
462 2680 634 2758 corripiendi
648 2692 715 2738 sunt
727 2692 755 2737 et
767 2680 914 2756 puniendi,
929 2683 1021 2758 prima
1041 2700 1157 2757 praeser-

64 2781 114 2837 tim
138 2779 337 2848 adolescentia,
360 2800 426 2839 nam
454 2782 620 2840 maturiores
657 2781 705 2837 vix
732 2779 824 2836 lerunt
847 2781 954 2837 monita
973 2781 1045 2856 ipsa,
1066 2780 1156 2838 multo

64 2879 159 2937 miuus
171 2881 295 2938 verbera.
317 2879 376 2937 Sed
390 2882 505 2939 monitis
519 2890 547 2936 et
555 2879 697 2954 exemplis
708 2878 864 2954 praesertim
878 2877 913 2934 ad
927 2880 1059 2953 pietatem
1070 2877 1156 2936 addu-

63 2977 146 3034 ceudi
159 2990 243 3037 sunt:
266 2979 370 3051 quade
384 2998 469 3038 causa
492 2979 612 3055 graviter
626 2987 745 3054 peccant
764 2977 990 3053 patres-familias
1004 2978 1102 3035 munia
1114 2992 1156 3035 re-

63 3076 193 3156 ligionis,
212 3097 277 3135 cum
291 3079 413 3135 filiorum
438 3078 551 3144 damno,
575 3079 762 3154 negligentes.
805 3076 885 3134 Filiae
899 3094 1079 3153 magnacum
1094 3075 1156 3136 dili·

64 3179 162 3256 gentia
175 3176 368 3235 custodiendae
388 3187 463 3244 sunt,
478 3188 506 3235 et
527 3177 699 3235 aconsortio
720 3193 870 3253 pravorum
884 3174 1078 3233 removendae:
1100 3193 1156 3246 qua

64 3280 93 3337 in
107 3298 137 3335 re
153 3278 248 3334 matris
262 3276 412 3334 solicitudo
425 3277 553 3334 exerceri
574 3276 730 3351 presertim
749 3274 849 3330 debet:
871 3272 921 3330 sed
944 3284 972 3330 et
993 3275 1079 3349 patris
1093 3293 1158 3332 auo·
1257 3296 1269 3339 ,·

64 3379 160 3436 toritas
174 3375 327 3451 plurimum
341 3386 443 3451 potest.
486 3376 579 3441 Quam
594 3393 671 3451 saepe
685 3373 822 3448 contingit
832 3371 954 3447 puellam
964 3373 1065 3439 vitiari,
1077 3383 1155 3447 patre

64 3479 191 3540 absente,
205 3485 235 3531 ut
249 3475 327 3550 potui
342 3487 431 3541 vacet,
443 3484 471 3531 et
484 3485 571 3531 matre
585 3475 649 3549 ipsa
662 3472 778 3530 nimiam
792 3469 954 3545 indulgente
968 3470 1033 3527 filie
1046 3470 1156 3530 liberta·

64 3587 120 3633 tem
153 3573 287 3642 exeundi,
310 3574 355 3629 vel
383 3572 460 3630 domi
483 3571 646 3649 excipiendi
674 3571 800 3628 amicos!
851 3568 963 3627 “Filiae
992 3570 1040 3626 tibi
1067 3574 1155 3628 sunt?

64 3675 155 3732 Serva
168 3692 271 3749 corpus
286 3672 406 3738 illarum,
421 3682 450 3730 et
462 3691 498 3728 ne
511 3671 644 3731 ostendas
655 3670 755 3727 faciem
767 3667 883 3725 hilarem
898 3667 933 3725 ad
946 3668 1018 3725 illas.
1060 3670 1156 3728 Trade

62 3775 150 3831 liliam
165 3782 193 3828 et
205 3771 310 3847 grande
324 3789 396 3846 opus
411 3771 523 3837 seceris,
537 3780 566 3829 et
578 3770 690 3830 homiui
703 3780 817 3826 sensato
831 3766 866 3824 da
879 3758 1005 3825 illam.'’³

102 3877 152 3929 89.
174 3871 323 3929 Tenentur
336 3883 466 3945 parentes
481 3869 547 3931 filiis
570 3871 687 3927 liberam
708 3867 867 3937 relinquere
887 3874 975 3922 status
999 3867 1062 3922 vitae
1083 3866 1156 3924 elec·

62 3974 179 4040 tionem,
194 3971 431 4047 praesertimque
450 3980 560 4044 spectat
578 3966 756 4024 continentie
772 3964 886 4039 integrae
908 3966 1096 4040 propositum,
1110 3966 1157 4024 vel

63 4070 235 4129 matrimonii
246 4089 253 4135 ;
269 4088 333 4129 uam
350 4077 369 4104 ‘⁶
381 4087 437 4127 nou
449 4077 629 4125 tenentur...
642 4065 693 4122 filii
703 4063 865 4139 parentibus
878 4061 1002 4128 obedire,
1014 4061 1049 4119 de
1063 4065 1157 4122 matri·

63 4171 160 4228 monio
173 4167 376 4233 contrahendo,
401 4168 446 4225 vel
468 4167 627 4244 virginitate
650 4159 797 4228 servanda,
812 4170 861 4218 aut
881 4160 975 4233 aliquo
989 4161 1045 4219 alio
1057 4160 1156 4238 hujus·

96 4338 135 4403 (l)
147 4337 215 4388 Bccl.
228 4337 268 4386 vii.
286 4338 325 4384 25.
464 4335 505 4399 (2)
526 4333 594 4384 Eccl.
606 4345 665 4385 xxx.
679 4331 701 4378 l.
717 4329 755 4377 il.
890 4327 930 4393 (³)
950 4327 1017 4378 Eccl.
1029 4328 1069 4379 vii.
1082 4333 1123 4381 26.
