2766 4996
582 1253 724 1317 CAPUT
744 1256 782 1315 V.

416 1481 454 1521 DE
476 1483 658 1522 scandemus
678 1485 942 1526 OBLIGATIONIBUS.

546 1696 599 1770 §L
634 1698 681 1771 Dn
696 1699 818 1758 Junrcs.

180 1883 246 1936 101.
269 1878 369 1937 Junnx
393 1876 476 1935 debet
497 1880 594 1956 legum
616 1879 723 1956 pollere
746 1882 873 1948 scientia,
887 1890 916 1938 et
933 1881 1050 1958 justitiae
1072 1899 1166 1938 amore
1180 1880 1228 1937 fla·

137 1996 218 2052 grate
230 1972 253 2035 :¹
274 1977 421 2053 “Diligite
430 1979 569 2053 justitiam
583 1979 632 2049 qui
648 1977 781 2055 judicatis
801 1972 952 2037 terram.”'
992 1988 1011 2015 ‘⁶
1024 1979 1093 2037 Noli
1103 1997 1228 2052 quaerere

137 2075 200 2132 fieri
209 2075 311 2155 judex,
326 2075 382 2133 nisi
397 2075 489 2132 valeas
510 2079 610 2134 virtute
624 2077 780 2153 irrumpere
802 2078 981 2150 iniquitates:
1002 2096 1040 2136 ne
1062 2077 1134 2136 sorte
1157 2078 1229 2134 exti-

138 2190 249 2230 mescas
263 2175 365 2232 saciem
379 2175 514 2248 potentis,
528 2185 557 2233 et
569 2193 659 2250 ponas
673 2175 839 2235 scandalum
853 2177 882 2232 in
906 2176 1034 2247 aequitate
1049 2169 1144 2234 tua.'’³
1185 2175 1230 2232 Re

137 2270 210 2329 bene
225 2289 362 2346 expensa,
376 2280 404 2327 et
417 2273 539 2346 partium
552 2272 733 2330 adversarum
756 2273 859 2332 auditis
872 2273 1039 2339 rationibus,
1053 2271 1136 2330 debet
1154 2271 1230 2348 judi·

137 2387 214 2433 care,
225 2368 301 2425 haud
315 2386 351 2425 ex
364 2370 451 2444 gratia
465 2369 509 2426 vel
524 2369 601 2437 odio,
612 2369 663 2428 sed
672 2372 755 2447 juxta
768 2372 907 2445 aequitatis
920 2368 1081 2438 dictamina,
1096 2381 1124 2428 et
1132 2371 1229 2447 legum

137 2468 317 2534 sententiam,
332 2485 517 2541 personarum
530 2467 693 2526 discrimine
714 2470 853 2546 neglecto.
896 2469 945 2526 Sic
959 2470 1094 2545 praecepit
1107 2470 1230 2546 Moyses

133 2563 278 2640 judicibus
301 2587 318 2623 a
340 2583 371 2621 se
391 2567 573 2624 constitutis:
596 2575 616 2602 “
627 2567 731 2627 Audite
752 2568 828 2635 illos,
849 2578 878 2625 et
891 2566 968 2641 quod
978 2568 1088 2644 justum
1102 2578 1146 2627 est
1155 2569 1232 2645 judi·

138 2672 217 2719 cate:
240 2665 299 2720 sive
312 2665 384 2721 civis
400 2665 438 2721 sit
450 2665 508 2733 ille,
523 2667 584 2722 sive
598 2668 776 2742 peregrinus.
819 2667 910 2725 Nulla
924 2668 977 2723 erit
990 2665 1121 2724 distantia
1134 2685 1231 2742 perso·

138 2779 248 2828 narum,
264 2763 301 2818 ita
314 2781 433 2837 parvum
449 2761 570 2820 audietis
593 2774 625 2819 ut
644 2781 797 2837 magnum:
822 2781 876 2821 nec
895 2763 1039 2837 accipietis
1062 2763 1231 2837 cujusquam

139 2877 300 2934 personam,
315 2860 381 2930 quia
394 2858 450 2914 Dei
459 2858 602 2935 judicium
614 2853 706 2916 est.'‘⁴

180 2961 248 3014 102.
270 2955 328 3022 Qut
340 2956 459 3013 scientia
471 2958 630 3014 necessaria
643 2975 743 3015 carens
757 2976 861 3016 munus
873 2957 981 3034 judicie
991 2957 1120 3034 suscipit,
1134 2968 1231 3034 peccat

138 3053 296 3144 discrimini
309 3056 411 3112 erroris
425 3053 574 3131 injudicio
587 3075 618 3113 se
632 3055 804 3132 objiciendo.
846 3056 932 3124 Quod
952 3058 978 3114 si
994 3056 1061 3114 inde
1083 3058 1231 3133 proveniat

138 3152 274 3213 damnum
287 3153 380 3220 alicui,
395 3163 504 3211 tenetur
523 3153 558 3212 ad
578 3154 649 3213 illud
666 3154 863 3230 reparandum,
885 3174 972 3228 quum
996 3156 1100 3231 injusta
1119 3156 1156 3211 eit
1168 3157 1230 3231 ejus

138 3270 233 3310 causa.
275 3252 348 3309 Litis
362 3252 499 3328 impensa
513 3272 577 3326 quae
591 3253 662 3311 fiunt
675 3253 709 3310 ad
723 3252 942 3311 rescindendum
959 3253 1109 3329 judicium,
1128 3251 1231 3310 debent

139 3371 156 3407 a
164 3351 261 3428 judice
275 3351 417 3418 sustineri,
428 3351 542 3424 quando
556 3352 713 3427 ignorantia
723 3351 775 3408 fuit
785 3353 848 3428 ejus
859 3370 944 3409 causa
955 3371 963 3408 a
976 3369 1059 3408 secus
1070 3351 1094 3408 si
1104 3350 1230 3409 humano

138 3467 232 3508 errore
252 3451 412 3526 contigerit,
429 3448 528 3525 judice
552 3451 643 3526 perito
665 3449 760 3526 legum
782 3460 810 3507 et
832 3468 913 3522 aequo
931 3450 1005 3525 juris
1028 3450 1140 3516 arbitro,
1164 3468 1231 3508 narn

141 3555 229 3605 “rem
243 3566 305 3620 quae
319 3546 403 3622 eulpa
416 3558 493 3605 caret
505 3550 534 3606 in
554 3547 690 3606 omnum
711 3549 806 3606 vocari
820 3567 877 3607 non
890 3547 1054 3606 couvenit.”
1096 3549 1154 3616 Qui
1169 3567 1229 3607 mu·

176 3751 187 3813 (
192 3751 218 3814 1)
239 3749 334 3810 Quanti
344 3750 438 3800 intersit
449 3752 589 3816 reipublicae
601 3760 629 3802 ut
642 3753 737 3818 justitie
753 3755 840 3817 vigeat,
851 3755 952 3819 exponit
964 3754 1072 3804 Statius:
1089 3762 1104 3783 ⁴⁴
1116 3753 1233 3800 Without

136 3832 228 3895 justice
239 3832 312 3894 being
323 3833 406 3897 sreeiy,
414 3834 483 3897 tutty,
495 3834 542 3883 und
555 3835 701 3899 impartiniiy
713 3837 892 3893 administered,
904 3835 998 3884 neither
1009 3849 1054 3882 our
1066 3848 1175 3895 persons,
1189 3846 1234 3880 nor

141 3930 185 3965 our
197 3916 281 3977 rights,
292 3933 337 3966 nor
349 3934 394 3967 our
406 3927 518 3982 property
530 3935 576 3968 esu
589 3922 618 3968 be
631 3921 761 3983 protectad'.
794 3919 853 3967 And
865 3919 886 3965 it*
900 3918 975 3974 these,
987 3932 1014 3963 or
1028 3915 1105 3964 either
1116 3917 1145 3964 os
1159 3915 1233 3974 them,

141 4014 181 4049 sre
193 4001 316 4063 reguisted
327 4003 359 4065 by
371 4018 404 4051 no
415 4002 505 4052 camin
516 4004 585 4062 laws,
596 4004 644 4052 aud
662 4018 702 4051 are
722 4003 816 4067 subject
835 4009 860 4049 to
877 4014 910 4048 no
926 3998 1017 4048 censio
1030 3999 1167 4065 principles,
1185 4000 1232 4048 and

141 4101 181 4135 ere
199 4085 255 4136 held
266 4088 299 4151 by
310 4103 345 4136 no
363 4087 453 4137 certain
467 4097 560 4147 tenure,
578 4088 626 4137 sud
644 4103 684 4136 are
701 4086 832 4143 redressed,
843 4084 917 4134 when
929 4084 1040 4144 violsted,
1054 4086 1085 4148 by
1097 4101 1131 4134 no
1142 4086 1233 4136 certain

141 4170 266 4229 remedies,
275 4172 366 4235 society
375 4173 430 4221 suile
441 4174 470 4221 os
483 4173 515 4223 ιΙΙ
526 4173 558 4222 its
570 4173 656 4229 saluca
675 4171 723 4220 sud
735 4186 791 4220 men
799 4186 856 4233 msy
868 4185 895 4218 ns
906 4169 962 4218 weil
973 4176 1057 4218 retum
1068 4177 1094 4218 to
1105 4184 1120 4217 a
1131 4176 1192 4219 state
1209 4173 1236 4220 oi

140 4269 229 4316 strage
240 4254 289 4304 sud
298 4256 428 4306 barbarous
440 4254 645 4322 independenee.”
682 4255 778 4305 Comm.
794 4255 878 4305 Gmtst.
890 4253 906 4303 1.
915 4253 941 4303 iii
953 4268 974 4303 c.
984 4252 1016 4301 si.

176 4340 220 4404 (1)
240 4339 298 4404 Sep·
310 4339 326 4389 i.
336 4339 357 4389 l.
447 4352 450 4356 ·
571 4341 615 4406 (8)
634 4339 703 4391 Eecl.
713 4339 751 4389 sii
764 4342 787 4390 6.
989 4337 1032 4402 (4)
1051 4336 1150 4389 Danti
1162 4338 1200 4388 lo.
1229 4395 1234 4404 Ι
