2744 4980
334 403 454 466 sums
472 403 796 468 ECOLESIAS'I'IOI
816 406 996 470 PONTES.
1154 417 1215 473 225

126 578 196 635 bura,
223 570 380 628 canonibus
405 570 618 646 Apostolorum,
644 583 673 630 et
696 572 882 632 conciliorum
908 573 1028 633 decretis
1054 575 1213 654 desumpta.
1253 549 1256 556 ¹

126 666 269 727 Dividitur
278 668 308 726 iu
320 668 408 727 libros
415 668 499 745 juxta
511 668 640 728 ordinem
654 671 795 731 versiculo
806 671 862 731 hoo
875 672 1029 734 indicatum

357 789 446 850 Index,
456 791 589 852 Iudicium,
598 793 693 852 Clarus,
703 793 841 855 Connnbls,
852 794 962 847 Crimen.

167 929 186 954 ‘⁴
197 918 278 978 Libri
291 919 418 988 autem‚”
433 921 650 994 inquitDevoti,
672 921 788 982 “divisi
801 936 866 983 sunt
879 927 1013 1004 inplures
1028 927 1132 996 tibulos,
1147 946 1217 1001 quo·

128 1038 189 1077 rum
210 1018 315 1097 singuli
335 1019 416 1096 plura
434 1020 526 1096 capita
545 1021 708 1089 continent;
729 1033 757 1081 et
769 1024 861 1101 capita
874 1044 940 1083 curn
951 1025 1083 1104 longiora
1096 1038 1171 1096 sunt.
1186 1029 1216 1086 in

126 1116 319 1195 paragraphus
333 1118 497 1177 tribuuntur.
539 1119 588 1177 Ex
601 1119 646 1176 bis
668 1122 777 1192 quoties
800 1121 907 1196 aliquid
919 1124 1092 1184 laudandum
1105 1137 1158 1194 est,
1175 1127 1217 1184 in·

126 1215 256 1274 dicantur
264 1217 357 1292 prima
366 1217 450 1274 cerba
468 1218 593 1295 capituli,
604 1217 649 1275 vel
662 1237 808 1287 numerus,
819 1222 865 1280 vel
878 1232 1028 1295 utrumque
1048 1224 1144 1292 sunni,
1159 1225 1213 1282 boc

126 1314 213 1373 modo
226 1335 264 1373 ex
276 1333 319 1393 gr.
338 1312 410 1394 Cap.
432 1312 632 1375 venerabitem
646 1315 681 1375 de
694 1316 774 1377 elect.
788 1316 861 1397 Cap.
879 1324 905 1377 l.
921 1318 956 1378 de
972 1319 1077 1379 Cierio.
1092 1323 1216 1401 conjug.

130 1412 205 1492 Cup.
220 1423 274 1474 tua
286 1431 342 1472 nos
355 1419 395 1472 26
409 1413 444 1473 de
461 1412 601 1494 Sponsal.
623 1423 649 1474 et
662 1415 821 1475 matrim.”

168 1517 197 1570 8.
219 1511 349 1572 Librum
368 1521 489 1573 aestum
509 1511 723 1584 Daedalium,
745 1515 795 1589 qui
815 1525 909 1573 tamen
927 1526 956 1574 et
974 1518 1035 1593 ipse
1049 1517 1079 1575 in
1092 1519 1218 1600 quinque

124 1612 214 1670 libros
227 1612 410 1681 distribuitur,
431 1611 527 1681 edidit,
549 1612 660 1672 decimo
674 1625 774 1686 quarto
787 1614 902 1673 ineunte
922 1615 1036 1683 suono,
1051 1615 1217 1675 Bonilacius

127 1709 214 1769 VIII.
236 1710 373 1769 Continet
384 1729 506 1769 emoneo
519 1709 640 1770 duorum
652 1713 839 1772 conciliorum
858 1713 1037 1789 generalium
1046 1713 1218 1791 Lugdunen-

125 1811 216 1877 sium,
229 1821 258 1868 et
269 1807 433 1868 Decretales
447 1809 624 1887 pontificum,
639 1829 702 1884 qnae
722 1821 788 1888 post
801 1809 1006 1887 Gregorianam
1019 1812 1218 1872 collectionem

125 1908 243 1967 suerunt
261 1903 419 1984 evulgatae.¹
459 1908 534 1987 Ejus
557 1911 651 1985 capita
671 1928 737 1968 curn
756 1907 913 1978 laudantur,
934 1910 964 1968 in
977 1911 1033 1970 fine
1057 1909 1167 1971 additur
1186 1911 1220 1968 in

125 2015 226 2074 secto,
240 2025 276 2064 ex
288 2025 329 2083 gr.
348 2005 420 2086 Cup.
439 2006 661 2067 Concertoticni
675 2007 710 2066 de
723 2005 860 2087 appellet.
876 2006 909 2067 itt
923 2012 952 2066 6.

170 2110 200 2164 9.
224 2103 414 2165 Clementiae
429 2104 598 2165 Decretoles
612 2109 643 2167 iu
657 2112 675 2166 5
689 2109 775 2166 etiarn
787 2107 874 2166 libros
890 2104 1059 2166 dividunum
1103 2105 1219 2166 Prodie·

126 2218 195 2263 runt
214 2202 373 2263 Clementis
386 2205 425 2262 V.
435 2208 530 2284 jussu,
553 2207 602 2278 qui
621 2225 687 2264 suas
708 2207 924 2266 constitutiones
944 2207 974 2264 in
994 2206 1115 2264 concilio
1133 2205 1220 2265 Vien-

127 2305 213 2361 nensi
226 2303 326 2372 editas,
340 2305 453 2380 corpori
458 2306 532 2382 juris
546 2303 630 2379 adjici
640 2305 738 2373 voluit,
750 2302 827 2377 quod
839 2302 967 2362 loannes
978 2304 1078 2362 XXII.
1090 2303 1219 2380 perfecit.

128 2401 181 2458 Sic
195 2403 287 2461 solent
298 2403 394 2461 citari:
418 2401 560 2471 Cleonem,
574 2402 728 2485 sisarioci
741 2402 776 2462 de
790 2401 934 2481 religios:
955 2402 1067 2462 domib.

174 2503 221 2559 10.
242 2499 493 2580 Eetruougantes
514 2501 643 2562 denotor
661 2502 813 2581 pontificiae
833 2502 888 2560 illae
906 2503 1132 2569 constitutiones,
1146 2519 1220 2574 que,

130 2611 199 2676 post
208 2599 336 2658 laudatos
356 2600 549 2659 Decretalium
569 2600 656 2659 libros
676 2601 799 2668 emissae,
820 2613 899 2658 extra
917 2619 1020 2676 corpus
1037 2602 1110 2677 juris
1127 2600 1222 2676 vagari

130 2697 306 2759 videbantur.
348 2699 468 2758 loannis
495 2698 594 2758 XXII.
618 2701 719 2778 viginti
740 2698 868 2776 epistolas
894 2697 1047 2756 decretales
1070 2717 1128 2756 uno
1149 2697 1222 2755 libro

131 2797 418 2874 comprehenduntur.
460 2798 502 2858 Ita
533 2800 661 2857 citantur.
702 2796 836 2856 Ecetrae.
864 2815 932 2855 cum
957 2796 1036 2853 iuter
1061 2793 1223 2854 nonnullos

131 2894 223 2954 loon.
239 2896 343 2956 XXII.
359 2896 394 2956 de
407 2897 475 2956 oerb
490 2895 599 2978 signis.
634 2895 885 2974 Eetroooguntes
898 2894 1089 2962 Communes,
1104 2894 1223 2953 aliorum

132 2994 300 3070 pontificum
313 2997 348 3054 ab
361 2997 478 3055 Urbano
491 2996 545 3055 IV.
557 2994 592 3054 ad
605 2995 720 3054 Sixturn
731 2995 784 3053 IV.
795 2993 907 3052 decreta
916 2992 1051 3053 exhibent
1065 2994 1095 3051 in
1109 2993 1223 3051 blibros

132 3091 289 3153 distributa.
332 3095 381 3154 Sic
393 3094 560 3154 laudantur:
582 3093 790 3154 dimissorem
802 3111 864 3151 non
876 3111 987 3152 nouom
1001 3091 1036 3150 de
1046 3089 1105 3150 dol.
1116 3098 1142 3149 et
1157 3109 1224 3150 con·

133 3199 245 3251 tumeo.
260 3193 340 3252 inter
353 3212 503 3253 commun.

177 3296 224 3349 ll.
242 3291 357 3370 Corpus
370 3294 456 3369 igitur
459 3293 547 3372 juris
558 3311 595 3350 ex
606 3291 733 3350 Gratiani
748 3287 883 3366 Decreto,
899 3285 1118 3353 verentibus,
1130 3284 1223 3345 Libro

134 3398 218 3449 sexto
242 3389 457 3460 Daedalium,
482 3390 687 3457 Clementiniu
714 3396 741 3446 et
764 3385 1054 3465 Eutravugantibus
1075 3385 1224 3444 conflatur.

134 3487 194 3546 Jus
208 3507 320 3550 novum
339 3491 449 3559 dicitur,
462 3503 494 3550 ut
505 3493 539 3551 ab
553 3491 675 3564 antiquis
695 3487 907 3546 collectionibus
927 3484 1123 3562 distinguatur.
1165 3483 1224 3543 Jus

134 3608 203 3646 vero
216 3589 417 3649 nouissimum
431 3608 464 3647 ea
483 3590 661 3666 amplectitur
681 3606 743 3660 quse
764 3596 863 3664 postea
881 3594 947 3644 sunt
966 3584 1040 3643 edita
1056 3584 1225 3662 pontificum

135 3706 187 3745 seu
207 3690 392 3747 conciliorum
414 3687 544 3746 decretae
566 3689 638 3746 inter
657 3705 721 3760 quae
734 3684 904 3744 Tridentina
922 3684 1065 3761 Insignem
1086 3692 1226 3759 occupant

135 3787 241 3844 locum.
284 3784 394 3844 Bellon
417 3787 586 3862 pontificias,
608 3803 660 3843 seu
680 3784 792 3842 decreta
813 3784 919 3861 sigillo,
942 3783 988 3840 vel
1011 3782 1155 3858 plumbeo,
1181 3779 1226 3836 vel

135 3902 230 3950 aureo,
245 3885 377 3951 munitas,
392 3901 455 3956 quae
475 3881 696 3942 consistoriales
717 3882 864 3947 dicuntur‚·
878 3880 989 3953 quoties
1003 3881 1033 3937 in
1045 3877 1224 3942 consistorio,

134 4000 172 4039 ex
194 3981 391 4042 cardinalium
412 3982 541 4049 consilio,
564 3979 763 4058 expediuntur,
783 3980 921 4037 inunum
943 3976 1065 4051 collegit,
1086 3985 1114 4032 et
1135 3975 1165 4031 in
1189 3978 1224 4031 14

135 4092 228 4141 tonms
251 4080 391 4141 distribuit
411 4079 609 4157 Hieronymus
631 4076 808 4143 Mainardus‚
833 4072 975 4133 Bullario
998 4090 1113 4153 magno
1136 4071 1222 4132 edito.

402 4305 444 4372 (l)
463 4301 541 4353 Instit.
549 4296 625 4351 Juris.
636 4297 756 4349 canonici
763 4299 779 4346 l.
791 4297 807 4348 i.
815 4312 836 4346 o.
848 4296 880 4346 vi.
891 4311 917 4346 n.
929 4295 970 4345 87.
