2766 4996
245 440 307 500 29⁰
321 480 336 513 ,ι
435 434 491 494 DE
512 431 809 493 PECOATORUM
829 426 1160 491 DISTINCTIONE.

287 610 338 664 22.
360 603 547 661 Peccatomm
563 601 685 677 gravitas
699 618 736 658 ex
749 600 852 677 majori
870 599 1053 674 oppositione
1066 596 1176 655 divinae
1188 598 1248 674 legi
1261 595 1340 653 dime-

252 703 410 763 tiendaest.
454 701 617 778 Objectum,
638 700 714 767 finis,
735 710 763 756 et
782 699 914 775 adjuncta
932 695 1141 773 perpendenda
1159 705 1240 764 sunt,
1254 715 1289 753 cx
1302 695 1341 751 bis

249 805 326 862 enim
340 800 481 858 derivatur
494 800 610 857 malitia.
652 800 783 857 Ebrietas
803 818 855 875 per
873 815 905 853 ae
924 797 1038 873 gravior
1057 809 1103 853 est
1116 795 1287 855 mendacio:
1307 804 1339 849 at·

246 914 339 961 tamen
354 902 378 958 si
401 899 457 957 hoc
477 899 633 976 proferatur
647 897 682 956 ad
704 899 862 957 innocentis
883 896 987 953 samam
1000 894 1224 972 denigrandaru,
1238 904 1339 972 prater·

248 1001 372 1080 greditur
397 998 473 1057 illius
503 1000 679 1076 gravitatem.
720 998 778 1064 Qui
796 999 909 1074 Jocatur
928 995 1054 1072 puellam
1073 995 1237 1054 seducendi
1254 1012 1337 1055 cama,

248 1101 335 1178 longe
349 1099 462 1175 gravius
477 1108 576 1175 peccat
588 1098 644 1155 alio
657 1116 694 1155 ex
707 1097 796 1155 animi
814 1097 925 1155 levitate
945 1094 1051 1152 similia
1071 1095 1250 1171 proferente.
1290 1093 1339 1150 Pro

249 1201 352 1279 majori
365 1200 394 1256 vi
409 1199 496 1256 animi
509 1208 538 1255 et
551 1199 616 1255 nisu
630 1216 687 1270 qno
707 1197 835 1254 voluutas
856 1203 1004 1271 peccatum
1024 1196 1223 1269 prosequitur,
1247 1204 1275 1251 et
1286 1192 1339 1250 diu·

248 1300 366 1358 tumiori
386 1297 488 1356 affectu
512 1316 578 1355 eum
600 1297 734 1355 libertatis
754 1295 901 1361 exercitio,
926 1294 1039 1370 gravius
1059 1304 1113 1351 est.
1158 1295 1235 1360 Quae
1254 1291 1338 1350 virtuti

247 1398 435 1476 praestantiori
449 1405 615 1473 repugnant,
636 1404 665 1453 et
677 1394 793 1468 quidem
813 1393 900 1452 modo
920 1392 1070 1460 contrario,
1091 1394 1227 1470 graviora
1239 1391 1337 1450 caeteris

246 1498 415 1575 plerumque
427 1504 501 1552 aunt.
544 1494 593 1551 Sic
613 1494 710 1552 odium
731 1493 788 1552 Dei
808 1494 1009 1570 gravissimum
1022 1502 1076 1559 est,
1090 1502 1191 1569 utpote
1205 1490 1335 1551 charitati,

249 1615 311 1670 quie
325 1615 437 1654 summa
450 1605 494 1652 est
506 1596 605 1661 virtus,
619 1594 736 1652 omnino
750 1593 909 1652 adversum.
951 1590 1097 1648 ceterum
1110 1590 1268 1677 aliquando
1281 1606 1335 1662 que

250 1706 393 1772 praecepto
407 1696 492 1753 etiam
505 1695 603 1752 divino
616 1693 810 1770 injunguntur,
819 1693 878 1769 legi
888 1700 992 1749 nature
1007 1689 1110 1756 addita,
1125 1691 1151 1749 si
1166 1690 1336 1767 negligantur

248 1795 386 1853 leviorem
400 1793 537 1852 inducunt
548 1794 662 1869 eulpam
676 1793 710 1850 iis
724 1811 787 1865 quae
800 1793 857 1869 legi
875 1782 981 1849 nature
1001 1790 1121 1847 omnino
1140 1789 1334 1847 adversantur:

248 1895 291 1952 aio
303 1893 480 1952 eucharistiae
491 1891 680 1969 suscipiende
694 1892 839 1969 neglectus
852 1892 943 1949 levior
955 1899 998 1946 est
1011 1889 1182 1948 homicidio.

285 1997 335 2047 23.
357 1988 488 2048 Effectus
502 2002 616 2048 secutus
629 2009 666 2048 ex
680 2003 797 2067 peccato
810 1992 872 2067 ejus
885 1989 1021 2047 malitiam
1034 1998 1130 2066 auget,
1145 1990 1260 2062 quoties
1274 2004 1334 2062 prm

245 2088 324 2146 visus
338 2097 391 2154 est,
406 2089 451 2144 vel
464 2088 613 2163 praevideri
627 2091 727 2164 potuit,
741 2102 770 2148 ct
782 2091 887 2157 debuit,
900 2089 968 2146 licet
980 2106 1103 2164 peccans
1121 2107 1191 2146 eum
1204 2085 1280 2145 haud
1293 2102 1334 2141 vo·

245 2187 330 2247 luerit
343 2204 468 2264 ponere:
490 2206 555 2246 nam
570 2187 669 2245 meritd
683 2189 856 2266 imputantur
866 2207 930 2261 qum
943 2206 980 2244 ex
990 2172 1077 2262 prava
1085 2189 1199 2246 actione
1212 2194 1336 2244 secutura

247 2300 411 2346 noscuntur.
453 2287 504 2346 Sic
528 2308 593 2347 rens
616 2288 733 2345 habetur
754 2287 902 2347 homicidii
925 2288 973 2359 qui
997 2287 1183 2344 vehementer
1203 2285 1336 2363 percussit

248 2385 344 2453 alium,
365 2389 521 2461 praesertim
543 2390 598 2446 telo
622 2386 756 2454 adhibito,
777 2388 844 2445 licet
863 2397 982 2444 mortem
1004 2385 1107 2443 inferre
1130 2386 1264 2449 noluerit,
1278 2400 1334 2455 que

247 2491 339 2539 tamen
363 2494 460 2539 secuta
482 2494 535 2540 est.
577 2483 636 2540 Sed
658 2484 683 2540 si
705 2496 806 2559 praeter
828 2485 1056 2560 expectationem
1078 2484 1187 2557 aliquid
1209 2494 1335 2556 sequatur

247 2579 390 2637 funestum
405 2580 482 2652 quod
504 2581 664 2638 nullatenus
685 2594 743 2638 erat
762 2585 934 2651 verosimile,
956 2582 1030 2641 haud
1051 2583 1116 2641 ideo
1136 2594 1215 2640 actus
1237 2583 1335 2639 malitia

246 2681 401 2757 augebitur,
416 2698 482 2738 nam
499 2698 566 2739 casu
581 2681 676 2758 potins
690 2699 775 2752 quam
789 2681 932 2740 voluntate
947 2680 1083 2740 accidisse
1098 2684 1269 2740 censebitur.
1290 2681 1335 2738 Sic.

246 2781 272 2838 si
295 2781 359 2854 quis
380 2799 466 2839 manu
488 2780 587 2839 leviter
608 2790 755 2858 pereutere
778 2782 887 2849 volens,
911 2786 1030 2840 mortem
1052 2799 1119 2838 casu
1142 2782 1254 2845 inserat,
1275 2798 1334 2837 rens

245 2880 394 2938 homicidii
407 2881 553 2940 habendus
573 2901 630 2939 non
643 2881 706 2938 erit
748 2880 945 2940 Homicidium
967 2882 1001 2937 ab
1021 2880 1098 2937 ebrio
1119 2891 1268 2957 patratum.
1290 2880 1334 2951 qui

245 2988 327 3034 antea
337 2981 492 3035 mansuetis
505 2982 631 3038 moribus
645 2991 713 3048 erat,
724 3000 782 3039 non
795 2980 880 3039 habet
890 2980 1024 3038 malitiam
1039 2980 1138 3037 alienae
1152 2978 1249 3047 credis,
1265 2981 1288 3036 si
1302 2996 1334 3036 ne

247 3076 405 3151 periculum
419 3077 536 3148 quidem
550 3080 617 3136 tanti
631 3078 762 3136 facinoris
776 3099 840 3137 sese
851 3081 1036 3137 inebriaturus
1046 3080 1184 3155 suspicari
1199 3082 1333 3156 potnerit:

247 3174 298 3234 sed
312 3176 341 3235 in
355 3177 416 3234 foro
430 3177 506 3235 civili
521 3197 586 3236 rens
603 3175 802 3256 judicabitur.l
843 3180 914 3245 Qum
928 3187 1086 3252 sequuntur
1098 3179 1172 3236 mala
1185 3190 1214 3236 et
1227 3191 1335 3256 peccata

245 3278 395 3336 occasione
418 3277 566 3356 cujusdam
589 3279 698 3356 peccati
720 3279 883 3356 gravitatem
904 3279 966 3354 ejus
987 3279 1155 3355 plenumque
1175 3279 1334 3341 ostendunt,

245 3385 342 3453 utpote
366 3396 429 3450 quae
452 3378 533 3436 facile
555 3387 706 3456 potuerunt
728 3377 884 3456 provideri.
927 3378 977 3435 Sic
1005 3377 1069 3436 libri
1092 3377 1219 3436 haeretici
1243 3389 1270 3434 ct
1289 3380 1333 3434 ob·

243 3478 334 3534 scoeni
348 3476 471 3551 plurima
484 3479 620 3536 inducunt
632 3479 715 3546 mala,
730 3497 793 3551 qum
806 3478 990 3555 scriptoribus
1004 3474 1103 3535 meritd
1118 3476 1286 3536 tribuuntur.

284 3575 333 3627 24.
364 3572 532 3632 Alienomm
559 3586 739 3652 peccatorum
761 3596 826 3634 reus
852 3578 972 3651 quisque
995 3576 1175 3635 constituitur
1192 3579 1331 3656 jussione,

275 3810 316 3875 (l)
331 3815 345 3838 “
356 3808 391 3857 As
403 3816 428 3856 to
441 3807 549 3858 artiticiel
569 3809 714 3874 voluntarily
729 3814 864 3861 contructed
883 3815 1004 3874 madness,
1022 3818 1052 3880 by
1066 3817 1245 3877 drunltenneas,
1257 3836 1283 3868 or
1299 3819 1333 3868 in·

238 3894 379 3953 toxicatiom
397 3893 489 3954 which,
507 3893 635 3959 depriring
653 3911 709 3946 men
728 3896 756 3945 ol
767 3896 828 3946 their
847 3914 940 3959 reason,
959 3909 1016 3964 puts
1035 3902 1101 3951 them
1120 3903 1145 3952 in
1164 3920 1179 3952 a
1199 3915 1331 3970 temporary

236 3977 336 4043 irenen
355 3995 399 4030 our
411 3980 457 4030 law
471 3981 539 4030 looks
551 3996 618 4045 upon
630 3979 679 4030 this
690 3997 718 4031 aa
728 3997 759 4031 au
772 3987 929 4045 aggravation
942 3986 971 4034 of
984 3987 1025 4036 the
1035 3985 1135 4049 offense,
1148 3991 1229 4040 rather
1240 3992 1299 4041 thau
1308 4006 1333 4039 as

238 4078 269 4113 eu
282 4079 371 4114 excuss
384 4067 420 4116 sor
429 4083 477 4131 arry
490 4067 601 4116 criminal
620 4067 805 4118 misbohavionr.
840 4069 1006 4131 Adrunlrard,
1024 4091 1081 4139 say·
1092 4073 1133 4124 Sir
1145 4076 1251 4127 Edwerd
1261 4079 1332 4134 Cole,

238 4146 295 4197 who
307 4148 328 4196 ie
340 4151 490 4202 voluntarius
508 4153 612 4211 dromon,
624 4152 682 4204 beth
701 4169 733 4203 no
745 4153 861 4218 privilege
878 4155 992 4220 thereb53
1009 4159 1053 4208 but
1070 4160 1137 4211 what
1153 4162 1211 4212 burt
1222 4179 1251 4212 or
1261 4164 1286 4214 ill
1297 4179 1333 4214 so·

237 4246 293 4281 ever
304 4231 336 4282 be
347 4233 414 4294 dotb,
426 4236 464 4285 bi·
476 4237 649 4288 drunlrennesr
666 4240 725 4289 doth
743 4247 871 4303 aggravato
888 4241 919 4297 it;
937 4256 994 4293 uam
1006 4261 1080 4296 omne
1091 4247 1183 4298 crimen
1196 4252 1298 4302 ebrietas
1309 4258 1331 4299 et

236 4315 346 4365 incendit
354 4325 379 4367 et
389 4319 505 4382 detegit.”
525 4320 681 4383 Blackatone,
694 4325 708 4373 l.
720 4325 752 4374 ir.
765 4340 791 4375 n.
803 4329 845 4376 26.
