2766 4996
470 431 526 491 nn
548 431 698 492 rmum.
1091 443 1147 499 ιη
1234 380 1242 392 ’

55 599 120 657 tiori
134 615 234 664 sensu,
248 597 333 656 verba
346 597 394 656 illa
405 639 412 655 .
425 638 432 654 .
446 641 453 656 .
468 608 588 675 possunt
600 599 772 676 explicari..
785 642 792 659 .
805 600 883 659 nulla
895 611 1043 680 expectata
1056 603 1147 664 decla·

53 699 162 757 ratione
178 715 282 774 poenae,
296 695 419 756 sednon
438 698 596 757 excluditur
608 699 758 758 declaratio
778 701 905 759 criminis
917 712 949 760 ut
960 720 1046 779 prena
1058 706 1151 780 possit

53 816 103 856 reo
116 791 302 874 applicari.”¹
343 797 460 864 “Quod
479 798 586 856 dictum
605 807 650 856 est
662 797 696 855 de
716 800 808 876 poenis
828 800 983 876 privativis,
1004 821 1021 858 a
1041 802 1148 862 fortiori

54 896 209 955 dicendum
230 896 265 954 de
282 895 439 975 positivis,
461 915 524 971 quae
547 899 704 955 consistunt
725 899 755 957 in
774 899 884 957 actione
906 902 1044 976 positiva:
1065 920 1093 959 v.
1109 922 1143 979 g:

53 995 163 1067 aliquid
172 995 347 1065 restituendi,
362 1008 411 1055 ant
423 996 557 1072 patiendi,
567 1038 574 1053 .
586 1038 593 1054 .
605 1039 612 1054 .
624 998 691 1069 quia
703 997 789 1056 nimis
803 996 890 1056 ardua
899 1000 1149 1059 etinobservabilis

54 1106 133 1153 esset
144 1095 191 1152 lex
205 1097 253 1154 illa
264 1095 400 1163 humana,
414 1115 504 1169 quum
518 1113 583 1153 reus
597 1097 718 1172 ipsemet
727 1097 757 1154 in
769 1098 897 1174 seipsum
910 1096 1023 1156 deberet
1035 1116 1149 1174 poenam

54 1188 215 1267 exequi.''²
255 1202 276 1229 “
285 1195 382 1253 Poenrs
400 1204 494 1253 autem
514 1194 743 1253 inhabilitnntes
756 1196 882 1273 obligant
894 1205 958 1254 ante
968 1196 1073 1273 judicis
1087 1215 1151 1256 sen·

57 1295 182 1360 tentiam,
197 1306 228 1351 ut
240 1302 284 1350 est
303 1312 387 1369 poena
401 1295 533 1370 imposita
547 1314 562 1350 a
576 1294 746 1353 Tridentino
759 1314 817 1352 non
830 1293 1027 1364 residentibus,
1038 1314 1096 1354 non
1109 1297 1150 1355 lu·

57 1391 155 1449 crandi
175 1391 314 1450 fructus.''
357 1391 545 1451 caeterumsi
568 1392 731 1470 hujusmodi
754 1411 839 1470 poena
860 1395 1028 1471 gravissima
1049 1396 1096 1462 sit,
1119 1407 1149 1453 et

56 1489 206 1547 infamiam
220 1509 318 1548 secum
331 1491 410 1557 serat,
425 1510 510 1550 nemo
522 1490 598 1549 haud
611 1492 758 1549 damnatus
771 1493 908 1560 criminis,
923 1512 985 1550 eam
1000 1494 1029 1550 in
1043 1513 1074 1551 se
1087 1512 1149 1551 sus·

56 1590 150 1664 cipere
164 1581 299 1665 οοςιιιιι.3
339 1591 437 1648 Poenae
451 1590 617 1659 irritantes,
640 1609 713 1663 qum,
734 1591 852 1659 scilicet,
873 1602 966 1650 actum
979 1592 1090 1650 nullum
1104 1592 1150 1649 de·

57 1686 172 1756 clarant,
187 1689 245 1747 vim
264 1687 369 1746 babent
388 1700 451 1746 ante
470 1688 576 1766 judicis
597 1689 775 1756 sententiam,
795 1691 907 1749 etiamsi
930 1691 1007 1748 sraus
1030 1690 1151 1749 abfuerit

56 1786 95 1843 ob
115 1788 196 1863 cujus
220 1787 377 1863 periculum
399 1798 476 1845 actus
500 1788 594 1845 nullus
617 1787 781 1844 declaretur.
824 1788 874 1845 Sic
888 1788 999 1846 collatio
1018 1789 1150 1847 beneficii

56 1885 214 1941 simoniaca
226 1895 269 1942 est
281 1887 366 1953 irrita,
379 1886 447 1944 licet
466 1885 537 1944 illud
557 1887 699 1962 recipiens
720 1903 777 1943 non
798 1884 881 1943 suerit
893 1887 1023 1944 conscius
1043 1885 1149 1953 delicti,

57 1982 136 2055 quod
158 1994 236 2058 pater
257 1985 318 2061 ejus
339 1985 385 2042 vel
408 1986 515 2043 amicus
539 1983 661 2050 admisit,
685 1984 835 2059 pecuniam
856 1983 948 2043 dando
971 1986 1034 2062 ejus
1054 2004 1148 2044 causa.

58 2080 227 2156 Disputatur
240 2093 333 2142 autem
346 2093 439 2142 utrum
461 2086 524 2155 quis
546 2095 671 2142 teneatur
690 2083 720 2141 in
741 2084 913 2141 conscientia
932 2093 1026 2142 actum
1040 2085 1149 2142 irritum

59 2180 174 2247 babere,
202 2191 265 2240 ante
288 2182 395 2259 judicis
419 2183 598 2240 sententiam.
640 2182 794 2240 Affirmans
817 2184 956 2240 sententia
978 2184 1152 2259 probabilior

58 2279 170 2337 videtur
183 2279 215 2336 S.
231 2281 381 2357 Alphonso
391 2274 415 2338 :⁴
434 2280 486 2338 sed
499 2282 522 2338 si
537 2281 612 2338 fraus
623 2281 750 2346 abluerit,
770 2282 820 2338 vix
834 2300 900 2339 eum
913 2280 948 2337 ad
961 2299 1075 2357 poenam
1089 2299 1150 2337 sus·

58 2376 222 2454 cipiendam
237 2398 414 2456 cogeremus.
444 2380 553 2437 Omnes
567 2398 657 2456 poenae
668 2379 864 2437 ecclesiastice
878 2378 1059 2437 medicinales
1073 2391 1148 2445 sunt,

57 2479 88 2535 in
104 2477 205 2534 animm
219 2479 375 2538 remedium
389 2489 516 2536 stamtar:
538 2477 589 2535 sed
602 2498 693 2554 poenae
708 2478 890 2536 medicinales
904 2498 920 2535 a
933 2477 1059 2538 Jeremia
1072 2479 1151 2555 Tay·

57 2576 101 2633 lor
126 2574 256 2635 dicuntur
277 2577 397 2635 leviores
421 2577 559 2650 quaedarn,
581 2579 679 2649 quales
699 2572 782 2636 olim⁵
806 2578 1006 2654 poenitentibus
1029 2579 1151 2654 publicis

57 2676 322 2751 praescribebantur,
336 2677 381 2733 vel
395 2677 549 2734 etiamnum
563 2678 592 2734 in
603 2676 758 2735 Ordinibus
772 2675 940 2748 quibusdam
953 2677 1118 2753 Religiosis.

99 2777 149 2830 to.
171 2774 335 2850 Ignorantia
347 2775 443 2851 legum
456 2776 712 2833 ecclesiasticamm
726 2775 828 2832 eximit
840 2794 857 2831 a
872 2777 1009 2839 censuris,
1024 2775 1151 2831 semntur

60 2873 139 2930 enim
154 2874 183 2929 in
197 2885 389 2941 contumaces,
405 2883 424 2909 ‘⁶
437 2874 486 2945 qui
499 2875 621 2931 scienter
633 2883 662 2930 et
674 2873 822 2930 temerario
834 2871 926 2929 ausu'’
942 2872 1067 2949 egerint:
1083 2890 1150 2928 con·

60 2981 161 3028 tumax
183 2981 276 3031 autem
299 2974 328 3030 in
348 2982 516 3048 potestatem
537 2972 756 3030 ecclesiasticam
782 2990 840 3029 non
860 2982 990 3031 censetur
1016 2973 1065 3045 qni
1089 2990 1150 3029 rem

93 3197 136 3261 (l)
148 3196 246 3249 ibidem.
639 3196 677 3263 (Ξ)
692 3197 791 3256 Ibidem,
803 3214 827 3247 n.
842 3197 897 3244 tte.

95 3282 137 3346 (3)
157 3282 233 3343 Idem,
245 3284 260 3333 l.
272 3286 303 3333 vi.
316 3300 341 3335 ιι.
354 3284 410 3333 705.
640 3282 680 3346 (4)
695 3282 794 3336 ibidem,
807 3280 822 3328 l.
834 3280 850 3328 i.
861 3295 887 3328 n.
899 3277 951 3327 15¹.

77 3350 137 3430 '(5)
156 3374 171 3397 ‘⁴
181 3366 262 3418 When
281 3370 322 3419 the
340 3369 510 3435 punishment·
528 3380 568 3414 are
585 3365 726 3429 principelty
739 3380 766 3413 or
777 3362 867 3425 merely
879 3361 1017 3420 medicinrl,
1034 3361 1076 3411 the
1093 3377 1151 3411 con·

56 3453 153 3502 science
163 3454 183 3502 is
195 3454 276 3503 bound
288 3463 314 3503 to
326 3471 341 3504 e
352 3455 480 3516 voluntsry
493 3449 660 3501 executiones
674 3448 714 3497 the
726 3445 878 3505 sentence,il
891 3444 931 3494 the
945 3445 992 3495 law
1002 3448 1110 3510 requires
1123 3447 1152 3497 it.

57 3537 231 3589 Forthenthe
244 3542 356 3591 laureare
373 3549 483 3605 precept·
500 3539 528 3588 oi
541 3537 678 3587 institution
697 3535 745 3584 end
764 3533 908 3598 discipline;
925 3532 974 3583 and
987 3532 1045 3599 they
1057 3551 1097 3585 are
1113 3537 1151 3589 in·

60 3627 148 3676 tcuded
161 3644 188 3677 aa
199 3628 299 3676 mercies
308 3637 333 3677 ιο
344 3627 385 3676 the
397 3643 463 3683 men,
475 3642 501 3674 as
512 3625 568 3674 well
579 3640 606 3673 as
617 3632 641 3672 ιο
653 3622 694 3672 the
705 3621 802 3686 public;
819 3620 867 3669 and
879 3620 907 3670 ot
915 3636 998 3686 mercy
1010 3637 1080 3687 every
1092 3638 1150 3673 man

57 3726 114 3775 may
124 3728 181 3776 very
193 3712 248 3761 well
259 3714 289 3762 be
301 3712 417 3762 minister.
451 3711 473 3759 lt
484 3708 543 3758 bath
554 3710 580 3758 in
593 3707 612 3757 it
622 3723 655 3757 no
672 3707 813 3771 undecency
828 3705 865 3754 ior
876 3721 891 3755 a
901 3721 960 3755 man
972 3716 997 3756 ιο
1009 3708 1101 3769 mingle
1113 3708 1151 3757 his

56 3811 113 3845 own
127 3814 208 3847 severe
220 3799 312 3863 potion,
323 3813 350 3846 or
368 3797 401 3846 let
412 3794 512 3845 himself
524 3794 603 3852 blood,
614 3808 642 3841 or
653 3793 722 3841 lance
739 3807 771 3840 un
783 3791 856 3850 ulcer,
868 3790 916 3839 and
929 3789 996 3839 there
1008 3791 1030 3839 is
1040 3806 1073 3839 no
1085 3805 1152 3839 mors

55 3883 85 3932 in
97 3883 138 3933 the
150 3884 280 3934 medicinal
292 3883 463 3949 punishments
472 3881 500 3930 ot
512 3879 553 3929 tlre
565 3880 621 3928 law.
653 3876 726 3925 Thus
737 3874 778 3924 the
795 3874 855 3923 lawr
865 3889 911 3923 cen
929 3874 1058 3923 commend
1079 3888 1111 3920 us
1119 3880 1152 3939 ⁸to

56 3966 112 4022 isat.
123 3976 148 4017 ιο
159 3984 224 4017 wear
236 3966 359 4017 ssckcloth
369 3982 436 4031 upon
444 3964 485 4014 the
496 3966 552 4013 here
561 3963 625 4021 siin,
637 3968 661 4009 ιο
674 3975 705 4021 go
716 3958 830 4015 bersicot,
840 3964 865 4006 ιο
876 3955 957 4005 ιιιιοιι
967 3956 997 4005 all
1006 3954 1077 4016 night
1085 3971 1152 4019 upon

58 4052 214 4116 esolemnity
227 4053 256 4101 os
264 4051 396 4117 expiation,
407 4060 433 4101 ιο
444 4050 521 4099 inflict
532 4047 677 4111 disciplina,
690 4043 737 4092 und
749 4041 790 4090 the
802 4041 865 4090 lilrs:
877 4039 925 4089 end
936 4039 973 4087 tor
984 4036 1051 4087 these
1062 4055 1100 4089 we
1112 4056 1152 4091 are

56 4145 82 4186 ιο
94 4143 182 4200 expect
192 4152 226 4186 no
237 4137 306 4187 other
318 4152 414 4201 process
430 4136 474 4185 but
484 4134 526 4184 the
538 4141 652 4182 sentence
664 4127 692 4176 ol
705 4126 746 4175 tbe
763 4125 817 4183 lew,
835 4139 868 4173 no
876 4122 953 4188 judge
968 4125 1013 4173 but
1032 4140 1077 4175 our
1093 4142 1152 4177 con·

59 4223 176 4279 scienecs,
187 4236 221 4271 no
233 4221 401 4270 executionem
411 4221 455 4268 hut
466 4213 611 4267 ourselves.''
640 4211 689 4260 Jer.
701 4208 801 4272 Taylor,
809 4206 872 4257 Due.
886 4205 951 4257 Duh.
963 4208 978 4258 l
990 4206 1023 4258 ιιι.
1035 4224 1056 4258 ο.
1068 4208 1091 4257 2.
1104 4211 1151 4261 vol.

54 4308 82 4358 ιι.
96 4325 121 4375 p.
134 4310 175 4356 66.
187 4308 279 4357 Mirum
287 4314 325 4355 est
336 4302 540 4354 Protsstenticum
549 4296 678 4364 presulem
690 4294 741 4344 hnc
752 4291 881 4358 scripsisse.
