2766 4996
123 1722 179 1775 'a‘

222 416 280 470 374
498 408 554 468 DE
577 407 705 468 HERIS
725 407 784 467 ΕΤ
806 406 1037 468 MANCIPIIS.

223 572 340 633 verit.”¹
389 573 483 631 Multo
503 574 595 649 magis
622 581 743 649 peceant
766 592 783 629 a
805 571 929 631 dominis
948 573 1129 649 surripiendo
1153 593 1217 646 que
1243 573 1312 652 apud

224 675 317 732 socios
329 672 488 750 prodigam.
530 673 628 738 Quum
651 683 745 730 autem
771 671 939 748 plerumque
961 683 1076 731 careant
1089 674 1218 750 peculio,
1232 685 1260 730 et
1271 674 1313 730 do

222 773 291 831 mini
305 789 403 829 eorum
418 771 563 829 laboribus
576 770 714 838 fruantur,
725 772 795 828 satis
809 770 940 829 videntur
954 772 1057 839 facere,
1071 774 1189 845 quoties
1203 772 1315 849 diligen·

224 871 290 929 tiam
305 869 439 928 adhibent
460 889 593 947 magnam
614 871 644 928 in
664 889 695 927 re
709 870 830 929 Domini
850 869 989 947 augenda.
1032 871 1120 938 Quod
1141 874 1166 929 si
1188 871 1314 930 damnum

224 968 302 1027 alteri
316 969 470 1038 intulerint,
479 979 624 1043 nequeunt
637 969 755 1028 domino
769 969 912 1046 surripere
922 987 981 1043 quo
990 969 1060 1027 illud
1068 982 1214 1048 reparent.
1243 972 1274 1028 ln
1286 972 1315 1027 iis

224 1069 327 1142 quibus
341 1069 376 1125 ad
390 1070 434 1127 sui
447 1070 681 1127 sustentationem
701 1069 731 1126 in
752 1067 839 1125 domo
861 1067 923 1127 heri
944 1077 1070 1137 utuntur,
1084 1088 1248 1129 consensus
1262 1071 1316 1142 qui·

223 1168 289 1228 dam
304 1187 380 1244 saepe
395 1169 583 1244 presumitur,
597 1167 643 1225 vel
652 1168 793 1243 reparatio
804 1166 881 1224 haud
894 1166 965 1225 adeo
977 1169 1071 1244 urgeri
1084 1181 1230 1227 censetur.
1263 1171 1314 1235 Qui

223 1279 307 1327 nocte
321 1269 552 1335 circumcursant,
566 1276 596 1324 ut
609 1267 740 1324 foeminaa
762 1267 896 1334 invisent,
911 1264 1011 1343 preter
1021 1267 1210 1344 impudicitiae
1224 1287 1314 1344 pecca·

224 1377 293 1430 tum,
317 1366 407 1441 ligant
425 1383 457 1423 se
477 1366 539 1422 aliis
559 1365 725 1422 criminibus
750 1365 788 1422 ob
810 1365 937 1442 pericula
949 1366 1052 1438 quibus
1073 1385 1107 1425 se
1130 1369 1278 1445 objiciunt,
1290 1379 1314 1423 et

223 1463 347 1522 dominis
368 1463 476 1520 iaciunt
495 1463 638 1539 iujuriam,
659 1482 695 1521 eo
714 1462 795 1536 quod
815 1473 928 1522 noctem
948 1463 1114 1540 pleramque
1136 1466 1266 1525 ducendo
1279 1469 1313 1523 in·

224 1579 365 1629 somuem,
386 1562 435 1620 vix
457 1562 569 1638 possint
589 1562 679 1620 labori
702 1580 802 1620 vacare
825 1561 871 1620 die
894 1565 1036 1635 sequenti.
1088 1565 1150 1631 Qui
1173 1567 1312 1643 negligunt

222 1661 289 1720 fidei
303 1660 473 1720 documenta
483 1660 638 1729 addiscere,
649 1671 678 1718 et
690 1661 792 1719 munia
804 1661 965 1739 Religionis
978 1663 1105 1738 explere,
1122 1663 1216 1724 oblata
1240 1684 1309 1722 occa·

224 1763 316 1828 sione,
331 1763 440 1837 peccati
452 1760 593 1818 manifesti
605 1761 646 1817 rei
659 1769 734 1819 sunt.

359 1931 401 1994 (l)
421 1927 523 1977 Lesrius
533 1927 563 1977 de
574 1927 673 1977 Justrtia
684 1936 708 1978 et
717 1927 732 1977 J
736 1942 786 1986 ure,
798 1926 824 1976 S.
836 1926 861 1976 ii.
874 1943 895 1978 c.
905 1927 956 1977 riii.
964 1927 1021 1978 dub.
1033 1928 1067 1978 iii.
1075 1944 1100 1978 n.
1112 1928 1153 1980 20.
