2744 4980
307 407 379 469 'DE
400 406 662 470 SENTENTIIS
685 406 1000 469 PROBABILIBUS.
1179 417 1221 470 55

123 571 271 652 judicium.
313 572 369 630 Vel
389 573 475 648 igitur
493 573 548 631 sibi
568 569 718 650 persuadet
742 590 792 630 eos
817 574 963 630 veritatem
987 582 1150 640 assecutos;
1172 576 1218 633 vel

127 670 225 729 dubins
233 681 330 731 manet
341 690 398 746 qua
409 689 446 729 ex
460 681 537 747 parte
551 679 605 729 stet
613 669 723 728 veritas.
745 671 851 729 Saltem
865 689 917 747 pro
930 680 1006 728 certo
1019 669 1103 728 habet
1111 671 1216 750 legem,

131 789 182 844 qua
193 788 241 827 res
254 772 351 830 forsan
364 778 480 838 vetetur,
494 788 553 828 non
574 770 643 827 satis
663 770 868 846 promulgatam
888 788 961 836 esse,
982 788 1070 841 quum
1091 769 1219 829 doetissi-

129 887 187 926 mos
200 871 404 945 piissimusque
423 868 571 945 theologos
589 867 710 936 latuerit,
730 868 851 940 ideoque
871 887 902 926 se
922 886 956 926 ea
968 886 1026 926 non
1039 868 1137 944 ligari3
1158 888 1219 927 rem

132 968 203 1025 enim
216 967 282 1026 saoit
294 986 381 1040 quam
392 966 450 1024 ulla
461 967 525 1043 lege
544 966 658 1023 vetitam
678 985 736 1024 non
756 968 843 1025 novit.
885 966 1016 1025 Affirmat
1035 967 1136 1025 Gordil
1156 987 1221 1043 pru·

134 1065 250 1124 dentiam
272 1067 386 1142 exigere
405 1075 437 1122 ut
455 1084 541 1142 agens
561 1065 730 1123 sententiam
751 1084 837 1138 quarn
857 1067 984 1138 sequitur
1003 1067 1222 1141 probabiliorem

134 1164 227 1221 babeat
236 1160 260 1221 :¹
280 1164 331 1222 sed
341 1182 430 1236 quum
444 1163 514 1223 adeo
528 1165 584 1221 sint
592 1163 824 1222 vanaltominum
838 1163 968 1221 derebus
982 1165 1095 1222 incertis
1105 1164 1222 1241 judicia,

135 1264 210 1321 nobis
224 1261 335 1320 videtur
347 1280 420 1338 opus
433 1281 491 1321 non
504 1281 567 1320 esse
581 1272 613 1319 ut
625 1264 690 1335 quis
703 1262 809 1336 aliquid
830 1262 865 1319 de
885 1263 1033 1321 honestate
1053 1273 1132 1321 aetus
1146 1263 1225 1339 apud

136 1380 163 1418 se
175 1359 350 1428 determinet,
364 1362 420 1418 nisi
443 1360 520 1434 quod
539 1362 593 1418 sibi
612 1360 704 1427 liceat,
725 1380 813 1434 quum
833 1381 890 1420 non
912 1370 1022 1419 constet
1043 1361 1078 1419 de
1099 1361 1224 1438 prohibi·

138 1453 233 1518 tione.²
274 1458 361 1526 Quod
374 1469 467 1517 autem
480 1459 595 1532 quidem
608 1458 702 1518 dicant
720 1479 786 1518 eum
806 1461 932 1537 periculo
951 1459 1087 1536 peccandi
1108 1479 1139 1517 se
1153 1461 1226 1535 obji-

137 1577 203 1625 cere,
217 1558 351 1616 falluntur
363 1559 493 1630 quamvis
507 1559 584 1616 enim
596 1558 658 1616 fieri
672 1561 763 1635 possit
778 1570 809 1617 ut
826 1577 872 1616 res
892 1560 929 1616 sit
947 1560 1042 1628 vetita,
1056 1560 1167 1617 nullum
1181 1569 1226 1615 est

138 1658 266 1733 peccandi
281 1657 438 1733 periculum
451 1657 586 1730 quamdiu
599 1659 716 1716 vetitum
729 1677 787 1717 uon
800 1659 932 1717 innotuit.
953 1657 999 1715 Ad
1009 1677 1070 1715 rem
1083 1677 1143 1717 non
1157 1657 1226 1714 lacit

138 1755 240 1813 celebre
260 1756 456 1815 Ecclesiastioi
477 1757 668 1814 testimonium
690 1756 725 1814 de
746 1757 864 1832 periculi
885 1774 990 1822 amore,
1012 1758 1129 1832 respicit
1148 1756 1227 1812 enim

138 1855 317 1913 manifestum
348 1867 509 1927 certumque
542 1854 699 1930 periculum
724 1872 761 1912 ex
787 1855 880 1912 cordis
906 1853 1006 1911 duritie
1036 1855 1226 1930 proveniens:

139 1952 340 2012 “cordurum
361 1954 474 2012 habebit
491 1954 564 2011 male
579 1954 608 2010 in
621 1954 797 2013 novissimo:
819 1954 908 2026 etqui
923 1964 997 2009 amat
1010 1953 1179 2029 periculum,
1198 1952 1228 2009 in

141 2053 181 2110 illo
195 2046 347 2126 peribit.''³

173 2155 221 2207 33.
242 2151 348 2209 Fusius
368 2150 403 2208 de
427 2151 614 2227 probabilium
636 2151 803 2226 opinionum
825 2169 879 2209 usu
903 2150 1041 2208 disserere
1061 2168 1119 2208 non
1134 2152 1224 2225 juvat,

142 2269 221 2322 quum
234 2249 374 2308 damnatis
387 2268 425 2306 ex
443 2260 559 2322 utraque
580 2260 657 2325 parte
677 2251 823 2308 sententiis
837 2250 982 2315 extremis,
996 2250 1026 2305 in
1039 2248 1134 2307 medio
1148 2248 1227 2305 tutis·

142 2350 206 2406 sime
219 2360 307 2406 estun
329 2348 467 2407 Praeclare
481 2360 510 2406 et
521 2349 640 2406 feliciter
653 2349 684 2406 S.
696 2350 862 2426 Alphonsus
876 2347 910 2404 de
920 2347 1037 2425 Ligorio
1051 2346 1227 2406 moderatum

142 2467 217 2505 usum
238 2448 407 2524 opinionum
429 2448 615 2524 probabilium
638 2447 799 2514 vindicavit,
820 2449 869 2521 qui
889 2466 977 2520 quum
991 2447 1054 2505 zelo
1068 2448 1227 2505 animarum

141 2547 231 2603 salutis
244 2547 383 2613 claruerit,
394 2556 423 2603 et
435 2545 565 2608 diuturna
577 2547 762 2623 experientia,
773 2556 801 2604 et
814 2546 935 2622 plurima
948 2556 1092 2604 auctorum
1104 2545 1227 2603 lectione

141 2664 200 2702 suas
213 2645 455 2704 commendaverit
463 2648 624 2713 sententias,
633 2665 690 2705 non
700 2656 743 2704 est
755 2646 979 2705 cursolicitiores
989 2646 1046 2703 sint
1059 2646 1107 2719 qui
1120 2654 1227 2701 tantum

141 2743 238 2802 ducem
252 2753 419 2818 sequuntur.

174 2938 216 3001 (l)
236 2935 321 2986 Trnct.
332 2936 362 2986 de
374 2936 467 3006 notibus
478 2936 598 2987 homenis
609 2954 629 2987 c.
642 2953 665 2985 v.
677 2946 719 2987 ert.
731 2937 764 2987 iv.

173 3022 215 3087 (2)
231 3021 271 3071 Ad
285 3037 337 3071 rem
348 3021 462 3081 Gousset,
474 3038 542 3072 nunc
552 3023 681 3087 episcopus
692 3021 799 3073 Assorini
807 3021 1031 3072 Petrochoriorum:
1044 3025 1059 3051 “
1067 3019 1139 3071 Colui
1150 3019 1194 3084 qui
1203 3035 1229 3068 se

144 3103 203 3154 defio
214 3106 245 3154 de
257 3122 284 3155 ss
295 3106 424 3172 prudenoo,
435 3114 460 3156 ot
470 3107 500 3156 de
509 3123 549 3156 ses
559 3123 658 3172 propres
677 3105 800 3167 lumidres‚
818 3107 914 3172 pout-il,
931 3106 1116 3169 generalemont
1132 3105 1236 3169 pulsnt,

136 3193 205 3255 juger
216 3189 309 3254 qu'une
320 3190 421 3255 opinion
435 3206 466 3240 ou
479 3193 544 3256 sujet
554 3191 584 3240 do
594 3191 696 3255 loquella
707 3193 742 3242 los
751 3191 907 3253 thiologiens
916 3198 972 3240 sont
982 3187 1080 3248 divises,
1092 3189 1140 3238 soit
1151 3188 1238 3237 reslle·

140 3284 205 3324 ment
216 3276 274 3339 plus
285 3275 408 3340 probablo,
420 3276 587 3340 precisement
597 3291 669 3340 porco
679 3273 722 3339 qu'
730 3276 776 3324 olle
787 3275 821 3324 lui
833 3275 912 3338 parsit
923 3274 974 3322 etre
984 3273 1051 3322 tellol
1064 3271 1236 3321 Peucen-vous

141 3360 212 3418 avoir,
221 3362 248 3424 jo
260 3376 292 3409 ne
303 3360 341 3409 dis
351 3376 396 3425 pus
408 3361 431 3410 le
442 3360 567 3419 certitudo,
580 3359 643 3409 mair
660 3374 709 3409 une
727 3358 869 3422 probabilite
889 3357 972 3417 rdelle,
989 3372 1037 3420 qus
1054 3356 1109 3406 tello
1130 3372 1163 3406 ou
1181 3356 1237 3405 tello

142 3444 241 3508 opinion
253 3446 300 3495 soit
311 3446 377 3495 aussi
388 3445 477 3495 tondeo
489 3461 521 3495 ou
534 3445 600 3494 aussi
613 3445 725 3509 probablo
744 3459 776 3493 eu
793 3443 879 3492 seinte
901 3441 990 3507 qu'ollo
1008 3450 1046 3492 est
1056 3458 1118 3508 pour
1129 3457 1191 3492 rous
1204 3457 1237 3491 en

142 3532 293 3593 rppursneel
328 3530 370 3579 Ne
388 3546 531 3580 suver-vous
550 3546 595 3595 pas
616 3528 704 3594 quo‚si
724 3529 754 3578 de
770 3529 835 3578 deux
848 3529 962 3593 opinions
979 3529 1161 3579 controversias
1172 3527 1235 3577 dous

142 3612 226 3663 l'teolo
238 3615 305 3665 l’nno
316 3631 378 3664 vous
389 3615 467 3680 parsit
486 3615 541 3679 plus
552 3615 672 3679 probable,
683 3613 771 3665 l'nutre
784 3623 821 3664 ost
832 3616 971 3677 egolement
984 3615 1040 3680 plus
1051 3614 1163 3680 probable
1175 3629 1237 3679 pour

142 3713 175 3748 un
187 3700 264 3761 mod
278 3701 379 3750 nombre
392 3699 423 3749 do
434 3699 548 3749 ‹locteurs
559 3700 602 3763 qui
613 3715 645 3749 ne
657 3707 713 3749 sont
729 3700 755 3749 ni
767 3700 848 3750 moins
860 3702 979 3765 capables,
990 3700 1017 3748 ni
1029 3699 1109 3748 moins
1119 3697 1239 3757 instruito,

142 3784 167 3834 ni
178 3784 259 3834 moins
283 3785 353 3834 zeles
371 3800 433 3849 pour
452 3785 475 3833 ln
492 3785 577 3848 purete
591 3783 620 3833 de
632 3785 655 3833 ln
667 3786 765 3846 morale,
777 3801 824 3850 que
836 3801 897 3837 vous
908 3801 940 3836 ne
951 3783 1080 3850 protendor
1091 3782 1157 3832 l'etre
1166 3797 1240 3832 vous

144 3868 246 3919 meme?
270 3869 360 3919 Theol.
372 3885 459 3919 cursus
470 3869 612 3934 completus,
625 3869 672 3918 vol.
681 3869 714 3918 xi.

179 3956 222 4019 (3)
243 3954 311 4004 Eccl.
324 3954 359 4004 iii.
371 3953 414 4002 27.
466 3960 467 3964 ’
