2744 4980
334 398 391 458 DE
413 398 541 461 HERlS
561 402 620 461 ET
640 400 871 466 MANOIPIIS.
1089 414 1145 469 371

51 581 141 622 uam:
163 564 189 620 si
203 563 280 621 enim
295 564 472 640 percusseris
486 583 551 623 eum
566 567 655 643 virga,
668 584 727 626 non
739 571 885 629 morietur.
935 571 983 630 Tu
994 573 1073 648 virga
1086 589 1149 649 per·

52 662 144 720 cuties
158 680 236 729 eum,
250 672 279 718 et
291 663 416 721 animam
429 664 492 739 ejus
506 662 541 720 de
555 664 665 723 insemo
681 667 835 727 liberabis)
856 669 897 726 Et
910 667 1025 728 Eccles.
1040 671 1144 730 xxxiii.

54 759 178 818 dicitur:
201 769 209 796 ‘
220 761 311 819 Servo
324 761 464 820 malevolo
478 770 582 821 tortura
595 774 624 821 et
636 765 812 843 compedes!
821 761 856 795 ”¹
883 767 986 834 “Quia
999 767 1074 826 filius
1084 770 1150 828 sub·

54 858 132 917 ditur
144 859 276 935 potestati
290 861 386 935 patris,
400 871 429 918 et
441 878 540 919 servus
553 865 684 937 potestati
703 863 830 924 domini:
852 866 929 924 licite
942 874 1038 943 potest
1050 868 1148 924 verbe·

53 977 117 1016 rare
132 968 214 1034 pater
232 958 324 1016 filium
337 967 366 1016 et
385 957 520 1018 dominus
533 977 647 1023 servum
667 982 752 1021 causa
775 964 957 1023 correctionis
977 974 1007 1022 et
1019 963 1148 1043 discipli·

54 1051 152 1116 uoe.'’'
193 1056 339 1115 Ceterum
352 1057 508 1116 moderatio
528 1066 572 1114 est
590 1059 749 1119 adhibenda
760 1083 767 1119 :
790 1062 888 1121 “dicit
903 1063 981 1121 enim
994 1063 1149 1138 apostotus

55 1155 91 1214 ad
104 1155 220 1232 Ephes.
235 1156 273 1212 vi.
295 1157 378 1214 ‘Vos
391 1168 486 1233 patres
500 1157 587 1215 nolite
601 1157 636 1215 ad
650 1160 822 1220 iracundiam
836 1179 988 1237 provocare
1001 1161 1076 1219 lilios
1086 1181 1149 1220 ves·

55 1254 137 1313 tros’
179 1255 221 1312 Et
232 1255 305 1312 infra
317 1255 431 1313 subdit:
454 1256 514 1314 ‘Et
534 1275 597 1326 vos,
618 1256 749 1327 Domini,
772 1260 872 1318 eadem
892 1259 974 1317 facite
987 1263 1088 1328 servis,
1106 1278 1149 1319 re·

58 1354 205 1412 mittentes
219 1347 362 1412 minas.”³
381 1355 472 1431 Igitur
484 1355 641 1413 cavendum
654 1374 691 1413 ne
704 1375 788 1433 poena
797 1359 985 1434 irreparabilis
997 1357 1149 1434 infligatur,

55 1471 121 1525 qute
135 1453 252 1510 nonnisi
265 1471 281 1508 a
293 1471 427 1528 suprema
439 1462 576 1529 potestate
589 1454 739 1532 irroganda
752 1460 804 1514 est
848 1465 866 1491 ‘⁴
878 1455 960 1513 Sicut
972 1467 1065 1515 autem
1078 1458 1146 1515 civi·

54 1560 97 1608 tas
117 1560 162 1607 est
174 1551 300 1626 perfecta
319 1553 518 1619 communitas,
539 1554 578 1610 ita
596 1555 730 1630 princeps
748 1555 869 1612 ciuitatis
888 1552 974 1610 habet
992 1554 1145 1630 perfectam

55 1657 226 1725 potestatem
239 1648 399 1708 coercendi.
441 1650 483 1707 Et
501 1649 565 1708 ideo
579 1662 673 1728 potest
686 1651 815 1728 infligere
829 1670 927 1728 poenas
941 1652 1148 1728 irreparabiles,

55 1748 168 1805 scilicet
187 1749 342 1806 occisionis
365 1749 411 1806 vel
430 1749 625 1809 mutilationis.
667 1751 754 1809 Pater
774 1760 867 1808 autem
887 1760 916 1807 et
934 1748 1076 1818 domiuus,
1098 1753 1149 1824 qui

56 1855 186 1923 praesunt
199 1847 313 1906 familiar
327 1845 499 1916 domesticae,
514 1867 577 1921 quoe
591 1858 635 1907 est
653 1850 818 1925 imperfecta
835 1849 1032 1918 communitas,
1046 1849 1151 1908 habent

56 1945 253 2021 imperfectam
262 1955 430 2022 potestatem
440 1946 599 2015 coercendi,
607 1947 763 2006 secundum
772 1948 893 2006 leviores
901 1965 1010 2024 penas,
1020 1966 1082 2020 quae
1091 1966 1149 2008 non

58 2044 186 2103 inserunt
203 2045 383 2121 irreparabile
403 2054 614 2103 nocumentum.
654 2046 696 2104 Et
714 2045 879 2122 hujusmodi
892 2043 1151 2105 estrerberatio.'’⁴

58 2142 105 2201 Ad
118 2142 251 2202 dominos
271 2145 344 2203 intra
361 2143 468 2201 limites
487 2143 684 2211 continendos,
697 2144 812 2203 libertas
834 2146 898 2222 lege
919 2147 1006 2204 veteri
1019 2144 1151 2213 decerne·

59 2242 141 2300 batur
154 2260 249 2311 servo,
264 2244 289 2300 si
302 2261 369 2300 eum
382 2243 467 2300 oculo
486 2240 607 2301 denteve
621 2243 655 2301 ab
669 2243 739 2301 hero
760 2245 932 2320 percutiente
945 2244 1051 2320 privari
1063 2246 1151 2303 couti·

59 2341 149 2417 gerit:
172 2342 237 2399 “Si
259 2341 432 2417 percusserit
455 2341 598 2417 quispiam
620 2342 734 2400 oculum
757 2343 831 2399 servi
850 2343 896 2400 sui
920 2355 968 2401 aut
988 2342 1109 2435 andire,
1124 2352 1152 2400 ct

59 2438 156 2498 luscos
169 2457 219 2498 eos
232 2440 342 2508 fecerit,
356 2440 477 2498 dimittet
488 2458 538 2498 eos
551 2441 654 2499 liberos
664 2459 716 2517 pro
725 2440 809 2498 oculo
823 2459 912 2513 quum
924 2445 1006 2500 emit.
1027 2440 1151 2517 Deum

61 2557 178 2611 quoque
201 2541 226 2597 si
239 2540 398 2597 excusserit
419 2556 512 2605 servo,
527 2538 572 2596 vel
585 2539 693 2598 ancillae
714 2558 783 2606 sutc,
806 2539 936 2599 similiter
957 2539 1080 2599 dimittet
1101 2559 1152 2598 eos

61 2633 217 2695 liberos.”⁵
257 2638 316 2705 Qui
328 2636 512 2714 percutiendo
526 2639 697 2696 interfecerit
708 2656 833 2705 servum,
847 2657 912 2696 reus
934 2639 1020 2698 caedis
1033 2639 1153 2697 habeba·

63 2746 127 2793 tur:
150 2737 200 2809 qui
214 2746 307 2794 tamen
327 2756 412 2813 poena
430 2736 565 2793 immunis
585 2747 653 2805 erat,
674 2737 785 2808 quoties
799 2755 896 2795 servus
910 2735 971 2795 dies
986 2739 1094 2810 aliquot
1106 2757 1152 2796 su·

62 2844 173 2910 perstes
199 2834 293 2903 fauerit,
316 2834 451 2894 damnum
477 2835 553 2892 enim
580 2833 656 2907 quod
678 2853 766 2911 opera
788 2837 851 2912 ejus
874 2836 979 2892 amissa
999 2836 1155 2912 patiebatur

63 2933 160 3002 herus,
175 2934 205 2990 in
221 2952 335 3009 poenam
354 2934 530 2992 censebatur.
573 2933 661 3000 “Qui
674 2934 845 3009 percusserit
865 2952 980 2992 serrum
1002 2953 1087 2991 suum
1106 2935 1152 2994 vel

64 3032 197 3091 ancillam
210 3035 300 3109 virga,
314 3043 343 3091 et
356 3033 458 3092 mortui
474 3031 580 3090 suerint
592 3035 622 3090 in
642 3034 771 3091 manibus
785 3033 858 3109 ejus,
872 3033 1000 3092 criminis
1013 3052 1078 3091 reus
1091 3036 1153 3094 erit.

65 3131 119 3189 Sin
132 3141 225 3190 autem
240 3150 298 3189 uno
311 3132 358 3190 die
379 3132 424 3190 vel
444 3130 554 3189 duobus
575 3132 772 3208 supervixerit,
795 3150 853 3190 non
873 3132 1030 3208 subjacebit
1050 3151 1153 3209 poenoe,

67 3230 135 3303 quia
147 3232 271 3306 pecunia
281 3231 360 3291 illius
374 3223 465 3289 est.’'⁶

102 3333 153 3386 96.
174 3331 273 3387 Servis
283 3330 458 3389 matrimonii
473 3328 600 3396 ineundi,
611 3329 729 3405 ejusque
738 3329 850 3405 juribus
863 3327 972 3397 utendi,
982 3328 1099 3387 libertas
1112 3348 1156 3388 re·

63 3428 220 3501 linquenda
230 3438 282 3497 est,
296 3430 483 3488 salvatamen
497 3426 559 3485 heri
568 3428 632 3504 jure
646 3426 682 3484 ad
691 3445 805 3503 operam
819 3428 893 3485 servi
905 3448 912 3484 :
934 3445 988 3485 nec
1002 3429 1079 3485 enim
1090 3428 1158 3486 licet

65 3529 155 3585 servis
169 3530 283 3605 nuptias
296 3527 460 3587 contrahere
475 3535 572 3584 contm
590 3526 784 3585 rationabilem
804 3524 867 3585 heri
879 3525 1063 3596 voluntatem,
1078 3528 1114 3586 iis
1127 3529 1158 3587 in

64 3644 160 3685 rerum
174 3626 315 3704 adjunctis
329 3629 359 3684 in
382 3628 484 3700 quibus
498 3626 533 3682 ab
545 3643 633 3702 opera
651 3644 737 3698 quam
756 3634 887 3702 prestare
906 3625 999 3696 debet,
1013 3626 1160 3686 abstraha-

66 3736 121 3784 tur.
165 3725 255 3785 Porro
267 3735 404 3799 quantum
417 3745 462 3784 res
476 3725 583 3794 sinunt,
594 3743 690 3784 curare
703 3724 807 3784 debent
815 3724 877 3784 heri
884 3735 916 3784 ut
923 3727 1060 3803 conjuges
1073 3725 1159 3783 simul

66 3835 223 3893 morentur,
237 3825 282 3883 vel
295 3844 327 3883 se
341 3825 465 3884 invicem
475 3824 618 3884 invisendi
630 3825 750 3883 habeant
761 3826 884 3901 copiam,
898 3833 928 3882 et
938 3833 971 3883 ut
982 3824 1057 3882 filios
1070 3840 1158 3899 penes

99 4016 143 4081 (1)
159 4015 183 4064 2.
194 4020 219 4066 2.
230 4032 273 4081 qu.
282 4017 332 4067 lxv.
343 4025 387 4067 art.
399 4016 423 4066 ii.
435 4015 484 4065 Sed
495 4021 590 4065 eontra.
699 4011 741 4080 (2)
761 4013 861 4074 ibidem,
875 4012 1030 4079 Rsspoudn

100 4103 145 4169 (8)
158 4101 259 4162 Ibidem,
270 4101 301 4152 sd
312 4101 447 4152 ”cundum
459 4101 495 4156 nic
506 4098 650 4165 proceditur.

101 4192 145 4257 (4)
159 4191 447 4253 ibidem,admuudum
455 4189 594 4241 dicandum.
762 4188 805 4253 (t)
820 4185 1017 4238 Exod.xxi.16.

105 4280 148 4345 (6)
160 4278 234 4328 Dent.
246 4277 297 4328 xxi.
308 4277 350 4326 2⁰.
875 4304 909 4373 ι
934 4330 942 4345 ·
