2744 4980
403 382 461 444 DE
482 382 935 448 0οΝ801ΕΝΤΙΑΒΙΙΒΙΔ.
1175 397 1214 452 tt

124 550 247 617 crimini,
261 550 435 610 consortium
455 550 604 629 cujusdem
620 550 835 626 frequentando,
849 552 926 626 quod
945 569 1069 630 presens
1082 557 1218 631 peccandi

125 649 285 730 periculum
304 649 489 728 conjunctum
508 649 627 720 habeat;
652 652 699 710 vel
718 651 793 727 apud
811 669 843 709 se
855 651 1003 711 retinendo
1016 653 1138 728 aliquam
1151 673 1217 714 cum

126 771 181 826 qna
192 751 344 809 consuevit
356 768 485 827 peceare.
527 749 587 807 Sed
608 749 644 808 de
664 751 727 827 lege
746 759 856 808 vetante
876 770 912 810 ne
932 753 997 826 quis
1009 762 1102 812 eetmn
1115 753 1217 821 eliciat,

129 869 217 925 quem
230 850 296 927 lege
317 850 436 908 vetitum
456 866 515 907 non
534 849 622 918 novit,
638 866 697 908 non
719 858 845 908 constat:
870 854 1000 924 quamvis
1021 853 1099 911 enim
1112 854 1219 911 eontin-

129 969 195 1026 gere
216 951 310 1026 possit
322 957 416 1007 actum
430 966 494 1007 esse
507 947 564 1025 legi
577 945 738 1018 adversum,
752 950 865 1017 erroris,
879 951 975 1026 potius
994 968 1080 1025 quam
1100 953 1218 1029 peccati,

127 1048 206 1106 adest
224 1047 397 1124 perieulum,
408 1065 497 1121 quum
510 1056 658 1124 peceatum
671 1049 767 1126 exigat
778 1049 963 1108 voluntariam
976 1051 1049 1127 legis
1067 1060 1218 1126 transgres-

125 1149 246 1205 sionem.

169 1249 217 1303 18.
243 1243 435 1322 obligationi
449 1250 534 1304 eertae
547 1244 693 1323 satisfieri
716 1253 793 1304 certo
817 1245 909 1305 debet.
951 1245 1096 1320 Equidem
1109 1248 1220 1321 quoties

126 1345 163 1402 de
176 1345 239 1420 lege
252 1343 298 1401 vel
311 1361 398 1402 onere
417 1352 536 1411 constat,
550 1360 664 1416 equum
686 1355 730 1401 est
747 1355 779 1403 ut
799 1344 869 1403 illud
891 1346 1037 1422 impletum
1057 1365 1218 1415 noscamus,

128 1455 280 1516 antequam
293 1443 346 1501 nos
366 1444 471 1502 liberos
490 1441 644 1501 habeamus
663 1444 788 1502 vinculo.
830 1444 881 1502 Sic
900 1447 925 1502 si
945 1445 1020 1504 haud
1040 1448 1220 1506 meminerim

51 1529 60 1546 ⁹
127 1552 221 1600 utrum
233 1542 411 1600 recitaverim
431 1541 545 1608 Horas,
564 1558 618 1599 nee
637 1541 710 1599 adsit
728 1544 799 1602 ratio
818 1562 874 1616 qua
893 1543 1094 1603 dubitationem
1114 1545 1219 1612 tollam,

127 1651 211 1699 erunt
222 1641 295 1699 mihi
308 1641 469 1710 recitanda,
483 1658 520 1699 ne
533 1641 644 1698 muneri
656 1641 759 1700 desim.
801 1642 835 1700 Si
848 1641 973 1702 dubitem
994 1643 1068 1701 serio
1082 1643 1118 1701 de
1130 1646 1221 1720 poeni·

127 1742 216 1799 tentia
227 1739 354 1816 impleta,
368 1740 405 1798 de
425 1750 491 1799 voto
504 1739 606 1808 soluto,
621 1739 657 1798 de
669 1740 742 1817 legis
761 1759 846 1799 onere
866 1751 986 1810 servato,
1006 1752 1117 1818 oportet
1134 1754 1165 1800 ut
1178 1743 1217 1799 rei

127 1838 296 1897 certitudine
308 1839 403 1897 tollam
424 1838 638 1899 dubitationem.
681 1838 748 1896 Hoc
767 1847 862 1897 tamen
882 1838 917 1895 de
939 1839 1068 1915 prudenti
1082 1839 1222 1897 dubietate

128 1936 359 2014 intelligendum,
372 1937 478 1997 nonde
491 1936 547 1995 levi
561 1955 740 2010 quacumque
760 1937 942 2005 dubitatione,
957 1956 1007 1996 seu
1029 1939 1123 2013 potius
1136 1941 1222 1999 omis·

129 2038 221 2094 sionis
234 2037 407 2111 suspicione.

172 2139 221 2192 le.
243 2142 263 2169 ⁴⁴
275 2133 313 2192 In
321 2135 395 2214 pari
405 2134 511 2194 delicto
521 2133 569 2193 oel
581 2152 690 2194 cauere
699 2134 861 2194 meliorest
872 2153 980 2195 caussa
988 2133 1222 2212 poenitientiam

133 2234 206 2291 Hice
218 2233 315 2310 regula
324 2236 398 2311 Juris
411 2236 537 2293 maxime
546 2234 663 2310 respicit
671 2235 843 2311 judiciorum
856 2235 994 2302 ordinem,
1003 2236 1034 2292 in
1043 2234 1145 2306 quibus
1159 2253 1224 2310 pos·

133 2334 238 2390 sessori
250 2351 295 2389 res
309 2332 456 2410 eripienda
468 2352 527 2392 non
539 2342 591 2401 est,
606 2333 663 2391 nisi
676 2333 759 2409 plane
780 2335 912 2409 probetur
925 2333 1031 2399 aliena3
1052 2350 1224 2408 presumen-

132 2431 201 2489 dum
215 2432 320 2507 quippe
333 2443 388 2501 est,
402 2451 468 2492 eum
489 2432 538 2505 qui
558 2431 695 2508 possidet,
712 2434 777 2508 jure
796 2450 859 2489 eam
879 2432 1034 2509 possidere,
1048 2434 1104 2490 nisi
1118 2442 1225 2491 contra·

132 2532 206 2588 rium
219 2539 322 2606 pateat.
344 2531 434 2589 Valet
446 2533 531 2589 etiarn
545 2531 574 2588 in
588 2532 770 2600 conscientia,
781 2532 864 2608 juxta
876 2531 1035 2607 plerosque,
1050 2549 1134 2589 nemo
1147 2532 1224 2588 enim

133 2647 204 2695 rem,
219 2648 304 2702 quam
317 2630 460 2688 bonafide
481 2629 627 2706 possidere
647 2631 741 2704 coepit,
756 2629 894 2688 dimittere
915 2641 1033 2695 tenetur,
1049 2631 1105 2687 nisi
1118 2638 1227 2686 constet

131 2747 196 2785 eam
209 2746 293 2785 suam
306 2747 366 2786 non
378 2747 451 2786 esse.
493 2728 637 2787 Ceterum
657 2738 723 2786 sunt
743 2730 792 2800 qui
812 2727 909 2785 dicunt
921 2746 987 2786 eum
1002 2729 1050 2799 qui
1064 2746 1100 2784 ex
1114 2745 1226 2802 posses-

131 2829 212 2884 sione
227 2846 287 2885 non
299 2827 384 2884 habet
396 2820 610 2886 fundamentdm
624 2826 764 2884 inserendi
784 2844 844 2883 rem
864 2845 927 2882 esse
948 2844 1038 2892 suam,
1060 2824 1162 2881 debere
1175 2843 1226 2901 pro

131 2925 214 2983 dubii
228 2926 338 2983 ratione
352 2926 458 2998 aliquid
470 2918 643 2985 metuere?

172 3029 221 3081 20.
244 3023 340 3083 “Pro
355 3025 542 3084 testandum
557 3032 728 3103 ertproqtto
743 3031 804 3082 rtet
812 3021 1043 3102 presumptio.’'
1065 3024 1121 3089 Qui
1136 3031 1228 3079 aucto·

131 3125 211 3181 ritate
222 3124 318 3197 aliqua
325 3143 358 3181 ae
370 3143 487 3183 munere
503 3125 612 3192 fruitur,
623 3123 781 3181 censendus
789 3136 832 3181 est
840 3126 889 3201 jus
904 3122 980 3195 quod
993 3132 1107 3179 exercet
1115 3121 1227 3184 habere,

133 3224 191 3280 nisi
201 3224 374 3281 contrarium
388 3224 502 3296 liqueat.
524 3223 574 3281 Sic
587 3223 665 3298 leges
679 3232 885 3296 presumuntur
896 3220 972 3278 haud
986 3219 1122 3276 excedere
1137 3227 1230 3292 potes-

134 3333 219 3379 tatem
232 3341 283 3379 eas
296 3323 456 3390 serentium,
467 3322 603 3394 quamdiu
614 3320 684 3377 nihil
697 3328 793 3375 eontra
805 3328 930 3395 apparet.
952 3318 1089 3392 Superior
1101 3324 1231 3372 censetur

136 3431 307 3496 potestatem
321 3440 406 3493 quam
426 3431 540 3479 exercet
558 3419 673 3483 habere,
687 3418 743 3475 nisi
763 3428 841 3474 extra
861 3417 966 3474 limites
987 3433 1051 3473 eum
1072 3413 1230 3471 excessisse

133 3529 265 3577 constet:
288 3519 364 3592 quod
384 3522 410 3577 si
428 3538 475 3577 res
495 3522 532 3579 sit
544 3518 625 3576 valde
639 3516 767 3585 molesta,
782 3528 810 3573 et
822 3516 938 3574 dubium
952 3516 989 3572 sit
1001 3516 1167 3572 exercitium
1180 3531 1230 3589 po·

134 3621 255 3687 testatis,
269 3638 328 3678 non
343 3619 453 3677 videtur
465 3637 518 3694 pro
531 3619 684 3694 Superiore
698 3615 938 3691 presumendum,
953 3614 1108 3690 presertim
1122 3614 1231 3689 gravio·

135 3720 213 3777 ribus
223 3720 437 3777 imminentibus
446 3736 484 3775 ex
493 3717 653 3776 obedientia
661 3710 875 3774 incommodis.³
895 3711 1232 3772 Promatrimoniivalore

137 3820 325 3893 presumitur,
339 3817 431 3876 donee
445 3815 679 3895 impedimentum
698 3815 735 3872 sit
747 3816 933 3891 exploratum,
945 3831 981 3871 ne
1002 3823 1105 3870 temere
1121 3827 1231 3883 rumpa-

342 4037 382 4101 (l)
401 4035 462 4098 Reg.
473 4034 540 4085 duris
551 4035 601 4084 lxv.
613 4032 639 4083 in
652 4033 675 4083 6.

340 4125 380 4186 (2)
399 4122 463 4172 Vide
472 4124 552 4187 plures
564 4120 628 4186 apud
641 4119 723 4170 Gordil
735 4117 766 4168 de
778 4125 824 4167 aet.
835 4114 952 4166 humanis
961 4130 983 4163 c.
995 4113 1027 4163 iv.

341 4209 384 4272 (4)
397 4207 427 4255 S.
444 4206 590 4272 Alpheum
606 4205 694 4254 Theoi.
706 4202 769 4252 Mor.
782 4202 797 4250 1.
808 4202 824 4251 'n
836 4216 861 4250 n.
873 4199 913 4250 31.

227 4295 312 4357 Vox.
329 4295 418 4359 Ι.-6
