2744 4980
220 420 277 475 110
504 413 561 472 DE
582 412 746 479 QUINTO
767 410 1021 472 PRAECEPTO.

219 581 313 640 tribuit
321 580 371 656 jus
378 578 507 659 proprio
524 578 702 638 auctoritate
716 576 863 634 occidendi
877 576 1039 644 adulteram;
1053 595 1083 634 re
1097 578 1172 634 enim
1186 595 1252 634 sera
1261 578 1312 653 jus

219 679 385 738 Caesareum
397 677 425 733 ei
437 697 495 736 non
509 696 572 735 eam
584 676 651 734 sacit
667 677 838 743 facultatem,
852 677 980 748 quamvis
1001 678 1161 751 permiserit
1173 678 1245 752 patri
1262 678 1311 753 jus

218 775 367 839 occidendi
380 774 535 835 adulterum
549 795 615 833 oum
628 767 711 833 filia.l
752 773 895 832 Caeterum
916 784 1045 832 nentrum
1065 794 1102 831 ex
1124 777 1187 851 lege
1203 774 1313 832 Christi

215 870 309 936 licet.²

261 980 328 1032 115.
350 972 543 1030 “Dicendum
564 991 616 1029 nos
639 971 726 1029 teneri
748 991 785 1029 ex
808 972 941 1029 charitate
960 970 1112 1029 defendere
1132 973 1217 1029 etiarn
1238 972 1313 1029 hona

222 1073 357 1152 proximi,
376 1071 489 1143 quando
509 1070 659 1127 commode
679 1088 842 1146 possumne,
863 1081 910 1127 aut
929 1089 994 1127 cum
1014 1071 1070 1127 levi
1083 1081 1178 1128 nostm
1192 1071 1313 1146 jactura,

223 1193 280 1232 non
294 1188 361 1229 vero
375 1188 440 1226 oum
454 1165 581 1246 gravi.'’³

263 1275 331 1329 116.
352 1268 467 1326 Directa
488 1268 641 1325 intentione
661 1284 805 1338 nunquam
818 1267 884 1324 licet
902 1269 1081 1325 innocentem
1099 1266 1239 1334 occidere,
1259 1267 1316 1323 nisi

225 1369 317 1437 Deus,
332 1369 396 1426 vitae
409 1374 438 1423 et
449 1369 547 1424 mortis
561 1367 671 1434 arbiter,
685 1367 867 1423 concesserit.
898 1368 1076 1442 Quapropter
1088 1367 1219 1441 exigente
1232 1366 1316 1422 hoste

222 1478 253 1528 ut
265 1471 404 1526 innocens
418 1467 560 1542 quispiam
573 1465 725 1532 occidat-ur,
738 1482 794 1521 non
807 1464 905 1522 liceret
913 1485 978 1522 enm
993 1466 1152 1523 interimere
1163 1466 1249 1522 etiam
1263 1464 1318 1520 rei·

223 1567 342 1644 publicae
362 1564 507 1622 servandae
521 1583 621 1620 causa:
643 1562 752 1621 videtur
765 1572 858 1621 autem
880 1565 1006 1639 pluribus
1020 1564 1160 1639 theologis
1173 1563 1258 1620 licere
1273 1562 1317 1618 in·

223 1674 374 1724 nocentem
388 1662 494 1720 tradere
514 1662 600 1729 hosti,
622 1664 674 1718 etsi
695 1661 878 1738 praevideatur
894 1662 1078 1730 occidendus,
1098 1664 1123 1720 si
1144 1662 1212 1719 alias
1226 1661 1318 1718 averti

223 1772 346 1835 nequeat
359 1763 454 1837 patria
468 1759 578 1817 clades:
600 1761 667 1832 quia
679 1761 714 1817 iis
733 1761 764 1816 in
783 1779 877 1818 rernm
896 1761 1034 1838 adjunctis
1055 1772 1163 1820 tenuur
1176 1762 1319 1818 innocens

225 1861 261 1920 ad
280 1880 312 1918 se
332 1859 488 1917 discrimini
507 1857 698 1934 objiciendum
720 1869 751 1915 ut
771 1859 931 1934 reipublice
945 1857 1105 1928 consulat3⁴
1126 1860 1202 1932 quod
1221 1871 1318 1916 tamen

225 1960 386 2038 gravissimi
413 1956 538 2032 theologi
560 1953 690 2033 negant!
729 1956 878 2032 Virginem
904 1969 996 2016 autern
1022 1958 1181 2016 violandam
1207 1957 1318 2016 hadere

225 2057 322 2115 dicunt
334 2075 434 2114 omnes
447 2074 506 2112 non
518 2057 615 2123 licere,
625 2074 678 2112 neo
692 2057 768 2113 enirn
783 2057 846 2132 ipsa
860 2065 934 2114 tanto
947 2077 978 2114 se
992 2056 1146 2115 discrimini
1160 2067 1255 2133 potest
1267 2057 1318 2113 ob·

223 2149 340 2232 jicere.⁶
379 2155 461 2213 Licet
472 2152 540 2210 dum
555 2155 623 2212 urbs
643 2165 829 2230 expugnatur,
849 2155 894 2213 vel
914 2156 983 2213 alias
1002 2157 1106 2213 bellum
1126 2157 1240 2231 geritur,
1262 2165 1319 2210 tor·

226 2264 322 2312 menta
334 2253 434 2312 bellica
453 2253 482 2309 in
495 2253 592 2309 hostes
612 2254 743 2329 dirigere,
764 2255 817 2311 etsi
838 2254 1002 2312 innocenter
1022 2274 1086 2312 cum
1101 2255 1229 2312 hostibus
1243 2253 1319 2329 peri·

227 2354 282 2409 turi
295 2353 368 2409 sint:
390 2362 494 2427 prater
513 2352 696 2410 intentionem
717 2353 794 2409 enim
814 2354 1007 2412 innocentium
1020 2373 1096 2412 mors
1111 2352 1238 2411 accidere
1250 2368 1320 2408 cen·

226 2459 314 2518 setur,
330 2469 418 2522 quum
439 2442 563 2507 hostiurn
580 2451 638 2507 vim
658 2450 839 2509 inserentium
859 2452 1017 2510 interfectio
1038 2465 1143 2510 tantum
1167 2460 1318 2522 queratur.

227 2546 306 2606 Hinc
319 2550 386 2606 urbe
400 2558 482 2624 capta
494 2548 656 2616 infantibus,
670 2549 847 2618 muheribus,
862 2551 1034 2624 senibusque
1048 2550 1221 2627 parcendum
1235 2559 1290 2604 cst.

622 2756 706 2830 §HL
728 2741 919 2818 Ds'snonru.

268 2924 335 2979 117.
357 2917 493 2977 Hominis
507 2919 594 2976 occisi
607 2921 647 2976 rei
661 2920 797 2980 habentur
810 2925 859 2994 qui
879 2924 977 2981 soetum
997 2925 1027 2981 in
1046 2935 1125 2982 utero
1138 2925 1316 3001 extinguere,

225 3027 254 3075 et
266 3028 330 3076 ante
343 3027 457 3093 tempus
478 3018 591 3093 ejicere,
613 3019 739 3076 abortum
759 3020 889 3081 faciendo
907 3021 1027 3079 student.
1069 3023 1251 3099 Distinguere
1272 3043 1318 3082 so·

223 3116 283 3174 lent
297 3116 423 3192 theologi
436 3117 509 3173 inter
522 3116 620 3173 soetum
634 3118 828 3186 inanimatum,
844 3122 892 3193 qui
906 3121 1013 3177 scihoet
1026 3123 1134 3196 primus
1148 3123 1316 3198 concipitur,

225 3223 254 3272 et
266 3216 430 3282 animatum,
446 3216 491 3271 cui
506 3216 633 3283 accessit,
647 3216 712 3274 Deo
731 3228 851 3288 creante,
867 3221 968 3276 anima.
1011 3219 1056 3276 De
1077 3233 1204 3296 ternpore
1219 3239 1276 3292 quo
1289 3219 1317 3276 id

225 3315 363 3391 contingit
374 3315 458 3371 variae
472 3322 538 3371 sunt
556 3317 713 3383 sententia,
727 3319 871 3376 nonnullis
890 3318 1011 3375 animam
1026 3320 1119 3376 statim
1132 3318 1242 3376 infundi
1256 3321 1318 3394 opi·

225 3413 367 3479 nantibus,
382 3412 443 3469 aliis
458 3413 573 3471 nonnisi
587 3416 616 3472 in
629 3424 726 3490 partu;
748 3435 869 3487 quorum
889 3427 984 3473 tamen
1004 3419 1102 3494 opinio
1116 3438 1131 3474 a
1144 3417 1211 3474 sede
1224 3418 1318 3494 Apos-

225 3509 309 3567 tolica
334 3511 439 3586 rejecta
464 3522 507 3567 est
532 3510 673 3578 damnata,
688 3513 722 3568 ab
746 3513 914 3572 innocentio
938 3514 992 3572 xl.
1020 3516 1074 3574 hac
1099 3517 1315 3593 propositione:

223 3615 243 3642 “
253 3606 373 3663 Videtur
382 3608 525 3683 probabile
535 3629 650 3667 omnem
665 3609 763 3668 soetum
774 3612 908 3682 quamdiu
921 3613 951 3669 in
963 3623 1043 3671 utero
1053 3626 1105 3682 est,
1116 3634 1209 3672 carere
1223 3617 1318 3674 anima

226 3704 357 3763 rationali
379 3718 408 3764 et
429 3714 495 3763 tunc
514 3709 637 3783 primum
657 3709 783 3784 incipere
803 3710 924 3768 eandem
943 3711 1049 3770 habere
1062 3733 1128 3772 curn
1147 3715 1263 3791 paritur,
1285 3733 1319 3771 ae

426 3893 466 3958 (l)
486 3892 516 3942 L.
529 3893 618 3944 Marito
629 3896 662 3943 20
672 3909 700 3947 n·
711 3893 742 3944 do
753 3895 885 3945 adulteriis.

458 3980 469 4043 )
489 3977 628 4030 Lessiurde
636 3980 731 4045 justitia
742 3990 767 4031 et
774 3983 837 4047 jure,
849 3986 863 4040 ς
877 3981 902 4030 ii.
913 3998 927 4032 c
946 3982 980 4032 ix.
992 3983 1057 4034 Dnb.
1069 4001 1091 4031 v.
1102 4000 1128 4034 n.
1143 3986 1180 4035 16.

426 4064 468 4128 (3)
489 4063 517 4112 S.
528 4064 603 4130 Alph.
616 4067 632 4116 1.
643 4066 678 4115 iii.
688 4081 714 4115 n.
724 4065 780 4116 391.

428 4150 469 4213 (4)
484 4150 568 4214 Msyol
579 4151 672 4216 Expos.
682 4168 705 4201 v.
715 4168 786 4217 praec.
798 4160 840 4203 srt
852 4170 876 4202 v.
888 4157 902 4212 θ
916 4154 1003 4215 Unica,
1014 4156 1059 4205 ool.
1073 4159 1130 4206 605.

426 4238 469 4301 (5)
483 4237 547 4288 Vide
555 4240 619 4304 apud
631 4239 741 4290 Carriere
750 4241 780 4291 ds
787 4243 846 4306 just.
855 4250 880 4291 et
887 4244 950 4307 juro,
960 4258 986 4292 n.
998 4243 1056 4292 alo.

426 4324 469 4390 (6)
483 4322 585 4377 Lusius
594 4325 692 4393 dejure.
702 4328 789 4393 etjam
801 4330 815 4387 ἡ
828 4327 853 4378 ii.
864 4344 885 4378 c.
895 4329 929 4378 ix.
939 4328 997 4379 dub.
1008 4329 1049 4380 rii.
1059 4343 1085 4379 ιι.
1096 4328 1137 4379 4⁰.
