2744 4980
188 432 245 491 170
526 427 583 487 DE
605 425 957 487 CONSUETUDINE.

184 593 300 673 qnidam
312 595 450 671 abrogari,
464 594 595 667 quamvis
606 602 744 653 rsvoostn
757 589 928 667 plerumque
938 608 998 653 non
1009 603 1189 663 censeantur,
1207 614 1283 673 pra·

184 695 281 757 sertim
293 697 320 754 si
336 694 439 753 luerint
450 693 703 762 immemorabilss,
716 689 772 751 nisi
785 709 919 768 expresse
933 694 1126 753 insumatur.
1160 703 1180 729 “
1191 696 1282 771 Epis·

184 795 251 872 copi
264 804 359 854 tamen
372 810 536 871 percorum
556 793 635 868 leges
658 793 792 868 abrogant
810 810 1021 865 quamcumque
1041 795 1281 854 consuetudinem

184 894 394 972 particularem,
404 894 475 966 quis
486 903 694 970 presumuntur
703 891 758 967 ipsi
773 892 886 969 plenam
899 892 1027 951 notitiam
1042 891 1144 950 habere
1157 914 1281 953 consue·

184 992 314 1053 tudinum
328 990 484 1051 dioeoesum
499 985 665 1050 suamm.”⁴

224 1097 275 1150 42.
296 1092 422 1167 Legibus
442 1091 641 1150 ecelesiasticis
661 1091 691 1148 in
711 1090 763 1148 hac
784 1092 900 1167 regione
920 1089 1001 1167 plura
1019 1089 1114 1150 solent
1126 1091 1188 1151 fieri
1202 1092 1278 1152 haud

188 1201 468 1264 consentaneaque
491 1201 587 1249 utrum
607 1191 665 1248 vim
679 1189 891 1248 consuetudinis
909 1200 1037 1248 assecuta
1056 1192 1114 1249 sint
1132 1194 1182 1250 vix
1195 1193 1282 1252 aude·

187 1309 252 1349 mus
277 1290 383 1349 dicere.
425 1291 513 1350 Plura
535 1300 629 1349 autem
650 1308 688 1348 ex
708 1289 816 1348 indulto
842 1289 1001 1366 pontificio,
1023 1309 1073 1348 seu
1101 1289 1280 1351 facultatibus

189 1390 333 1468 episcopis
353 1390 497 1449 concessis
516 1401 577 1448 orta
597 1389 760 1448 verosimile
773 1397 826 1458 est,
847 1391 1014 1447 necessitate
1035 1393 1119 1449 etiam
1140 1406 1280 1467 cogenter

187 1488 363 1562 quoeidcirco
375 1489 489 1548 retineri
503 1507 589 1566 posse
603 1488 742 1557 videntur,
757 1488 848 1546 donec
861 1488 942 1547 aliter
954 1488 1134 1564 presulibus,
1148 1490 1194 1548 vel
1208 1492 1279 1551 Sedi

186 1588 360 1665 Apostolicae
373 1589 467 1645 visum
480 1588 573 1648 fuerit.
616 1588 665 1645 Sic
678 1587 767 1645 larido
782 1588 811 1645 in
825 1587 923 1645 diebus
943 1588 1120 1657 esurialibus,
1135 1589 1240 1666 butyro
1254 1605 1282 1650 et

185 1686 268 1753 lacte,
282 1689 344 1745 ovis
357 1697 387 1744 et
397 1685 546 1745 lacticiniis
559 1688 589 1745 in
603 1685 827 1764 quadragesima,
840 1696 958 1745 utuntur
969 1685 1079 1746 fideles.
1111 1688 1281 1749 Sacerdotes

186 1786 353 1845 unctionem
372 1804 483 1854 renum,
507 1787 537 1842 in
556 1785 742 1852 moribundis,
763 1804 880 1862 prorsus
901 1788 1045 1845 omittunt.
1087 1786 1233 1848 Ceterum
1251 1791 1280 1848 in

188 1884 252 1944 aliis
265 1885 397 1961 plurimis
411 1894 501 1942 coest
514 1903 627 1943 momm
649 1883 839 1960 discrepantia
861 1904 923 1957 qnae
944 1885 1181 1946 consuetudinem
1195 1888 1279 1957 tollit,

187 1983 233 2042 vel
246 1985 385 2044 infirmat:
407 1983 530 2058 ideoque
544 1983 673 2056 quamvis
687 2002 744 2042 non
758 1985 925 2042 damnemus
939 2003 990 2043 eos
1004 1986 1055 2059 qui
1066 2005 1137 2044 usus
1151 1998 1282 2065 receptos

188 2093 354 2155 sequuntur,
369 2101 517 2157 quousque
532 2102 582 2142 eos
596 2082 749 2141 aboleverit
761 2083 914 2160 praesulum
928 2085 1087 2153 auctoritas,
1098 2087 1284 2146 vehementer

188 2191 283 2240 tamen
304 2181 546 2242 commendandos
569 2199 734 2250 censemus,
752 2184 802 2255 qui
820 2184 990 2242 universalis
1010 2184 1157 2252 Ecclesia,
1172 2199 1199 2243 et
1221 2187 1284 2245 Ro·

189 2298 281 2340 manre
303 2283 456 2359 precipue,
480 2281 669 2358 disciplinam,
690 2283 773 2341 nobis
793 2302 809 2340 a
829 2284 921 2359 primo
941 2284 1063 2343 concilio
1075 2284 1281 2343 Baltimorcnsi

190 2379 272 2438 rslde
298 2380 537 2450 commendatam,
560 2381 707 2440 contrariis
734 2381 920 2454 quammdam
946 2383 1156 2459 provinciarum
1183 2385 1283 2443 usibus

190 2479 366 2556 postpositis,
375 2489 513 2554 quatenus
526 2497 621 2539 rerum
634 2479 767 2558 adjuncta
779 2483 931 2559 patiuntur,
940 2483 970 2540 in
980 2483 1113 2542 omnibus
1127 2484 1281 2543 imitantur.

359 2680 401 2745 (l)
421 2681 448 2729 S.
460 2679 604 2746 Alpbonsus
615 2689 670 2746 post
683 2681 802 2741 Salmant,
815 2681 869 2731 loco
881 2683 954 2746 paulo
965 2691 1022 2734 ante
1033 2683 1114 2734 citato·
