2744 4980
553 1145 695 1206 CAPUT
715 1145 772 1206 111.

417 1375 456 1414 DE
478 1375 641 1418 PARENTUU
661 1373 924 1416 onutoautorttnus.

164 1559 216 1614 83.
245 1554 410 1615 Pronurus
433 1571 470 1612 ex
493 1555 559 1630 ipso
581 1566 688 1613 nature
710 1554 847 1612 instinctu
869 1553 979 1630 prolem
1006 1551 1082 1608 alere
1105 1549 1225 1609 debent:

127 1653 206 1727 quod
219 1663 248 1711 et
255 1653 304 1729 jus
318 1647 417 1710 civilel
430 1662 459 1710 et
471 1645 655 1711 canonicum²
668 1653 806 1730 precipit.
837 1652 870 1710 Si
884 1652 946 1708 sine
959 1648 1128 1726 gravissima
1140 1665 1226 1705 cansa

127 1770 192 1810 earn
215 1751 437 1829 brephotrophio
461 1750 578 1820 tradant,
599 1762 718 1828 peccant
742 1760 839 1808 contra
856 1750 1012 1827 justitiam,
1035 1764 1108 1805 onus
1132 1742 1226 1803 alendi

125 1850 322 1909 communitati
336 1849 529 1927 imponendo:
552 1849 631 1923 quod
649 1851 675 1908 si
695 1858 820 1925 egestate
840 1856 1016 1925 premantur,
1036 1845 1103 1902 licet
1114 1843 1235 1920 prolem.

125 1949 166 2007 sic
181 1966 326 2024 exponere
346 1947 466 2024 publicis
487 1949 646 2024 sumptibus
666 1947 808 2016 alendam,
830 1964 919 2018 quum
937 1965 1004 2005 eum
1016 1945 1047 2002 in
1073 1942 1161 2000 finem
1175 1938 1224 1998 do·

126 2065 192 2105 mus
205 2046 261 2104 itlae
275 2056 376 2105 erectae
390 2048 456 2104 sint.
498 2045 532 2104 ld
551 2047 637 2105 etiam
655 2046 732 2113 licet,
748 2047 833 2122 juxta
852 2045 1017 2110 nonnullos,
1032 2040 1067 2099 ad
1080 2040 1226 2098 infamiam

128 2140 296 2212 sitandam,³
308 2165 375 2205 nam
388 2163 423 2202 ea
434 2145 466 2201 fit
478 2145 561 2220 copia
574 2155 605 2201 ut
623 2144 778 2203 infantibus
798 2144 974 2211 consulatur,
989 2141 1040 2215 qui
1052 2156 1130 2214 saepe
1143 2154 1225 2197 ueco-

125 2253 223 2302 rentur
235 2241 271 2299 ad
283 2243 431 2302 celandum
444 2243 563 2301 crimen.
606 2240 750 2300 Ceterum
769 2243 795 2299 si
810 2243 931 2310 valeant,
946 2247 1061 2318 oportet
1079 2246 1112 2295 ut
1123 2236 1223 2294 domui

126 2342 248 2399 tribuant
270 2345 420 2416 pecuniam
443 2360 499 2414 qua
519 2340 654 2399 damnum
674 2337 846 2416 πομπεψ*
886 2339 933 2398 En
955 2346 1050 2397 autem
1070 2333 1147 2413 apud
1170 2350 1224 2391 nos

126 2439 248 2497 occurrit
261 2438 421 2507 difficultas,
435 2439 512 2513 quod
525 2439 647 2497 infantes
667 2439 709 2496 sic
722 2439 847 2514 expositi
859 2437 989 2496 sectariis
1002 2434 1049 2492 vel
1061 2430 1223 2491 infidelibus

126 2538 297 2614 plerumque
315 2538 456 2596 tradantur
467 2556 505 2595 ex
517 2536 740 2612 brephotrophio
753 2537 881 2613 egressi:
903 2541 1076 2612 quapropter
1089 2543 1223 2608 parentes

125 2635 259 2695 catholici
272 2645 348 2695 tanto
358 2637 518 2695 discrimini
530 2636 628 2694 salutis
641 2653 724 2692 suam
736 2634 847 2710 prolem
858 2645 964 2693 temere
979 2631 1146 2708 objicientes
1163 2626 1225 2686 nul·

125 2733 237 2792 latenus
256 2744 436 2793 excusantur.
479 2734 583 2792 Utrum
605 2743 699 2791 autem
719 2742 831 2808 egestas
852 2734 890 2790 sit
912 2733 982 2789 ratio
1001 2729 1139 2804 legitima,
1166 2743 1223 2799 qua

125 2844 307 2900 excusentur,
319 2832 395 2893 houd
408 2833 489 2891 facile
502 2841 546 2891 est
565 2831 640 2890 dictu
653 2851 661 2889 ι
682 2840 817 2889 ceterum
837 2831 862 2887 si
875 2839 1003 2887 extrema
1019 2828 1147 2885 laborent
1159 2824 1224 2883 ino·

126 2931 185 3006 pia,
199 2932 245 2988 vel
259 2931 330 2990 adeo
343 2932 422 3008 gravi
434 2940 465 2990 nt
478 2941 619 3004 nequeant
632 2947 749 3006 prorsus
768 2930 878 3005 prolem
898 2935 1069 2993 sustentare,
1084 2921 1159 2981 haud
1173 2942 1224 2981 eu·

125 3027 229 3086 demus
249 3049 299 3087 eos
322 3030 467 3098 damnare,
491 3031 550 3102 qui,
571 3031 635 3087 vite
655 3038 687 3086 ut
707 3028 867 3094 consulant,
890 3046 928 3085 er
950 3035 1057 3084 naturae
1077 3021 1222 3087 incuncta,

127 3126 239 3202 prolem
252 3128 473 3204 brephotrophio
487 3126 616 3185 alendam
630 3125 751 3194 tradunt,
773 3145 854 3202 spem
875 3124 1003 3182 foventes
1024 3131 1056 3180 ut
1068 3121 1163 3193 aliqua
1176 3120 1220 3176 eis

127 3233 229 3302 postea
248 3237 377 3283 nascatur
390 3228 504 3283 occasio
527 3245 590 3284 earn
610 3224 773 3283 christianis
793 3223 971 3280 documentis
995 3215 1170 3284 instituendi,
1195 3226 1223 3273 et

128 3324 242 3381 interim
261 3334 392 3381 curantes
412 3333 442 3380 ut
455 3326 622 3400 baptizetur,
637 3324 671 3380 ad
685 3323 768 3379 saluti
782 3320 987 3378 consulendum
1000 3319 1026 3375 si
1046 3317 1147 3375 fortee
1166 3316 1224 3372 vita

129 3421 251 3480 tollatur.
294 3423 397 3481 Utrum
412 3421 535 3480 infamiae
559 3421 716 3498 periculum
736 3419 898 3477 habendum
918 3419 957 3475 sit
975 3414 1163 3480 excusationi,
1178 3413 1224 3470 his

131 3521 161 3577 in
174 3538 270 3578 rerum
283 3520 435 3598 adjunctis,
457 3520 532 3578 haud
551 3520 633 3578 facile
652 3518 795 3576 definitur.
838 3517 939 3575 Puella
958 3535 1021 3589 quae
1041 3514 1096 3572 sibi
1113 3522 1143 3570 et
1156 3512 1229 3589 proli

130 3619 296 3694 prospicere
310 3638 368 3677 non
382 3621 494 3696 poterit,
510 3619 625 3676 infamia
638 3618 725 3682 simul
739 3627 767 3673 et
780 3618 878 3694 inopia
891 3626 1052 3693 premente,
1066 3610 1230 3670 excusanda

131 3715 254 3782 videtur,
269 3717 295 3773 si
316 3718 426 3794 prolem
446 3717 672 3794 brephotrophio
692 3718 861 3785 committat,
883 3714 918 3772 ad
939 3716 993 3772 sibi
1016 3713 1116 3770 saltem
1130 3728 1232 3768 consu-

131 3813 260 3882 lendum,
275 3826 304 3872 et
315 3834 350 3875 eo
364 3818 448 3874 etiarn
462 3817 557 3874 animo
570 3826 601 3873 ut
614 3816 638 3872 si
659 3834 717 3887 qua
739 3815 839 3892 possit,
848 3815 955 3872 ratione
969 3812 1056 3889 prolis
1070 3809 1152 3866 saluti
1166 3825 1231 3864 con-

128 3912 212 3970 sulet.
255 3913 313 3972 Cui
332 3925 488 3991 suppetunt
506 3914 613 3972 divitiae
633 3914 718 3970 debet
739 3913 848 3989 prolem
869 3911 971 3969 nutrici
994 3907 1112 3974 tradere,
1126 3916 1154 3963 et
1166 3906 1229 3982 ejus

129 4010 289 4071 christiana
303 4014 472 4073 institutioni
485 4013 621 4088 deinceps
643 4010 804 4088 providere,
824 4009 950 4069 adhibita
970 4005 1080 4066 cautela
1093 4004 1128 4062 ad
1143 4023 1226 4062 suurn

201 4216 239 4279 (l)
258 4215 321 4280 Cup.
332 4214 361 4265 cle
373 4214 469 4266 alendis
480 4214 571 4268 liberis.
762 4219 804 4281 (ἰ)
817 4215 878 4280 Cap.
888 4213 912 4264 σι’
922 4212 988 4280 quis,
999 4212 1053 4262 dist.
1064 4225 1125 4261 xxx.

199 4299 242 4364 (3)
257 4299 341 4363 Mryol
355 4301 447 4365 Expos.
459 4301 490 4351 iv.
503 4317 572 4362 proc.
585 4301 655 4350 nrt-i.
758 4302 800 4366 (4)
813 4298 838 4350 ff.
850 4299 881 4349 dc
892 4299 932 4349 lib.
945 4312 1043 4361 agnon.
1057 4298 1072 4348 Ι.
1084 4309 1178 4344 necare.
