2744 4980
164 422 225 478 268
539 414 596 474 DE
618 414 731 474 LEGE
754 413 893 474 CIVILI.

165 582 296 642 institutis
309 581 445 657 exponite
468 588 487 615 ‘⁶
498 578 569 636 Haec
589 598 657 655 ergo
675 579 797 635 coelestis
814 580 922 645 civitas,
936 578 1004 637 dum
1024 582 1221 655 peregrinatur
1233 589 1261 644 in

165 693 246 748 terra,
260 698 297 737 ex
311 680 441 737 omnibus
464 678 596 754 gentibus
617 679 695 734 cives
713 687 821 742 evocat,
846 688 929 750 atque
949 679 979 736 in
999 679 1136 737 omnibus
1155 683 1259 761 linguis

164 780 340 857 peregrinam
354 778 462 854 colligit
474 778 648 842 societatem,
662 793 719 833 non
729 793 832 833 curans
845 775 985 850 quidquid
998 778 1028 835 in
1042 778 1183 850 moribus,
1193 783 1258 860 legi·
1312 831 1368 850 N

162 879 225 945 bus,
246 877 437 948 institutisque
459 875 602 932 diversum
622 884 675 940 est,
699 875 800 946 quibus
814 893 871 950 pax
885 884 994 934 terrena
1014 876 1059 932 vel
1074 882 1257 953 conquiritur,
1298 926 1367 972 *3

163 977 209 1035 vel
221 987 341 1042 tenetur,
356 974 427 1030 nihil
440 992 539 1031 eorum
553 971 727 1039 rescindens,
735 973 781 1029 vel
794 972 951 1040 destruens,
962 975 1020 1031 imo
1033 975 1121 1032 etiam
1133 995 1255 1049 servans,
1294 1036 1336 1059 φ
1353 1040 1365 1065 ·‚

164 1094 196 1132 ae
209 1092 344 1146 sequens,
359 1071 437 1144 quod
457 1071 525 1130 licet
543 1071 686 1129 diversum
705 1071 742 1128 sit
761 1071 790 1128 in
803 1070 921 1130 diversis
935 1073 1107 1140 nationibus,
1123 1075 1159 1133 ad
1172 1098 1256 1139 unum
1277 1111 1365 1154 η

165 1182 261 1231 tamen
274 1171 453 1244 eundemque
467 1171 553 1229 linem
568 1179 684 1229 terrene
698 1171 777 1245 pacis
795 1169 957 1238 intenditur,
972 1173 996 1228 si
1010 1171 1191 1247 religionem,
1206 1198 1256 1251 qua
1271 1208 1364 1248 Q

163 1289 238 1329 unus
250 1288 380 1328 summus
394 1281 422 1327 et
434 1269 606 1328 vernsDeus
620 1268 761 1327 colendus
775 1268 900 1335 decenn,
914 1288 972 1328 non
988 1269 1160 1346 impedit.’'¹

206 1373 252 1426 14.
274 1368 367 1444 Leges
381 1368 478 1424 civiles
501 1369 552 1426 rite
572 1369 698 1426 feruntur
720 1369 750 1425 in
770 1369 847 1433 vitia,
868 1378 900 1425 ut
918 1370 1020 1445 integri
1043 1370 1151 1430 civium
1165 1392 1364 1442 moresen

163 1477 319 1533 serventur,
333 1476 361 1522 et
373 1465 470 1524 divino
484 1467 595 1525 nomini
615 1468 772 1524 reverentia
792 1467 838 1522 sit.
880 1467 930 1524 sic
953 1466 1113 1536 somicatio‚
1127 1472 1310 1544 ebrietas,
1331 1504 1363 1550 a,

162 1565 348 1640 blasphemia,
362 1566 421 1621 imo
434 1575 463 1621 et
475 1565 533 1622 diei
544 1564 692 1623 dominicae
704 1565 819 1622 violatio
833 1565 1032 1640 plerorumque
1043 1566 1179 1628 Statuum
1192 1573 1315 1650 legi—
1327 1584 1365 1639 j.

163 1665 216 1721 bus
229 1664 394 1738 puniuntur.
436 1663 582 1722 Caeterum
595 1682 683 1735 quum
696 1663 787 1720 civilis
810 1665 982 1722 auctoritatis
999 1666 1037 1721 sit
1049 1668 1115 1740 paci
1128 1679 1157 1725 et
1170 1657 1293 1731 ordin}
1308 1683 1366 1739 gri

164 1761 323 1827 consulere,
337 1762 431 1836 potius
452 1780 538 1833 quarn
561 1763 717 1819 animarum
740 1762 832 1827 saluti,
856 1781 889 1818 ea
910 1780 968 1820 non
988 1763 1083 1820 solent
1104 1767 1286 1842 prohiberi*
1309 1778 1365 1843 ῐι,

164 1877 228 1932 que
243 1858 314 1917 nihil
321 1860 432 1916 obstant
445 1860 621 1934 reipublicae:
637 1860 696 1916 imo
707 1861 787 1935 plura
797 1859 949 1917 tolerantur
958 1861 1036 1926 vitia,
1046 1878 1084 1919 ne
1097 1866 1208 1940 majora
1220 1868 1366 1932 iti—n

163 1956 315 2015 commoda
324 1968 484 2014 nascantur.

1330 636 1368 670 «Ι

480 2141 522 2204 (l)
541 2139 570 2189 L.
583 2143 632 2190 xix.
645 2141 674 2190 de
687 2142 732 2191 civ.
745 2140 822 2190 Deic.
836 2142 894 2191 xvii.
