2744 4980
506 403 563 461 DE
583 401 803 463 PECCATIS.
1139 413 1199 468 285

148 574 176 628 9.
199 570 352 628 Peccatum
371 568 448 642 quod
467 568 597 627 nonnulli
610 570 838 645 excogitaverunt
852 567 1107 648 philosophicum,
1122 573 1199 645 quod

102 669 218 727 scilicet
238 669 353 727 rationis
374 667 571 725 dictaminibus
591 665 762 735 adversatur,
786 669 855 740 quin
867 668 924 745 legi
941 667 1042 727 divine
1052 681 1200 747 repugnet,
1252 700 1261 709 ·

104 768 209 826 meritb
222 767 374 844 explosum
387 775 439 832 est,
453 767 494 823 uti
507 767 573 824 alibi
586 764 788 825 ostendirnus.¹

152 870 200 925 to.
230 866 400 924 Libertatem
422 865 528 922 arbitrii
550 862 585 920 ad
607 864 783 939 peccandum
807 865 913 937 requiri
939 876 1058 933 constat,
1079 865 1199 940 ideoque

107 974 187 1023 recte
205 963 274 1023 dicit
286 964 481 1040 Augustinus:
506 964 642 1040 “peccati
655 982 736 1022 reum
751 974 845 1022 tenere
860 982 1043 1038 quemquam,
1057 966 1124 1038 quia
1143 985 1201 1025 nou

107 1062 177 1121 iecit
201 1061 278 1136 quod
298 1062 388 1120 facere
408 1081 467 1119 non
487 1063 586 1138 potuit,
606 1080 725 1121 summm
746 1064 901 1135 iniquitatis
921 1075 965 1120 est
989 1075 1018 1122 et
1035 1057 1203 1135 insaniae.'’²

109 1160 356 1232 Quandocumque
370 1162 455 1237 igitur
468 1159 574 1232 aliquid
587 1161 619 1217 fit
640 1162 746 1220 ratione
769 1160 845 1220 haud
858 1161 1029 1230 advertente,
1043 1163 1089 1220 vel
1102 1163 1201 1223 volun·

108 1271 164 1318 tate
176 1260 252 1318 haud
262 1261 466 1325 consentiente,
480 1258 564 1335 culpa
577 1270 670 1317 caret:
693 1279 755 1332 quae
770 1271 862 1318 autem
874 1261 1002 1336 exigatur
1018 1261 1199 1327 advertenda,

108 1359 303 1436 disceptatum
324 1357 440 1431 quidam
462 1359 540 1417 euim
560 1367 655 1416 tenent
674 1357 803 1415 sufficere
822 1359 969 1416 virtualem
989 1370 1018 1416 et
1040 1361 1203 1436 interpreta-

111 1459 209 1526 uvam,
223 1458 270 1516 alii
283 1458 403 1534 exigunt
422 1457 561 1515 actualem
575 1455 774 1514 advertentiam
787 1456 909 1523 malitiae,
924 1468 972 1514 aut
984 1458 1101 1533 periculi
1115 1459 1201 1525 illius,

114 1568 164 1615 ant
176 1558 277 1615 saltem
297 1556 477 1632 obligationis
501 1557 578 1614 illam
598 1554 770 1613 advertendi.
813 1554 869 1612 His
892 1555 967 1613 savet
980 1555 1011 1612 S.
1026 1556 1202 1632 Alphonsus,

111 1656 163 1728 qui
176 1665 270 1714 nmen
284 1655 384 1713 fatetur
396 1673 429 1713 ea
443 1673 506 1727 que
519 1656 591 1713 fiunt
603 1673 641 1712 ex
654 1654 812 1733 ignorantia
824 1653 957 1729 culpabili
969 1672 1034 1711 esse
1048 1655 1204 1715 voluntaria

112 1757 144 1813 in
156 1773 260 1813 causa:
281 1762 300 1790 ‘⁶
313 1754 389 1813 Mihi
407 1755 525 1813 omnino
545 1752 698 1812 tenendum
717 1752 828 1810 videtur
846 1753 872 1808 si
894 1752 1053 1827 ignorantia
1068 1754 1147 1812 nullo
1167 1772 1204 1812 ex

113 1851 255 1930 predictis
274 1852 366 1911 modis
384 1852 470 1910 fuerit
486 1853 651 1921 voluntaria,
665 1851 792 1910 ethome
806 1849 911 1908 nullam
926 1850 1054 1907 babuerit
1066 1852 1205 1910 actualem

114 1951 316 2010 advertentiam
330 1950 455 2019 malitie,
468 1951 514 2008 vel
526 1951 655 2028 periculi,
669 1969 722 2008 nec
736 1949 850 2014 directe,
871 1966 924 2005 nec
946 1946 1093 2018 indirecte,
1111 1967 1205 2022 neque

115 2051 145 2108 ia
157 2068 202 2118 se,
222 2067 314 2122 neque
333 2050 364 2107 in
382 2069 435 2108 sua
454 2067 548 2116 causa,
570 2057 637 2108 tom
654 2047 731 2108 nullo
753 2045 839 2105 modo
857 2048 1029 2123 imputantur
1050 2049 1077 2106 ei
1096 2065 1205 2107 errores

114 2166 189 2222 quos
202 2167 260 2208 non
274 2146 401 2208 advertit.
422 2148 518 2214 Ratio,
529 2148 595 2219 quia
603 2157 635 2205 nt
646 2149 818 2222 imputentur
831 2145 916 2203 alicui
928 2145 1046 2203 effectus
1058 2144 1206 2224 cujusdam

114 2265 220 2315 cause,
234 2246 318 2304 debet
329 2248 489 2305 necessario
503 2245 662 2322 precedere
683 2243 795 2324 (saltem
814 2245 843 2300 in
864 2239 1015 2319 principio)
1036 2242 1207 2302 advertentis

115 2345 234 2404 actualis
247 2354 276 2403 et
287 2363 424 2423 expressa
436 2344 549 2402 malitie
560 2334 710 2419 objecti.''³

352 2543 393 2606 (Ι)
412 2540 494 2589 Traet.
506 2539 545 2588 De
555 2537 623 2600 Lege
634 2538 732 2594 Divina.
743 2554 765 2588 c.
776 2538 792 2587 i.
804 2554 828 2588 n.
843 2541 881 2586 1⁰.

354 2626 396 2688 (t)
416 2623 445 2672 L.
456 2623 487 2672 ds
498 2623 592 2672 duabus
603 2623 739 2680 animabus,
750 2639 770 2672 c
783 2623 825 2671 xii.

355 2710 394 2773 (³)
413 2707 443 2756 L.
458 2722 480 2755 v.
492 2705 575 2756 Tract.
584 2706 615 2755 de
626 2722 678 2771 pec.
690 2723 711 2756 e.
724 2708 739 2755 i.
751 2706 833 2756 dubi.
845 2721 870 2763 n,
881 2709 905 2754 4.

868 4682 959 4702 ,,
1226 4278 1336 4702 l
