2766 4996
552 443 807 528 enoutmuru.
1191 440 1239 502 ‘a

153 609 238 666 etiarn
253 607 282 664 in
295 624 407 664 morum
421 607 588 666 vindicanda
608 610 736 684 puritate,
757 629 824 668 narn
840 612 950 687 rejectae
970 620 1036 666 sunt
1055 579 1091 664 et⁴
1102 607 1240 666 damnatae

154 707 281 784 plurimae
302 707 509 780 propositiones
530 727 546 763 a
565 707 707 765 nonnullis
727 704 866 785 theologie
887 710 1060 785 excogitate,
1082 708 1130 778 qui
1151 707 1240 764 nimio

154 806 308 881 flagrabant
333 803 426 861 studio
453 805 600 863 hominum
622 805 720 880 culpas
743 807 922 865 extenuandi.
965 807 1097 877 Plerique
1125 803 1239 876 quidem

153 903 225 962 nihil
239 901 383 979 cupiditati
397 902 542 971 dederunt,
563 922 616 961 nec
638 904 713 960 vitiis
733 904 871 963 ullatenus
891 905 1058 982 patrocinari
1081 903 1238 968 voluerunt,

154 1001 206 1059 sed
220 1002 316 1058 salutis
331 1000 460 1059 humanae
478 1001 571 1059 studio
585 1021 619 1059 ea
632 1022 648 1058 a
661 1005 787 1077 graviore
807 1004 891 1080 eulpa
910 1004 1050 1061 vindicare
1064 1001 1239 1068 studuenrnt,

155 1119 218 1172 quae
232 1099 333 1157 divinae
347 1100 404 1175 legi
418 1101 559 1158 adversari
576 1099 652 1158 haud
672 1101 820 1159 manifesti»
840 1102 1011 1160 videbantur.
1054 1099 1241 1160 Offendemnt

155 1217 368 1269 nonnumquam
394 1200 446 1256 viri
475 1199 631 1256 doctissimi
657 1200 845 1275 piissimique,
877 1201 994 1258 humani
1021 1198 1125 1271 aliquid
1152 1197 1239 1273 passi.

156 1296 298 1353 Caetemm
313 1298 425 1372 egregie
439 1298 474 1354 de
488 1317 517 1354 re
531 1297 682 1355 christiana
695 1299 786 1355 meriti
801 1309 866 1356 sunt
879 1299 985 1356 ethices
999 1317 1085 1355 sacrae
1100 1306 1238 1360 auctores,

154 1397 227 1452 inter
240 1414 310 1467 quos
326 1395 485 1463 Suaresius,
500 1396 627 1464 Lessius,
640 1396 685 1455 De
699 1396 790 1473 Lugo,
800 1409 831 1455 ut
843 1397 878 1455 de
887 1398 1041 1455 innumeris
1055 1397 1116 1453 aliis
1130 1395 1239 1460 sileam,

154 1493 311 1550 immortale
325 1495 379 1551 sibi
392 1493 480 1551 decus
493 1504 673 1571 peperemnt.
716 1495 761 1552 De
775 1497 858 1553 rebus
871 1496 1003 1568 equidem
1022 1495 1136 1553 lubricis
1150 1493 1240 1550 fusius

155 1610 298 1648 nonnemo
320 1593 385 1667 egit,
401 1591 451 1649 sed
468 1605 500 1650 ut
515 1593 652 1651 evitandae
666 1594 883 1662 innotescerent,
898 1606 926 1651 et
945 1595 1106 1651 vulneribus
1127 1591 1239 1649 adhibe·

154 1701 250 1746 rentur
263 1689 403 1747 remedia:
425 1690 563 1763 numquid
580 1690 615 1749 dc
635 1711 665 1749 re
688 1692 811 1750 humana
828 1712 885 1751 non
898 1694 969 1750 bene
983 1703 1125 1750 merentur
1137 1687 1241 1747 medici

155 1789 205 1859 qui
219 1788 293 1845 soeda
306 1806 425 1860 quasque
438 1790 533 1846 ulcera
546 1799 720 1865 pertractant,
735 1802 763 1847 et
775 1803 806 1847 ut
820 1792 889 1848 alios
898 1792 964 1847 artis
975 1789 1108 1847 medendi
1114 1788 1242 1847 imbuant

156 1887 314 1961 principiis,
335 1905 417 1942 omne
444 1887 521 1959 quod
540 1887 665 1943 hominis
688 1896 732 1942 est
752 1889 903 1962 explicant,
926 1888 1131 1963 suineiunttpre
1152 1882 1241 1941 oeulis

158 1982 347 2039 discentium?
388 1986 551 2043 Purissimae
566 2004 634 2042 sane
648 1987 711 2042 vitre
726 1985 856 2044 Sanchez
871 1985 906 2041 de
919 1985 1098 2042 matrimonio
1116 1982 1243 2039 scribens

158 2099 193 2137 ca
206 2082 336 2155 exposuit
349 2101 411 2154 quae
426 2085 559 2160 pleraque
573 2084 644 2140 scitu
653 2094 718 2141 sunt
727 2086 895 2152 necessaria,
904 2096 936 2141 ut
943 2083 1087 2141 animabus
1098 2080 1242 2139 medeatur

157 2181 206 2251 qui
220 2178 362 2238 difficilem
386 2181 459 2239 hanc
483 2193 571 2238 artem
592 2183 745 2258 profitetur.
787 2181 932 2245 Immerito
956 2202 1022 2239 eum
1043 2182 1169 2252 aliosque
1189 2178 1242 2235 ini·

156 2279 270 2349 quiores
283 2277 313 2334 in
327 2281 546 2347 matrimonium,
556 2290 584 2336 et
597 2281 685 2356 tnrpis
699 2281 866 2338 curiositatis
880 2300 943 2338 reos
962 2280 1090 2356 designat
1102 2279 1119 2334 J
1123 2277 1242 2334 eremias

158 2375 286 2451 Taylor:
302 2379 350 2448 qui
359 2379 484 2450 alioquin
498 2377 597 2436 satetur
609 2397 721 2436 momm
728 2378 907 2455 disciplinam
922 2378 995 2455 apud
1010 2395 1076 2435 suos
1085 2376 1242 2452 neglectam

160 2491 198 2530 ex
212 2492 267 2546 quo
282 2476 468 2534 consessionis
481 2495 550 2532 usus
564 2469 669 2534 viluit¹

200 2576 228 2630 3.
251 2573 314 2630 Prae
325 2575 524 2633 recentioribus
538 2574 657 2632 Ethiees
681 2576 838 2633 auctoribus
862 2578 967 2635 eminet
980 2576 1012 2632 S.
1028 2573 1192 2649 Alphonsus
1207 2569 1242 2628 de

157 2670 283 2747 Ligorio‚
305 2673 355 2744 qni
375 2672 478 2729 saeculo
497 2674 626 2748 proxime
641 2672 737 2749 elapso
752 2673 786 2731 ad
808 2675 894 2732 finem
917 2683 1049 2751 vergente
1063 2671 1158 2728 ssomit
1178 2680 1242 2726 ante

158 2787 246 2825 annos
261 2788 367 2844 paucos
381 2772 468 2828 sacris
488 2771 626 2828 Ecclesiae
647 2771 800 2830 honoribus
820 2785 927 2831 auctus.
970 2771 1120 2830 Evolvisse
1134 2767 1244 2825 videtur

155 2865 241 2945 libros
254 2867 313 2924 sere
334 2887 433 2926 omnes
447 2868 482 2926 de
502 2869 555 2926 hae
576 2869 725 2945 disciplina
744 2880 901 2938 tractantes,
923 2881 951 2927 et
970 2870 1094 2926 scientia
1115 2863 1243 2942 adjunxit

156 2981 249 3022 rerum
263 2967 391 3042 peritiam
405 2987 471 3025 nam
486 2986 536 3044 per
544 2987 632 3025 annos
642 2967 778 3043 plurimos
792 2969 821 3026 in
836 2970 991 3027 animamm
1006 2986 1072 3024 cura
1086 2984 1116 3022 se
1131 2979 1243 3022 exerce·

156 3063 212 3129 bat,
228 3064 298 3122 adeo
312 3076 342 3121 ut
355 3067 479 3124 seientiae
493 3076 521 3124 et
534 3067 660 3124 exercitii
673 3066 779 3124 fruetus
799 3070 828 3126 in
852 3069 1012 3143 Theologia
1033 3065 1138 3125 Morali
1158 3079 1243 3136 quam

159 3163 272 3238 scripsit
281 3164 362 3221 nobis
376 3165 526 3237 reliquerit.
570 3165 654 3223 Hanc
668 3184 781 3242 semper
794 3187 850 3243 prae
865 3169 993 3226 manibus
1007 3166 1166 3230 habuimus,
1176 3160 1243 3217 dum

158 3277 230 3334 opus
254 3261 309 3318 hoc
329 3273 455 3321 nostrum
477 3264 681 3336 qualecumque
703 3284 874 3339 pararemus,
896 3268 1014 3341 ejusque
1041 3262 1243 3334 exscripsimus

158 3375 236 3432 saepe
258 3361 360 3434 saepius
381 3362 474 3430 verba,
495 3373 524 3418 et
543 3363 632 3418 secuti
652 3380 751 3418 sumus
771 3363 889 3418 libenter
909 3361 1117 3423 auctoritatem
1146 3366 1243 3414 nostro

158 3465 252 3513 tamen
266 3458 308 3513 usi
319 3458 437 3534 judicio,
452 3461 530 3517 tenui
542 3459 609 3516 lieet
621 3468 649 3515 et
671 3458 794 3528 infirmo,
809 3461 853 3517 eui
868 3460 938 3517 nihil
952 3459 1074 3535 petimus
1088 3454 1243 3522 fidendum,

157 3554 213 3611 nisi
227 3565 364 3627 quatenus
377 3557 545 3634 suffragetur
559 3559 706 3615 auctoritas
724 3570 752 3615 et
764 3561 902 3617 rationum
917 3568 1070 3617 momenta.

193 3727 235 3793 (l)
255 3727 362 3791 Negotia
379 3730 512 3794 munieque
528 3730 695 3780 ministromrn
711 3739 845 3797 praetexens
863 3731 1047 3781 animadvertit:
1076 3730 1121 3778 “lt
1137 3743 1189 3778 was
1206 3725 1246 3776 tlte

156 3811 204 3860 less
215 3813 314 3862 wonder
326 3813 379 3863 that
389 3814 416 3863 in
428 3814 470 3864 the
482 3814 611 3865 Relormed
623 3815 753 3865 charchas
764 3816 830 3866 thero
843 3815 902 3864 lieth
921 3817 983 3865 been
1001 3831 1028 3863 so
1039 3822 1106 3876 great
1117 3832 1132 3864 a
1143 3813 1246 3877 scercity

156 3892 185 3940 oi
196 3893 273 3943 books
285 3896 313 3944 of
326 3912 394 3946 cases
405 3898 434 3946 ol
446 3899 604 3957 conscience;
622 3899 717 3961 though
729 3900 781 3949 itis
793 3908 836 3949 not
848 3907 873 3949 to
884 3900 913 3947 be
924 3898 1011 3947 denisd
1023 3899 1067 3947 but
1084 3897 1124 3946 the
1144 3895 1247 3945 cerelens

156 3975 203 4025 end
215 3978 325 4028 needless
336 3981 471 4042 neglectos
478 3982 600 4044 receiving
611 3984 703 4048 private
711 3984 862 4033 consessione
874 3982 934 4031 bath
946 3984 1007 4030 been
1019 3989 1059 4029 too
1071 3987 1137 4040 great
1148 3995 1162 4027 a
1173 3994 1247 4029 ause

155 4060 185 4109 of
188 4076 233 4111 our
244 4070 288 4112 not
297 4064 425 4127 providing
432 4066 554 4115 materiale
561 4075 602 4131 apt
614 4068 686 4116 soree
695 4067 766 4132 pioue
774 4067 822 4117 and
834 4067 915 4117 nselul
923 4081 938 4114 a
947 4062 1134 4114 ministration.”
1152 4063 1247 4117 Ductor

156 4143 337 4207 Dubitandum,
349 4163 376 4196 or
388 4148 428 4198 the
440 4148 503 4199 Rule
514 4150 543 4199 os
551 4149 713 4201 conscience.
734 4153 798 4200 Prel-
