2744 4980
189 394 246 451 teo
516 388 573 448 DE
595 385 955 448 DISPENSATIONE.

233 558 282 611 ⁵8.
304 553 399 611 Morte
413 551 604 628 dispensantis
617 572 675 611 non
688 560 801 609 cessant
813 549 955 625 pleraque
969 547 1210 624 dispensationes,
1223 564 1286 608 narn

195 653 371 712 “concessio
398 650 506 730 (quarn,
532 669 598 710 cnm
619 650 775 727 specialem
795 649 913 724 gratiam
938 647 1091 714 contineat,
1112 645 1199 705 decet
1225 663 1285 706 esse

194 748 369 828 mansuram)
384 768 441 808 non
454 750 575 826 expirat,
589 751 676 807 ctiam
688 766 719 805 re
732 748 843 824 integra
861 764 913 824 per
932 746 1040 804 obitum
1053 742 1285 804 concedentis.”¹

196 850 340 909 Ceterum
354 850 380 905 si
402 848 539 924 Superior
562 847 767 924 dispensaverit
779 844 820 905 ad
832 861 923 904 suum
946 843 1120 912 arbitrium,
1135 843 1288 905 veldense

195 950 223 1008 ei
239 946 400 1025 placuerit,
414 955 505 1005 morte
526 944 602 1003 illius
625 946 737 1022 expirat
757 944 949 1021 dispensatio:
970 961 1055 1001 secus
1075 944 1101 1001 si
1113 942 1290 1020 dispensatio

195 1064 333 1106 concessa
345 1046 430 1103 luerit
442 1042 485 1102 ad
497 1042 660 1103 arbitrium
678 1041 765 1102 Sedis
779 1040 970 1121 Apostolica,
985 1041 1033 1100 rel
1052 1041 1207 1120 episcopi,-
1228 1042 1290 1101 hec

197 1146 275 1203 enim
289 1152 400 1203 mortuo
420 1143 571 1211 Pontifice,
585 1143 631 1200 vel
652 1145 801 1219 episcopo,
825 1139 968 1218 perdurat.
1009 1141 1044 1200 ln
1065 1142 1150 1198 rebus
1170 1158 1236 1213 que
1250 1140 1287 1199 ad

194 1242 303 1320 judicia
316 1243 457 1319 pertinent
480 1240 682 1309 “mandatnm,
702 1259 733 1298 re
753 1242 872 1317 integra,
893 1238 1013 1298 Domini
1032 1248 1122 1297 morte
1143 1231 1289 1306 finitur,”²

197 1341 267 1399 adeo
289 1352 321 1399 ut
339 1342 365 1399 si
387 1339 561 1416 dispensatio
583 1358 720 1399 concessa
738 1337 823 1397 suerit
835 1337 871 1395 ad
884 1337 1015 1397 ordinem
1034 1349 1204 1397 consuetum
1213 1336 1291 1415 judi·

198 1439 306 1498 ciorum
320 1438 520 1504 omittendum,
534 1447 562 1494 et
580 1436 726 1515 delegatus
746 1436 878 1496 facultate
892 1437 948 1495 sibi
968 1435 1031 1493 data
1043 1452 1102 1494 non
1116 1437 1235 1513 coperit
1248 1436 1291 1494 uti

197 1548 260 1596 ante
287 1535 469 1597 concedentis
495 1536 614 1603 obitum,
641 1537 749 1594 nullum
778 1534 845 1594 inde
870 1534 1054 1593 commodum
1079 1533 1206 1593 derivare
1234 1534 1292 1591 sibi

197 1638 317 1712 pqterit:
338 1633 389 1692 scd
403 1637 427 1695 si
437 1636 499 1710 jam
513 1635 626 1694 initium
639 1634 783 1707 quoddam
792 1633 896 1710 judicii
909 1634 1046 1710 posuerit,
1060 1634 1164 1711 poterit
1175 1651 1238 1692 rem
1251 1631 1289 1689 ad

196 1735 284 1792 tinem
298 1735 442 1810 prosequi,
457 1734 542 1790 etiarn
554 1731 737 1809 dispensante
751 1741 873 1791 mortuo.

236 1835 285 1890 59.
307 1832 536 1891 Renunciationc
548 1830 770 1909 dispensationis
784 1839 877 1906 potest
889 1831 954 1903 quis
967 1833 1031 1908 ejus
1047 1830 1187 1889 beneficio
1201 1829 1290 1906 spoli·

196 1931 247 1996 ari,
261 1931 332 1988 adeo
345 1942 376 1988 ut
387 1939 487 2007 postea
499 1948 557 1988 non
569 1932 653 1989 liceat
665 1931 721 2007 ipsi
734 1928 839 2002 aliquid
852 1929 919 1988 inde
932 1929 1059 1988 utilitatis
1068 1930 1124 1988 sibi
1134 1929 1290 1988 vindicare.

198 2029 309 2102 Nequit
321 2041 416 2087 tamen
428 2029 531 2102 aliquis
551 2049 618 2089 cum
638 2029 752 2088 alterius
771 2028 887 2098 damno,
902 2027 947 2086 vel
967 2029 1189 2096 communitatis,
1203 2030 1293 2104 cujus

197 2137 241 2185 est
265 2128 436 2195 membrum,
462 2127 641 2196 detrimento,
673 2127 880 2204 dispensationi
905 2129 1077 2186 renuntiare.
1124 2130 1294 2201 Antequam

198 2227 373 2285 renunciatio
386 2246 403 2283 a
415 2227 560 2301 superiore
583 2236 726 2303 acceptata
747 2227 842 2295 tuerit,
863 2226 992 2286 absoluta
1013 2243 1073 2284 non
1090 2235 1144 2294 est,
1164 2225 1293 2298 ideoque

195 2334 290 2402 potest
302 2327 366 2397 quis
380 2324 592 2402 dispensatione
606 2327 657 2384 uti.
700 2325 782 2384 Licet
794 2326 879 2384 etiam
891 2343 926 2382 ea
935 2326 986 2393 uti,
1001 2326 1055 2383 etsi
1069 2326 1134 2398 quis
1147 2326 1174 2383 ei
1186 2342 1293 2383 renun-

196 2424 281 2480 tiasse
295 2422 508 2496 quodaminodo
521 2426 600 2482 visus
621 2425 668 2492 sit,
682 2423 838 2483 dnmmodo
852 2424 881 2482 id
895 2424 945 2481 fiat
957 2424 1063 2482 nullius
1072 2425 1188 2500 juribus
1202 2424 1291 2481 lasis.

198 2519 276 2578 Hinc
290 2523 340 2593 qui
353 2520 532 2597 dispensatus
546 2523 581 2580 ab
593 2522 689 2582 officio
701 2521 802 2581 dirimo
816 2522 886 2580 illud
899 2523 1067 2590 recitaverit,
1082 2533 1178 2599 potest
1190 2533 1294 2600 postea

198 2618 417 2695 dispensationis
431 2620 571 2679 beneficio
584 2621 649 2679 frui.

240 2721 288 2775 60.
310 2718 373 2775 Lex
387 2720 445 2776 vim
459 2737 540 2776 suam
553 2720 687 2778 amittitsi
700 2720 830 2795 superior
848 2729 972 2795 potestas
986 2738 1049 2777 eam
1063 2720 1094 2779 in
1104 2721 1214 2779 irritum
1228 2721 1295 2777 mit·

200 2826 248 2874 tat.
290 2817 340 2874 Sic
360 2836 451 2875 canon
468 2817 582 2875 concilii
603 2816 848 2876 Chalcedonensis
875 2817 910 2875 de
932 2819 1063 2896 episcopi
1089 2818 1295 2877 Constantino·

198 2914 315 2990 politani
342 2915 498 2992 privilegiis
521 2917 615 2975 irritus
638 2916 727 2976 iactus
748 2927 792 2975 est
811 2937 827 2974 a
853 2917 885 2974 S.
905 2917 1005 2977 Leone
1023 2918 1068 2977 Μ.
1109 2917 1294 2994 Abrogantur

198 3014 282 3070 etiam
296 3013 375 3088 leges
390 3015 451 3088 jam
472 3015 611 3090 vigentes,
632 3015 678 3073 vel
700 3016 864 3092 Superioris
887 3018 1060 3085 auctoritate,
1084 3017 1131 3076 vel
1152 3019 1294 3074 contraria

197 3110 402 3169 consuetudine
416 3129 464 3169 eas
479 3114 689 3188 prescribente,
704 3113 751 3172 vel
763 3115 873 3191 legibus
883 3116 1087 3189 posterioribus
1096 3133 1145 3173 eas
1154 3133 1295 3191 expresse

199 3212 244 3267 rel
258 3212 341 3268 tacite
355 3211 561 3270 revocantibus.
603 3212 751 3289 Speciales
764 3215 912 3290 regionum
926 3214 1004 3291 leges
1023 3214 1135 3291 legibus
1147 3215 1296 3272 universa·

197 3309 272 3368 libus
286 3312 424 3386 abrogatae
438 3310 514 3369 haud
533 3321 694 3382 censentur,
715 3314 772 3372 nisi
792 3329 927 3387 expresse
947 3325 1125 3380 revocentur,
1140 3332 1195 3372 nec
1215 3314 1295 3370 enim

199 3408 305 3466 suffieit
318 3409 444 3468 clausula
457 3412 617 3486 generalis:
640 3418 725 3470 “uon
745 3412 873 3470 obstante
893 3430 1074 3486 quacumque
1093 3412 1157 3489 lege
1171 3413 1296 3490 particu-

197 3505 281 3562 lari.”
324 3508 356 3563 Si
371 3510 526 3585 superioris
547 3511 695 3568 auctoritas
715 3509 858 3568 inferioris
872 3511 979 3587 prelati
999 3511 1107 3588 legibus
1128 3512 1295 3575 accesserit,

198 3617 304 3662 norum
325 3607 474 3680 majusque
497 3607 582 3664 robur
603 3609 639 3666 iis
661 3607 820 3676 tribuendo,
842 3611 943 3683 nequit
964 3609 1012 3669 hic
1033 3630 1081 3669 eas
1104 3629 1158 3669 suo
1182 3610 1297 3668 arbitrio

200 3702 308 3770 tollere,
323 3703 460 3762 habentur
473 3706 550 3763 enirn
564 3717 707 3778 tamquam
727 3709 884 3783 superioris
905 3710 1004 3787 leges:
1026 3728 1110 3768 secus
1123 3711 1150 3767 si
1163 3709 1297 3787 superior

196 3802 274 3879 leges
287 3792 404 3861 honoris
418 3813 525 3862 tanturn
538 3823 623 3863 causa
639 3804 820 3864 confirmarit.
862 3807 956 3885 Leges
973 3808 1143 3868 dioecesanae
1167 3809 1214 3867 vel
1227 3825 1297 3885 pro·

197 3902 342 3968 vinciales,
356 3904 409 3960 etsi
423 3903 575 3963 Pontificia
588 3905 740 3963 accesserit
758 3907 945 3975 confirmatio,
967 3918 1101 3986 poterunt
1119 3907 1295 3985 plerumque

199 4002 273 4059 solvi
287 4004 395 4076 absque
416 4005 499 4063 venia
518 4005 679 4081 pontificis:
701 4006 757 4064 nisi
776 4006 896 4082 speciali
916 4007 1038 4080 quadarn
1059 4009 1168 4067 ratione
1177 4009 1301 4084 jusserit

198 4116 246 4154 eas
256 4101 421 4159 servandas.

232 4281 320 4347 (ll-0.
331 4287 417 4335 xxxvi.
427 4286 607 4354 deprehendis
619 4291 645 4340 iu
655 4292 677 4338 6.
694 4342 697 4351 ,
825 4294 867 4357 (2)
888 4289 955 4356 Lege
966 4307 1006 4344 xv.
1019 4291 1119 4354 Codice,
1132 4292 1262 4345 Mendeti.
