2744 4980
199 391 256 447 116
492 382 549 441 DE
571 379 736 448 QUINTO
755 375 1008 440 PRAECEPTO.

197 560 347 616 naverunt,
361 557 476 625 propter
488 566 608 624 regnum
618 540 808 612 coelorum;”¹
822 553 936 602 nonest
955 551 1039 620 prout
1054 554 1136 602 sonat
1149 547 1290 622 accipien-

196 650 274 719 dum,
288 650 329 707 uti
342 648 483 723 colligitur
495 665 532 705 ex
545 665 580 704 eo
599 645 676 717 quod
695 645 905 720 distinguuntur
917 644 984 700 ab‘'
965 661 1001 701 ns
1015 644 1064 714 qui
1078 645 1112 700 ab
1125 645 1290 703 hominibus

196 750 262 809 sacti
275 757 349 815 sunt,
364 757 392 803 et
404 755 512 802 constat
525 742 674 802 manifestd
694 761 731 801 ex
752 753 862 819 patrum
882 741 1041 799 veneranda
1060 737 1249 812 auctoritate,²
1262 753 1291 801 et

196 848 336 907 Ecclesiae
350 854 487 922 perpetuo
501 861 597 908 senem
612 842 663 899 sed
676 842 711 898 de
724 843 781 899 vita
796 842 896 899 coelibe
916 850 1030 917 propter
1042 859 1162 917 regnum
1176 843 1291 900 coeleste

195 957 335 1021 suscepta.
378 943 548 1017 lrregulares
562 951 629 997 sunt
641 942 690 1013 qui
707 951 813 998 temere
833 950 862 996 et
880 950 980 1015 sponte
995 940 1115 996 mutilati
1129 952 1211 998 sunt:
1233 960 1291 998 non

197 1054 290 1103 eutem
311 1043 360 1114 qui
373 1041 453 1098 inviti
466 1040 512 1097 vel
525 1039 700 1097 medicomm
710 1041 813 1117 jussu3
834 1057 899 1095 nam
919 1039 1021 1115 injuria
1034 1056 1119 1109 quarn
1133 1041 1212 1115 passi
1225 1050 1290 1097 sunt

196 1151 344 1217 augeretur
354 1158 447 1215 poena,
463 1149 491 1194 et
503 1139 657 1195 necessitas
671 1140 721 1195 toti
735 1137 846 1214 corpori
860 1136 1026 1195 consulendi
1039 1148 1157 1194 excusat
1170 1138 1289 1195 medicis

196 1241 447 1314 obtemperantem.
479 1238 597 1294 Obtinet
610 1237 714 1294 alicubi
727 1255 789 1295 mos
802 1247 834 1295 ut
847 1237 928 1311 pueri
941 1237 1125 1294 evirationem
1139 1238 1290 1311 patiantur,

195 1337 230 1396 ud
250 1338 327 1394 vocis
341 1337 505 1393 suavitatem
527 1330 781 1393 conservandam2³
801 1353 888 1407 quem
907 1335 1032 1411 theologi
1053 1335 1183 1392 nonnulli
1204 1353 1290 1392 excu-

195 1436 305 1494 santob
321 1445 419 1491 cantus
440 1435 623 1491 ecclesiastici
643 1435 786 1502 utilitates,
807 1453 843 1491 ne
865 1434 978 1491 feminae
1003 1434 1071 1490 viris
1092 1433 1226 1492 admixtae
1247 1452 1293 1489 ca·

195 1544 271 1600 nant,
285 1543 369 1608 prout
382 1531 456 1607 opud
469 1552 539 1590 nos:
560 1533 608 1589 alii
627 1528 787 1591 damnant.⁴
827 1533 853 1589 Α
873 1551 959 1589 sensu
980 1533 1164 1604 moribusque
1185 1532 1292 1590 nostris

195 1651 311 1708 prorsus
325 1631 474 1688 abhorret:
497 1630 547 1687 sed
560 1640 589 1686 et
601 1650 696 1689 mores
710 1633 809 1698 nostri,
824 1632 928 1702 quibus
949 1631 1063 1688 feminae
1084 1650 1150 1689 cum
1163 1632 1231 1688 viris
1246 1649 1293 1688 ca·

195 1740 275 1797 nunt,
290 1748 392 1803 magua
404 1730 517 1806 pariunt
529 1729 720 1787 incommoda.

238 1833 305 1885 129.
328 1828 431 1885 Utrum
448 1827 515 1883 alias
528 1827 611 1883 liceat
629 1846 660 1884 se
683 1827 822 1895 mutilare,
838 1846 953 1885 manum
973 1826 1162 1903 praecidendo,
1183 1845 1291 1893 aurem,

196 1945 307 1993 nasum,
322 1926 367 1982 vel
375 1926 451 1984 aliud
464 1926 632 1993 membmm,
647 1926 681 1983 ad
695 1925 864 2001 placandum
879 1936 1040 2001 tyrannum,
1055 1924 1131 1981 etad
1144 1925 1293 1983 vitandum

194 2036 324 2091 mortem,
339 2024 497 2099 disputatur
509 2025 581 2081 intcr
590 2025 747 2101 theologos,
759 2025 902 2082 nonnullis
913 2024 1090 2100 negantibus,
1102 2042 1190 2095 quum
1201 2024 1292 2082 homo

194 2141 252 2181 non
273 2125 310 2181 sit
321 2141 437 2180 suorum
461 2124 652 2180 membromm
672 2123 824 2189 dominus;
845 2123 907 2180 aliis
927 2123 1142 2189 affirmantibus,
1164 2121 1290 2194 eoquod

195 2224 232 2282 sit
244 2218 355 2280 homini
370 2222 419 2298 jus
432 2223 519 2278 vitam
539 2221 669 2279 servandi
682 2241 748 2279 cum
769 2223 892 2297 partium
912 2222 1039 2297 corporis
1049 2223 1170 2297 jactura.
1212 2221 1291 2278 luter

194 2321 248 2380 hos
263 2321 381 2378 Lessius
401 2330 573 2386 numeratur,
595 2321 645 2393 qni
667 2330 696 2377 et
716 2329 826 2377 sanctus
848 2318 943 2378 laudat
965 2321 1100 2396 virgines,
1122 2338 1185 2391 quae
1208 2338 1292 2377 nares

195 2420 248 2476 sibi
261 2418 449 2494 prosciderunt
462 2417 497 2473 ad
509 2419 668 2476 evitandam
681 2419 864 2494 petulantiam
878 2415 1017 2494 tyranni.⁵

236 2522 303 2574 130.
325 2517 440 2592 AEgroti
454 2517 503 2587 qui
516 2516 752 2574 remediatemere
765 2527 896 2575 recusant
906 2517 1047 2584 adhibere,
1058 2535 1125 2574 oum
1135 2515 1290 2574 manifesto

194 2616 258 2673 vitae
271 2615 444 2682 discrimine,
459 2616 508 2671 vix
521 2624 693 2673 excusantur
712 2636 729 2672 a
749 2626 865 2690 peccato
884 2615 991 2683 lethali,
1013 2623 1032 2651 “
1043 2636 1060 2673 a
1072 2615 1137 2673 Deo
1155 2624 1199 2672 est
1211 2615 1291 2673 enim

195 2714 288 2773 omnis
309 2714 634 2771 medela.·-llltissimus
660 2715 765 2771 creavit
792 2714 827 2771 dc
850 2724 923 2772 terra
949 2714 1164 2782 medicamenta,
1194 2724 1223 2770 et
1247 2716 1291 2772 vir

194 2813 319 2889 prudens
332 2831 390 2870 non
403 2814 562 2871 abhorrebit
574 2807 671 2870 illa.’'⁶
712 2821 730 2848 ‘⁸
743 2813 884 2882 Verum,’'
900 2815 992 2885 inquit
1005 2814 1117 2889 Mayol,
1133 2821 1152 2848 “
1162 2814 1286 2885 quiavix

193 2910 228 2968 de
242 2911 296 2969 hoc
311 2910 447 2990 (remedii
466 2911 577 2970 scilicet
597 2910 749 2990 ffcacim)
767 2912 864 2970 haberi
878 2921 970 2988 potest
987 2911 1138 2977 certitudo,
1153 2911 1216 2969 ideo
1230 2930 1290 2970 non

193 3008 324 3067 videntur
336 3011 371 3067 de
385 3023 501 3085 peccato
523 3011 618 3067 lethali
632 3011 795 3080 damnandi,
809 3013 858 3082 qui
872 3011 901 3069 in
914 3012 1079 3069 universum
1095 3012 1129 3067 ab
1148 3012 1282 3068 omnihus

230 3214 273 3279 (l)
293 3213 364 3263 Mutt.
376 3214 426 3263 xix.
440 3216 478 3263 12.

229 3299 271 3363 (2)
291 3299 317 3348 S.
330 3301 441 3349 Ambros.
459 3300 475 3349 l.
492 3299 522 3348 de
538 3299 625 3359 viduis,
643 3315 695 3364 cup.
708 3300 759 3349 xiii.
776 3299 803 3351 S.
822 3300 928 3362 August
940 3299 957 3348 l.
975 3300 1007 3348 vi.
1019 3306 1104 3348 contra
1128 3298 1292 3349 Julieuumc.

193 3383 241 3432 xiv.
254 3385 394 3434 §.Basilius
406 3387 421 3433 l.
435 3385 465 3434 de
477 3402 532 3434 vern
540 3385 695 3447 virginitate,
706 3395 730 3435 et
740 3402 778 3449 ep.
788 3390 828 3435 87.
838 3385 865 3434 S.
873 3385 1041 3449 Chrysostom.
1050 3384 1117 3434 hom.
1126 3384 1179 3434 lxii.
1191 3385 1216 3434 in
1230 3383 1293 3434 Mat

193 3482 218 3516 u.
230 3468 252 3515 3.
287 3476 301 3497 “
313 3467 361 3516 We
373 3469 435 3518 have
448 3470 467 3518 it
478 3470 538 3518 t'rom
551 3486 596 3519 our
608 3470 713 3520 Seviour
722 3470 825 3529 himself,
837 3471 862 3519 iu
875 3470 928 3519 thut
940 3487 996 3534 very
1006 3469 1105 3534 chapter
1117 3468 1197 3518 where
1209 3468 1240 3517 he
1252 3469 1291 3519 in·

190 3549 296 3600 culeetes
308 3551 349 3600 the
357 3552 496 3601 institution
508 3554 536 3601 ol
549 3553 674 3615 marriage,
691 3555 744 3603 thot
754 3570 781 3603 ee
795 3553 862 3603 there
879 3569 925 3615 ore⁴
937 3570 1005 3608 some
1017 3570 1117 3618 persons
1129 3553 1185 3602 who
1200 3570 1240 3602 ure
1253 3553 1292 3603 in·

191 3633 339 3697 capacitated
357 3634 394 3683 sor
407 3636 427 3684 it
444 3637 474 3699 by
487 3645 580 3694 nature,
600 3637 647 3685 und
668 3637 748 3687 othere
759 3637 816 3686 who
832 3636 895 3686 heve
907 3639 966 3687 been
985 3637 1056 3687 mode
1078 3654 1106 3687 ro
1124 3639 1155 3701 hy
1169 3653 1243 3697 men3
1261 3654 1290 3688 so

192 3716 259 3767 there
271 3733 311 3766 ere
323 3735 390 3767 some
403 3718 458 3768 who
471 3720 506 3768 sor
525 3719 565 3768 the
582 3721 700 3782 kingdom
713 3722 742 3770 ot'
755 3719 833 3770 God’o
850 3721 908 3771 eolre
924 3721 987 3771 heve
1005 3723 1119 3784 obridged
1141 3722 1289 3772 themselves

193 3801 222 3850 os
229 3800 270 3850 the
283 3817 326 3850 use
335 3802 363 3850 os
377 3803 403 3862 it,
415 3803 462 3851 und
475 3802 543 3851 those
555 3802 608 3852 that
619 3819 666 3852 ocu
677 3804 770 3854 receive
780 3804 800 3854 it
811 3820 852 3853 ere
861 3805 989 3868 permitted
997 3808 1030 3870 by
1038 3821 1083 3856 our
1092 3804 1198 3856 Seviour
1210 3813 1236 3856 to
1256 3805 1290 3855 do

195 3884 239 3935 it.”
260 3887 414 3944 'l'rowcrson
424 3887 580 3952 Explicution
592 3888 620 3936 oi
634 3888 782 3950 Deculogue,
793 3905 817 3953 p.
842 3891 903 3939 383.

227 3971 269 4036 (3)
284 3970 375 4020 Bened.
389 3974 436 4022 riv.
448 3973 477 4021 do
489 3990 543 4036 syn.
554 3972 617 4023 dioc
629 3975 644 4022 l.
653 3973 687 4021 xi.
698 3989 719 4022 c.
729 3974 769 4022 vii.

229 4054 258 4118 (4
287 4055 371 4118 Muyol
385 4057 477 4121 Expos.
489 4073 512 4105 v.
525 4073 594 4122 pree.
608 4067 650 4108 nrt.
662 4058 694 4106 iv.
708 4061 721 4115 ς
732 4062 755 4105 2
768 4059 814 4107 sub
825 4057 909 4109 tinem.

229 4057 272 4203 (hi
292 4140 348 4186 De
338 4141 433 4204 Justitiu
445 4143 565 4207 etjure,§
576 4143 599 4192 ii.
612 4161 633 4192 c
644 4143 678 4192 ix.
713 4141 778 4192 Dub.
792 4142 841 4191 xiv.

229 4222 272 4287 (6)
295 4223 368 4273 Ecoli
381 4225 483 4276 xxxviii.
493 4229 516 4274 2
528 4228 553 4277 4
