2744 4980
609 1120 749 1182 CAPUT
770 1122 809 1180 X.

491 1349 536 1389 DE
566 1350 688 1390 SEXTO
716 1346 939 1390 PRAEcsPTo.

571 1515 652 1566 “Non
666 1512 845 1567 moechaberis.''

209 1682 275 1736 139.
297 1679 511 1744 Aomrsamrs,
533 1679 642 1736 scilicet
661 1678 827 1737 concubitus
848 1678 900 1734 viri
914 1695 978 1734 cum
999 1676 1115 1742 femina,
1136 1694 1262 1748 quorum

166 1778 295 1835 alteruter
309 1776 353 1833 vel
367 1787 483 1847 uterque
497 1777 534 1833 sit
546 1777 671 1852 conjugii
682 1776 795 1834 vinculo
806 1776 884 1833 alteri
896 1776 1009 1852 ligatus,
1020 1785 1102 1832 sexto
1115 1783 1262 1851 praecepto

166 1875 338 1951 prohibetur.
382 1875 477 1951 Hujus
492 1875 617 1931 criminis
632 1877 737 1933 malitia
750 1894 786 1932 ex
805 1894 840 1932 eo
860 1884 936 1948 patet
955 1873 1031 1945 quod
1045 1874 1116 1930 fides
1130 1875 1263 1950 conjugii

166 1974 296 2040 violetur,
310 1974 385 2030 haud
398 1975 460 2030 sine
474 1974 604 2049 conjugis
618 1975 785 2050 gravissima
804 1973 916 2048 injuria,
931 1984 958 2029 et
978 1975 1085 2030 incerta
1104 1991 1182 2048 saepe
1198 1972 1260 2029 red·

165 2071 246 2128 datur
259 2073 363 2146 proles,
377 2082 405 2128 et
418 2072 497 2129 oneri
510 2072 629 2129 alienam
644 2071 899 2149 prolemeducandi
909 2074 1025 2130 maritus
1039 2090 1263 2143 nonnumquam

165 2170 338 2246 subjiciatur,
362 2171 406 2228 vel
432 2169 526 2246 proles
552 2172 630 2228 omni
654 2171 829 2229 educationis
855 2170 982 2229 subsidio
1009 2181 1111 2227 eareat.
1164 2169 1263 2232 Grave

166 2269 275 2326 crimen
297 2277 349 2337 est,
371 2278 542 2345 quapropter
562 2269 629 2336 lob,
644 2289 674 2326 se
698 2289 732 2328 eo
752 2271 910 2327 immunem
923 2289 986 2327 esse
1000 2269 1155 2336 affirmans,
1172 2268 1260 2326 dicit:

168 2368 231 2423 “Si
247 2367 398 2444 deceptum
413 2377 456 2424 est
479 2385 637 2425 cormeum
660 2388 746 2444 super
765 2370 894 2434 muliere,
909 2378 937 2424 et
956 2370 981 2426 si
1002 2367 1036 2424 ad
1057 2369 1163 2425 ostium
1179 2367 1264 2427 amici

165 2469 222 2524 mei
237 2466 385 2523 insidiatus
405 2465 588 2523 sum—Hoc
609 2469 686 2524 enim
707 2469 785 2524 nefas
805 2477 858 2533 est,
877 2476 908 2524 et
927 2468 1061 2539 iniquitas
1080 2460 1259 2524 maxima.”¹

167 2565 298 2623 Mulieris
329 2563 459 2621 adultera:
490 2564 628 2639 flagitium
660 2575 812 2641 exaggerat
843 2565 1085 2623 Ecclesiasticus:
1121 2564 1264 2622 “Mulier

165 2665 260 2722 omnis
282 2664 445 2735 relinquens
459 2663 552 2720 vimm
575 2682 669 2731 suurn,
693 2674 721 2720 et
742 2673 868 2721 statuens
890 2662 1083 2721 haereditatem
1105 2682 1142 2721 ex
1167 2663 1262 2720 alieno

166 2763 361 2821 matrimonio:
384 2759 474 2836 primd
489 2762 566 2818 enim
579 2763 608 2819 iu
621 2762 684 2838 lege
696 2763 835 2819 Altissimi
849 2762 1022 2819 incredibilis
1036 2762 1108 2830 suit;
1130 2759 1259 2819 secundd

168 2862 198 2918 in
211 2862 303 2918 virum
323 2879 407 2917 suum
419 2859 555 2931 deliquit:
578 2859 656 2917 tertid
677 2863 707 2919 in
729 2860 864 2918 adulterio
887 2861 1022 2918 fornicata
1041 2870 1093 2927 est,
1108 2871 1136 2917 et
1156 2879 1194 2917 ex
1208 2860 1263 2916 alio

166 2960 228 3016 viro
242 2960 315 3015 filios
329 2959 423 3015 statuit
435 2951 539 3015 sibi.”²
580 2959 671 3016 Poena
689 2960 788 3017 mortis
808 2960 920 3031 utrique
940 2958 1067 3016 adultero
1087 2959 1178 3017 veteri
1198 2958 1260 3033 lege

167 3057 386 3115 decernebatur:
409 3056 473 3113 “Si
487 3057 644 3114 moechatus
658 3059 722 3131 quis
733 3058 817 3114 suerit
830 3077 894 3114 cum
904 3075 993 3115 uxore
1007 3056 1132 3125 alterius,
1141 3067 1171 3117 et
1184 3055 1260 3112 adul-

168 3159 269 3214 terium
282 3155 484 3231 perpetraverit
503 3174 568 3214 cum
588 3158 709 3233 conjuge
729 3156 853 3231 proximi
872 3157 927 3223 sui,
948 3163 1037 3213 morte
1059 3154 1214 3213 moriantur
1234 3164 1262 3210 et

169 3255 297 3314 muschus
311 3264 340 3311 et
362 3246 532 3311 adultera.’'³
573 3255 700 3313 AEternae
715 3256 813 3312 mortis
828 3272 941 3328 poenam
960 3253 1092 3312 adulteris
1107 3252 1262 3330 Apostolus

168 3357 275 3432 passim
290 3355 429 3411 minatur:
453 3361 472 3387 “
483 3352 658 3412 Honorabile
673 3355 847 3413 connubium
863 3355 890 3412 in
905 3354 1046 3418 omnibus,
1061 3365 1090 3412 et
1102 3354 1201 3410 thorus
1212 3353 1263 3409 im·

169 3454 332 3513 maculatus.
376 3452 573 3510 Fomicatores
588 3454 664 3511 enim
678 3462 707 3510 et
716 3452 854 3509 adulteros
864 3452 1003 3531 judicabit
1013 3444 1145 3511 Deus.'’⁴
1186 3459 1205 3487 ‘⁴
1215 3450 1263 3508 Ne

168 3552 232 3624 quis
251 3548 488 3626 supergrediatur,
510 3570 603 3622 neque
617 3552 818 3608 circumveniat
836 3552 866 3608 in
886 3552 1000 3628 negotio
1023 3548 1059 3630 (εν
1072 3572 1107 3609 τω
1118 3543 1261 3624 πραγματι)

168 3651 282 3709 fratrem
295 3667 396 3704 suum:
419 3649 553 3718 quoniam
562 3648 666 3706 vindex
676 3660 719 3706 est
729 3649 873 3708 Dominus
884 3650 917 3707 de
929 3651 974 3707 his
986 3642 1169 3707 omnibus.’'⁵
1217 3643 1263 3703 De

169 3769 199 3808 re
213 3747 332 3806 maritali
345 3746 390 3823 agi
404 3763 441 3801 ex
461 3756 593 3804 contextu
614 3748 719 3818 liquet:
740 3749 866 3806 hortatus
880 3750 956 3807 enim
977 3757 1037 3806 erat
1050 3745 1207 3822 Apostolus
1229 3762 1265 3801 ne

171 3850 245 3922 quis,
259 3847 435 3904 ethnicorum
450 3845 547 3913 instar,
559 3845 671 3904 libidini
685 3865 716 3904 se
730 3846 853 3904 dederet.

214 3952 280 4006 140.
300 3945 438 4004 Adulterii
451 3945 557 4002 malitia
575 3954 679 4014 manet,
693 3946 759 4004 licet
772 3946 878 4022 conjux
898 3963 978 4002 suam
999 3945 1132 4020 injuriam
1146 3957 1266 4000 eonsen-

207 4134 248 4198 (1)
268 4133 315 4182 Job
328 4133 394 4184 xxxi.
406 4135 428 4180 9.
443 4133 481 4181 ll.
760 4133 803 4198 (2)
822 4132 889 4181 Eccl.
904 4129 971 4178 xxiii.
984 4132 1024 4179 32.

208 4220 251 4284 (3)
272 4217 351 4267 Lavit.
364 4233 405 4267 xx.
420 4218 459 4267 10.
762 4219 804 4282 (4)
824 4217 887 4266 Heb.
900 4215 950 4263 xiii.
963 4217 986 4262 4.

208 4305 251 4369 (5)
272 4302 283 4350 1
297 4301 385 4353 Thess.
400 4305 431 4353 iv.
446 4308 470 4354 6.
505 4304 604 4354 Videat
618 4306 627 4351 l
641 4302 696 4352 Cor.
710 4303 740 4351 vi.
754 4304 780 4351 9.
