2744 4980
374 452 432 513 DE
453 402 663 514 Paconius
684 452 972 515 CAPITALIBUS.
1168 461 1228 516 alt

124 624 276 700 contingat
294 623 404 695 absque
427 622 487 681 ulla
508 622 701 683 commotione
723 641 827 681 sensns
849 624 974 690 venerei,
990 622 1096 682 nullam
1117 622 1225 681 inducit

128 720 255 798 culpam.
298 720 506 781 Omnisautem
520 722 651 785 notabilis
672 720 817 781 distillatio
836 724 1059 782 commotionem
1074 722 1224 799 spirituum

130 818 300 896 genitalium
314 838 412 880 secum
426 822 489 887 sert,
503 833 532 879 at
544 819 662 898 proinde
675 821 728 879 sub
739 823 818 898 gravi
832 822 945 881 vitanda
958 831 1012 890 eat,
1032 839 1120 895 quum
1134 821 1171 878 sit
1183 821 1225 878 in·

133 918 238 976 choata
251 919 379 992 quedam
393 920 522 996 pollutio.
1141 980 1151 999 ἵ

172 1021 224 1074 88.
247 1017 354 1076 Samen
376 1020 438 1096 jarn
457 1029 619 1095 corruptum
650 1018 826 1079 medicorum
849 1019 960 1098 judicio
978 1021 1046 1079 licet
1070 1019 1224 1096 expellere,

128 1117 212 1192 juxta
226 1116 323 1192 pluras
342 1117 501 1195 theologos,
521 1116 607 1176 modo
620 1118 726 1194 expelli
746 1122 838 1196 possit
856 1120 961 1193 absque
980 1118 1106 1178 libidinis
1126 1137 1222 1177 sensu.
1300 1178 1314 1210 .·

132 1214 209 1273 Sunt
221 1217 306 1274 etiam
321 1216 370 1288 qui
382 1217 481 1278 dicunt
493 1216 528 1275 ad
542 1217 709 1276 servandam
722 1219 807 1278 vitam
828 1219 913 1278 licere
927 1217 1097 1277 medicinam
1112 1235 1225 1277 sumere

132 1331 191 1386 qua
210 1327 406 1391 cormmpatur
433 1335 544 1384 semen,
564 1327 597 1374 ut
625 1327 724 1393 postea
743 1318 909 1394 expellatur.
952 1318 1110 1390 Nunquam
1129 1327 1222 1374 autern

130 1412 198 1471 licet
210 1413 395 1473 confricando
408 1432 508 1474 semen
531 1417 585 1474 etei
607 1426 770 1492 corruptum
791 1417 945 1493 expellere,
965 1415 1131 1475 confricatio
1144 1418 1221 1474 enim
1325 1460 1340 1485 .

131 1520 151 1546 “
164 1511 255 1570 tendit
267 1513 302 1571 de
322 1531 353 1570 se
374 1513 410 1572 ad
428 1515 652 1573 commovendos
664 1515 788 1590 'spiritus
808 1515 947 1583 carnales,
960 1526 990 1573 et
1008 1520 1221 1574 semen'verum

132 1611 349 1687 expellendum,
364 1613 440 1685 quod
455 1632 610 1687 numquam
620 1625 663 1672 est
675 1609 830 1671 licitum.'’¹

171 1714 222 1768 89.
245 1711 279 1768 Si
292 1712 412 1787 pollutio
425 1714 455 1770 in
468 1732 572 1771 somno
586 1713 732 1790 inceperit,
746 1714 824 1771 nulla
843 1714 946 1790 praevia
967 1712 1031 1769 data
1043 1731 1138 1780 causa,
1152 1724 1181 1771 et
1193 1714 1223 1770 iu

131 1809 231 1887 vigilia
250 1810 409 1885 semiplena
427 1813 616 1878 continuetur,
638 1813 687 1885 qui
707 1830 769 1870 eam
790 1813 895 1885 absque
916 1813 1002 1889 plena
1021 1811 1223 1872 deliberatione

131 1910 280 1986 experitur
293 1928 358 1968 cum
372 1910 465 1984 aliqua
477 1913 523 1970 eui
536 1912 734 1978 delectatione,
749 1912 852 1988 poterit
865 1929 881 1967 a
894 1912 972 1993 gravi
986 1910 1070 1987 culpa
1082 1912 1222 1969 excusari.

133 2008 165 2066 si
180 2022 276 2067 autern
291 2009 411 2086 vigilans
427 2011 487 2086 ipse
502 2013 631 2088 patiatur,
653 2012 759 2082 absque
779 2011 875 2083 aliquo
894 2028 1054 2070 consensus
1068 2012 1097 2068 iu
1111 2028 1225 2088 pravam

132 2106 349 2166 delectationem
363 2110 499 2184 periculo,
521 2111 719 2186 pollutionem,
741 2128 804 2183 quae
824 2111 855 2168 in
874 2127 977 2168 somno
991 2110 1144 2186 inceperat,
1159 2127 1225 2166 reus

134 2225 190 2265 nou
202 2217 264 2264 eet:
287 2208 384 2279 “quia
397 2205 596 2269 difficillimum
609 2219 652 2266 est
665 2220 790 2269 avertere
800 2209 908 2266 exitum
921 2210 1040 2267 seminis
1049 2210 1109 2284 jam
1124 2227 1140 2265 e
1153 2209 1226 2266 lum·

133 2305 176 2363 bie
190 2305 304 2365 decisi.
321 2347 328 2364 .
344 2316 403 2365 tum
417 2310 483 2380 quia
503 2328 560 2367 non
581 2320 691 2366 tenetur
710 2326 840 2383 persona,
855 2326 920 2365 curn
939 2308 1066 2383 periculo
1083 2307 1172 2365 morbi
1191 2325 1228 2364 ex

135 2406 247 2463 semine
261 2415 393 2482 corrupto
406 2416 523 2475 retento,
538 2404 708 2465 effirsiouem
729 2407 805 2465 illam
827 2402 1013 2482 impedire.”²
1053 2404 1114 2464 Cor
1132 2416 1227 2464 tamen

132 2503 163 2562 td
179 2504 277 2563 Deum
291 2503 471 2564 evehendum
485 2517 540 2573 est,
554 2506 622 2564 dum
636 2507 700 2579 quis
715 2507 745 2563 in
764 2515 840 2564 tanto
856 2505 982 2583 periculo
997 2525 1090 2581 prava
1104 2505 1224 2586 delecta·

132 2604 217 2661 tionis
232 2605 424 2662 constituitur.

170 2707 223 2761 90.
247 2703 353 2778 Optare
373 2704 409 2760 ob
429 2705 516 2762 finem
542 2705 712 2762 honestum:
743 2723 780 2761 v:
810 2723 843 2780 g:
873 2702 908 2760 ad
928 2703 1109 2762 minuendam
1141 2714 1226 2760 tenta-

129 2802 251 2870 tionem,
275 2813 307 2860 ut
338 2814 438 2860 natura
458 2815 559 2880 sponte
583 2822 614 2860 sc
638 2813 783 2869 exoneret,
811 2803 940 2874 quamvis
963 2802 1156 2878 periculosum
1180 2803 1225 2865 sit,

129 2900 239 2959 lethale
265 2911 359 2960 tamen
389 2921 446 2960 uon
467 2902 584 2968 videtur,
606 2901 762 2959 dummodo
788 2901 852 2973 quis
873 2918 987 2977 pravam
1010 2900 1226 2958 delectationem

130 3003 256 3058 omuino
281 3012 403 3078 respuat.
447 3000 592 3060 Gaudium
605 3003 691 3058 etiarn
711 3001 747 3059 de
768 3000 922 3076 pollutione
936 3018 999 3073 quac
1019 3001 1125 3072 absque
1146 2999 1229 3075 culpa

128 3101 262 3176 contigit,
279 3110 376 3158 natura
390 3119 421 3158 se
435 3112 535 3177 sponte
549 3111 732 3168 exonerante,
752 3098 838 3158 modo
858 3117 916 3157 non
930 3117 967 3156 ex
980 3117 1082 3158 somno
1096 3100 1169 3174 turpi
1183 3100 1227 3155 vel

130 3208 208 3256 tactu
225 3201 340 3275 proprio
361 3200 398 3256 sit
419 3214 488 3264 orta,
503 3215 664 3267 excusatur,
680 3202 704 3257 si
725 3200 788 3273 quis
809 3199 958 3258 utilitatem
978 3197 1045 3256 iude
1064 3197 1227 3260 derivatam,

130 3299 245 3356 scilicet
273 3299 318 3356 vel
346 3299 506 3356 tentationis
536 3298 766 3365 diminutionem,
787 3298 831 3355 vel
861 3294 1030 3354 valetudinis
1058 3295 1226 3371 profectum,

130 3384 278 3472 respiciat.
322 3397 437 3455 Rectius
452 3397 578 3455 dicemus
591 3398 676 3455 licere
690 3398 725 3455 dc
739 3397 814 3454 bono
827 3395 940 3462 effectu,
956 3395 1006 3467 qui
1020 3414 1057 3452 ex
1071 3394 1227 3471 pollutione

132 3497 325 3554 involuntaria
336 3498 375 3554 'sit
387 3508 475 3563 ortua,
491 3489 638 3574 gaudere.³

174 3589 225 3653 91.
247 3596 371 3654 Pollutio
392 3616 454 3668 quse
476 3599 604 3672 provenit
623 3614 660 3653 cx
681 3595 775 3653 causis
789 3595 951 3670 gravitaret
970 3595 1101 3669 proxime
1121 3595 1152 3652 iu
1165 3613 1226 3651 earn

132 3694 330 3763 influentibus,
356 3707 385 3753 et
408 3696 506 3771 positis
528 3695 633 3767 absque
652 3696 831 3760 necessitate,
853 3694 945 3770 gravis
959 3695 1109 3770 estoulpa.
1153 3693 1230 3750 Hinc

132 3795 183 3865 qui
197 3795 341 3870 polluitur,
356 3793 424 3851 durn
439 3795 545 3866 absque
557 3797 724 3853 necessitate
738 3794 842 3870 cogitat
861 3793 980 3850 libenter
993 3792 1028 3850 de
1042 3795 1128 3850 rebus
1144 3810 1226 3849 venc-

171 3967 214 4031 (l)
234 3967 261 4016 S.
275 3968 426 4034 Alpbonsus,
439 3969 454 4017 l.
466 3968 499 4018 iii.
511 3984 536 4018 n.
548 3967 605 4016 478.
889 3965 927 4030 (2r
946 3964 1047 4023 Ibidem,
1058 3981 1082 4014 n.
1095 3965 1151 4013 479.

170 4054 212 4116 (3)
233 4061 248 4083 “
258 4053 299 4103 Ηο
311 4054 363 4103 tbnt
374 4053 460 4102 suffers
473 4053 600 4102 nocturnal
613 4051 774 4117 pollutionis
787 4051 818 4100 he
830 4051 894 4100 finde
908 4067 922 4098 n
935 4050 1032 4114 remedy
1045 4052 1075 4114 by
1089 4050 1115 4108 it,
1127 4050 1147 4097 is
1160 4059 1184 4098 to
1198 4066 1231 4097 re-

127 4134 195 4200 §cios
206 4137 258 4186 that
269 4137 369 4187 himself
376 4136 479 4187 suffered
493 4137 512 4185 it
523 4136 707 4198 involuntarily,
719 4135 771 4184 that
783 4135 804 4182 is
816 4134 846 4182 lte
859 4149 915 4196 moy
928 4133 1014 4198 rejoice
1027 4132 1079 4181 that
1091 4131 1121 4181 he
1133 4131 1173 4181 did
1188 4143 1230 4182 not

132 4220 187 4277 eim
205 4221 253 4270 end
266 4223 294 4270 ol
304 4223 344 4271 the
357 4222 490 4271 innoceuce
502 4219 530 4269 ol
538 4221 578 4268 tbe
592 4222 634 4284 joy
646 4219 677 4268 bc
686 4235 732 4269 can
747 4218 808 4267 hare
820 4233 852 4266 no
865 4217 934 4266 other
951 4216 1083 4280 testimony
1092 4219 1135 4266 but
1150 4218 1181 4280 by
1193 4219 1231 4266 his

132 4305 219 4367 batiug
232 4307 272 4355 the
284 4317 323 4355 act
335 4307 361 4355 in
372 4307 404 4356 all
416 4321 483 4356 cases
495 4305 521 4354 in
533 4304 614 4355 wbicb
628 4305 646 4354 it
657 4303 679 4352 is
690 4320 705 4353 ι
716 4304 763 4360 ein,
775 4301 824 4352 aud
836 4301 944 4366 refusing
952 4312 977 4352 to
990 4303 1021 4352 do
1031 4301 1073 4353 ia''
1107 4302 1156 4352 Jcr.
1166 4303 1234 4366 Tay·

135 4387 179 4449 lor,
192 4387 289 4439 Ductor
301 4387 493 4523 Dubitantigm,
505 4387 520 4436 l.
530 4386 545 4438 i.
558 4360 623 4437 esd.
651 4385 721 4523 21³ng
732 4401 755 4434 v.
768 4401 792 4451 p.
805 4383 858 4433 112.
