2766 4996
200 441 260 498 306
439 434 496 494 DE
518 432 727 492 PEGCATIS
749 431 1040 494 csrlrmssus

203 604 249 662 vel
254 604 384 679 juniores
394 609 484 667 etate,
495 617 572 675 sape
582 600 653 658 levis
663 611 708 657 est
717 600 818 677 eulpa:
834 597 1289 675 imoadoorreetionemprobrurs

203 701 343 777 prolatum
359 698 530 772 quaudoque
546 699 728 774 culpavaeatz
744 697 854 766 “hom”
867 697 999 770 inquitS.
1010 696 1161 763 Thomas,
1177 705 1197 732 ‘⁶
1208 707 1291 773 poert

202 816 267 858 esse
276 799 446 870 quandoque
455 808 603 874 peecatum
613 798 732 864 veniale,
740 796 911 870 quaudoque
920 805 1014 853 autem
1022 796 1136 868 absque
1145 797 1291 871 omnipro-

202 893 313 955 eato.”¹
355 896 479 955 Gravius
493 905 538 954 est
550 907 696 971 peecatum
710 895 909 954 contumeliam
924 893 1038 960 inferre,
1052 912 1144 966 quam
1158 893 1239 953 tama
1250 891 1291 950 de·

202 995 322 1062 trahere,
337 996 404 1069 quia
415 995 547 1054 homiues
561 994 700 1053 honorem
720 995 801 1053 samse
821 1000 1005 1068 anteponunt
1048 991 1092 1051 Ut
1110 991 1150 1050 de
1163 994 1228 1070 ejus
1240 1009 1291 1068 gra

202 1094 287 1152 ritate
310 1094 463 1172 judicetur,
490 1092 620 1170 adjuncta
641 1094 738 1152 omnia
759 1090 928 1150 attendenda
946 1101 1022 1148 sunt.
1066 1091 1149 1149 luter
1169 1091 1292 1149 homiues

203 1193 321 1252 humilis
335 1193 505 1252 conditionis
519 1193 692 1250 contumelia
704 1211 763 1251 uon
776 1190 847 1249 adeo
859 1198 903 1248 est
921 1189 1026 1268 gravis,
1040 1190 1112 1262 quia
1124 1190 1223 1248 verbis
1236 1207 1293 1266 pro

203 1290 295 1350 brasis
316 1293 407 1368 magis
428 1300 621 1349 assueverunt
663 1291 696 1348 Si
717 1291 806 1348 homo
827 1308 844 1347 e
866 1288 949 1366 plebe
969 1288 1030 1346 viro
1053 1287 1196 1365 dignitate
1218 1297 1293 1346 aneto

204 1391 337 1465 probrum
350 1390 460 1457 inserat,
474 1389 597 1465 gravitas
610 1390 672 1465 ejus
681 1398 801 1460 utroque
815 1406 852 1445 ex
862 1388 954 1463 eapite
963 1397 1093 1464 augetur,
1102 1386 1184 1460 quod
1192 1387 1294 1445 scilieet

204 1488 268 1546 vilis
283 1488 369 1547 homo
382 1486 482 1546 audeat
494 1487 554 1544 viro
574 1487 681 1564 insigni
695 1488 817 1563 irrogare
838 1487 978 1563 injuriam.
1021 1485 1137 1544 Malitia
1157 1486 1291 1544 dietontm

203 1586 310 1663 pendet
321 1606 358 1644 ex
371 1588 527 1646 intentione
547 1586 699 1659 loquentis,
720 1587 770 1660 qui
789 1595 884 1643 tamen
905 1602 1006 1642 cavere
1028 1584 1114 1642 debat
1134 1603 1174 1642 ne
1193 1595 1292 1643 temere

205 1686 329 1761 proferat
347 1685 425 1758 quod
437 1686 499 1743 aliis
512 1704 586 1762 ogre
600 1685 678 1752 ferat,
692 1686 737 1743 vel
756 1683 804 1742 det
814 1684 994 1742 occasionem
1004 1682 1206 1760 blasphemie,
1219 1685 1292 1748 rire,

203 1781 307 1843 duello.
351 1785 481 1842 Graviter
494 1784 690 1860 proculdubio
704 1791 802 1861 peceat
815 1783 864 1854 qui
871 1782 952 1858 alapa
964 1782 1050 1840 alium
1066 1783 1194 1858 pereutit
1205 1783 1292 1842 animo

203 1883 404 1941 coutumeliam
418 1883 568 1941 inserendi.

243 1984 293 2038 ⁶9.
315 1989 335 2015 “
348 1980 445 2037 Causa
458 1981 615 2056 discipline
627 1982 830 2058 potestaliquis
842 1981 933 2048 alteri,
946 1998 1033 2053 quem
1046 1978 1132 2040 debet
1144 1982 1291 2059 corrigere,

203 2078 365 2136 convicium
379 2075 483 2135 dicere.
525 2077 566 2136 Et
577 2079 632 2137 hoo
645 2080 733 2139 modo
746 2080 889 2138 Dominus
898 2078 1052 2155 discipulos
1060 2082 1178 2139 vocavit
1186 2080 1290 2138 stultos.

205 2173 363 2244 ‘Ostulti,’
379 2177 471 2249 inquit
489 2176 577 2235 Luoae
596 2177 708 2246 ultimo,
729 2188 778 2235 ‘et
795 2178 867 2236 tardi
885 2177 969 2235 eorde
987 2176 1023 2235 ed
1042 2178 1221 2237 eredendum
1232 2178 1249 2237 !'
1269 2190 1293 2235 et

202 2276 368 2352 Apostolus,
382 2295 429 2352 ep.
444 2281 473 2343 3,
489 2276 604 2334 Galatas
618 2277 797 2336 insensatos:
820 2277 866 2335 ι0
881 2277 1016 2335 insensati
1030 2275 1154 2345 Galatae,
1169 2279 1234 2351 quis
1247 2295 1291 2334 vos

202 2373 351 2432 fascinavit
362 2393 420 2432 nou
434 2374 549 2432 obedire
563 2376 670 2432 ventati
681 2375 702 2431 l’
745 2376 867 2443 Tamen,
882 2376 955 2433 siout
972 2373 1041 2432 dicit
1059 2375 1092 2432 S.
1108 2378 1291 2453 Augustinus,

202 2469 233 2526 in
251 2469 323 2526 libro
336 2470 371 2528 de
384 2489 517 2528 sannone
531 2471 650 2529 Domini
663 2473 693 2528 in
712 2485 829 2531 monte:
853 2474 947 2532 ‘Raro
967 2484 997 2530 et
1009 2475 1038 2531 in
1053 2493 1160 2551 magna
1173 2475 1292 2533 necessi·

202 2574 256 2622 tate
269 2568 480 2644 objurgationes
493 2567 658 2626 adhibendae
671 2580 747 2637 sunt,
762 2572 800 2628 ita
813 2582 907 2630 tamen
916 2582 948 2629 ut
959 2572 1043 2630 etiam
1057 2573 1087 2630 iu
1096 2572 1144 2631 his
1158 2576 1230 2650 ipsis
1240 2592 1293 2633 uon

203 2665 295 2733 nobie,
310 2666 361 2724 sed
375 2666 439 2725 Deo
452 2674 483 2723 ut
496 2667 633 2724 serviatur
645 2665 833 2726 instemus.”²
874 2680 893 2705 “
905 2670 1026 2738 Quando
1035 2681 1132 2730 autem
1142 2674 1292 2732 necessitas

203 2763 394 2842 discipliuae,”
419 2766 511 2839 iuquit
530 2767 717 2843 Augustinus,
741 2770 927 2827 “minoribus
946 2770 1111 2828 coercendis
1132 2771 1228 2830 dicere
1247 2790 1293 2829 vos

205 2865 291 2922 verba
305 2866 375 2924 dura
388 2865 542 2941 compellit,
556 2866 581 2922 si
595 2866 678 2924 etiarn
693 2868 722 2924 in
735 2867 805 2942 ipsis
819 2867 935 2926 modum
946 2887 998 2927 vos
1007 2871 1170 2928 excessisse
1178 2870 1292 2930 sentitis.

202 2979 263 3018 uon
275 2982 292 3019 a
305 2965 384 3021 vobis
399 2965 525 3038 exigitur
540 2973 571 3020 ut
583 2965 617 3020 ab
630 2967 672 3022 eis
691 2967 803 3024 veniam
823 2965 981 3043 postuletis,
1002 2986 1038 3024 ne
1058 2968 1134 3045 apud
1154 2988 1204 3027 eos
1225 2986 1292 3043 quos

201 3068 312 3134 oportet
324 3079 387 3118 esse
401 3062 528 3137 subjecto
539 3081 564 3129 s,
586 3060 652 3120 dum
667 3063 754 3121 nimia
774 3075 899 3122 servatur
917 3064 1072 3133 humilitas,
1092 3068 1213 3145 regendi
1224 3069 1293 3126 sran-

202 3165 284 3234 gatur
296 3160 465 3226 auotoritas;
486 3157 538 3216 sed
553 3169 649 3220 tamen
663 3162 784 3237 petenda
796 3161 929 3221 estvenia
941 3164 976 3221 ab
982 3165 1111 3224 omnium
1122 3159 1293 3225 Domino.”³

246 3261 296 3317 60.
318 3259 518 3319 Contumelias
531 3259 622 3318 illatas
645 3261 782 3337 repellere
804 3262 880 3330 lieet,
902 3263 1000 3321 animo
1013 3273 1108 3323 tamen
1121 3266 1159 3324 ad
1175 3268 1292 3343 majores

201 3356 361 3417 tolerandas
375 3368 483 3435 parato.
526 3366 545 3393 “
555 3360 638 3418 Sient
650 3361 785 3436 patientia
797 3363 957 3420 necessaria
967 3372 1011 3420 est
1021 3363 1050 3419 iu
1062 3361 1109 3422 his
1123 3382 1189 3437 que
1202 3374 1293 3423 eontra

200 3470 254 3510 nos
267 3454 348 3524 fiunt,
363 3458 401 3514 ita
413 3459 497 3515 etiam
508 3458 538 3515 in
551 3457 597 3516 his
611 3478 674 3531 que
686 3469 784 3518 eontra
793 3478 846 3518 uos
856 3459 998 3518 dicuutur.
1041 3461 1190 3540 Praecepta
1203 3475 1291 3522 autem

198 3549 339 3623 patientiae
353 3554 384 3609 in
396 3553 441 3609 his
465 3572 528 3624 qum
549 3566 647 3613 contra
669 3576 723 3614 nos
736 3558 817 3625 fiunt,
840 3560 958 3617 suntin
979 3563 1188 3637 praeparatione
1208 3563 1290 3622 animi

199 3645 237 3725 hp
292 3645 338 3712 da,
351 3648 426 3705 sieut
437 3650 625 3724 Augustinus,
639 3654 659 3709 1.
674 3655 704 3710 ii.
725 3654 760 3712 de
780 3675 912 3716 sermone
932 3659 1052 3717 Domini
1073 3660 1104 3717 iu
1123 3671 1231 3728 monte,
1246 3679 1291 3718 ex·

198 3744 279 3822 ponit
303 3744 372 3803 illud
393 3756 566 3822 preceptum
586 3748 725 3807 Domini:
749 3752 801 3810 ‘Si
824 3758 888 3827 quis
911 3759 1082 3833 percusserit
1105 3769 1131 3817 te
1155 3762 1187 3819 iu
1209 3778 1290 3819 unam

196 3843 353 3913 maxillam,
367 3845 462 3923 prebe
476 3845 504 3903 ei
516 3855 545 3903 et
552 3846 634 3904 aliam
644 3846 663 3913 ;'
684 3858 717 3905 ut
728 3849 837 3908 scilieet
845 3852 933 3914 homo
941 3858 978 3914 sit
992 3867 1106 3932 paratus
1118 3858 1176 3918 hoo
1188 3860 1288 3921 lasere,

196 3942 222 4001 si
235 3961 307 4020 opus
320 3945 413 4007 fuerit
455 3946 526 4005 Non
539 3956 635 4006 tamen
649 3947 703 4005 hoe
716 3967 831 4026 semper
843 3961 953 4013 teuenrr
965 3955 1057 4014 faeere
1066 3966 1140 4024 actu,
1155 3961 1225 4031 quia
1238 3975 1287 4016 nec

398 4115 438 4178 (l)
459 4117 474 4162 2
486 4115 510 4163 2.
521 4130 563 4178 qu.
576 4117 645 4169 lxxii.
658 4126 701 4167 art
714 4116 740 4167 ii.
776 4116 851 4184 Καρ.

403 4199 440 4257 (2)
458 4197 482 4245 9.
493 4197 516 4246 2.
525 4216 567 4263 qu.
579 4202 650 4251 lxxii.
662 4210 705 4251 art.
717 4201 742 4250 ii.
755 4200 790 4251 ad
798 4201 946 4253 secundum.

400 4279 442 4342 (³)
462 4277 511 4342 Ilp.
521 4283 584 4332 cori.
595 4284 655 4334 alias
665 4284 714 4334 eir.
