2744 4980
147 418 203 473 tae
435 410 492 469 DE
514 408 680 478 QUINTO
698 409 951 471 PRAECEPTO.

149 578 233 637 liceat
246 576 296 633 toti
310 578 397 654 genti,
409 594 459 652 per
474 595 542 634 suos
555 575 708 651 delegatos,
717 595 776 635 non
789 585 896 633 tantum
910 576 1033 650 spoliare
1047 593 1136 650 regno
1145 592 1243 650 supre-

94 667 100 678 ’
150 696 229 735 mum
243 671 428 752 pritrcipem,²
442 675 493 731 sed
506 687 534 732 et
547 677 648 750 capitis
662 674 795 732 damnare
810 676 847 733 ob
866 674 985 731 abusum
999 676 1156 749 potestatis,
1167 683 1196 731 et
1210 674 1244 731 ad

148 775 355 853 rempublicam
369 776 403 831 ab
416 775 521 831 iteratis
535 777 598 850 ejus
612 773 758 831 conatibus
772 772 956 831 servandam:
979 772 1054 847 apud
1067 792 1120 829 nos
1134 774 1244 848 quippe

148 894 267 952 praeses,
279 875 330 944 qui
344 890 494 947 supremus
508 882 552 929 est
562 872 749 946 magistratus,
759 871 794 930 ad
810 872 1031 944 quadriennium
1048 871 1244 929 tantummodo

150 975 298 1051 gubernat,
314 983 342 1028 et
354 973 380 1026 si
390 970 501 1027 interim
516 970 674 1042 deliquerit,
686 973 789 1045 poterit
798 974 882 1048 juxta
894 970 986 1045 legem
999 986 1095 1026 coram
1109 988 1244 1043 supremo

152 1072 261 1128 Senatu
280 1070 414 1145 judicari,
439 1069 573 1142 primario
593 1067 690 1144 judice
711 1087 850 1144 supreme
871 1069 954 1126 curias
977 1067 1157 1142 presidente,
1171 1077 1200 1124 et
1219 1070 1244 1125 si

144 1168 214 1226 duae
235 1187 272 1225 ex
288 1168 375 1225 tribus
390 1167 516 1242 partibus
530 1170 567 1224 ita
579 1177 724 1234 censeant,
739 1162 893 1225 damnari.2
911 1165 1041 1223 Dubitari
1055 1168 1154 1238 nequit
1166 1184 1243 1234 eum,

150 1270 177 1325 si
190 1287 255 1325 reus
271 1267 416 1341 probetur,
431 1267 598 1322 sententiam
612 1267 705 1322 subire
719 1265 822 1324 debere
836 1285 873 1322 ex
885 1266 957 1340 legis
971 1265 1134 1323 auctoritate
1147 1265 1244 1332 latam,

152 1386 215 1439 quae
231 1376 326 1422 tamen
347 1383 382 1420 eo
402 1383 470 1421 casu
494 1365 579 1421 vitam
598 1383 656 1421 non
670 1364 764 1423 afficit.
807 1364 951 1421 Caeterum
974 1363 998 1420 si
1021 1363 1153 1420 delictum
1175 1363 1245 1419 alias

150 1484 264 1541 poenam
279 1465 381 1538 capitis
394 1473 536 1520 mereatur
554 1466 637 1539 juxta
651 1481 818 1520 communes
838 1464 934 1539 legum
958 1463 1128 1529 sanctiones
1142 1462 1247 1538 poterit

153 1563 290 1638 deinceps
304 1581 398 1618 coram
413 1571 548 1618 consueto
563 1561 691 1618 tribunali
701 1561 822 1638 judicari
835 1573 865 1618 et
876 1560 1012 1618 damnari.

196 1666 263 1718 135.
285 1659 369 1725 Quod
380 1670 488 1735 spectat
501 1659 534 1715 ad
549 1678 641 1735 reges,
655 1660 700 1716 vel
714 1661 908 1734 imperatores,
917 1659 986 1714 olim
1000 1677 1215 1730 nonnumquam
1231 1678 1247 1714 a

151 1760 335 1836 pontificibus
350 1759 487 1815 Romanis
500 1758 656 1832 depositos.
671 1769 801 1832 putamus
816 1759 844 1815 id
858 1758 1009 1831 contigisse
1023 1776 1060 1813 ex
1074 1758 1245 1814 saeculorum

152 1860 268 1916 illorum
282 1858 420 1923 moribus,
435 1868 463 1913 et
476 1856 623 1932 principiis
633 1857 706 1931 juris
720 1876 736 1911 a
749 1857 891 1931 plerisque
905 1857 1034 1932 gentibus
1045 1866 1110 1912 tunc
1124 1856 1246 1932 agnitis:

154 1975 244 2029 quum
258 1956 335 2012 enim
344 1956 505 2030 juramento
520 1955 664 2030 principes
678 1953 814 2029 designati
826 1975 889 2013 sese
903 1955 1101 2012 consueverint
1112 1955 1201 2030 ligare
1212 1950 1248 2010 ad

152 2053 324 2113 servandum
337 2054 418 2129 regni
431 2053 650 2111 consuetudines
664 2063 692 2109 et
701 2054 767 2128 jura
777 2054 926 2121 Ecclesiae,
941 2065 969 2111 et
982 2052 1176 2119 subditorum
1198 2051 1248 2123 qui

154 2172 188 2210 ea
209 2150 359 2227 tyrannide
385 2153 516 2219 violabat,
539 2153 705 2209 censebatur
727 2153 861 2229 regnandi
876 2155 942 2230 jure
966 2144 1117 2217 decidisse,
1133 2149 1248 2223 quando

154 2269 307 2327 supremus
330 2250 467 2325 pontifex,
489 2270 578 2325 penes
604 2269 690 2323 quem
716 2251 868 2326 imperator
889 2253 1083 2329 juramentum
1103 2251 1248 2314 emiserat,

153 2352 270 2426 regibus
294 2368 382 2423 penes
404 2351 569 2425 episcopum
587 2349 756 2425 jurantibus,
770 2369 836 2407 eum
847 2351 941 2407 violati
960 2350 1034 2425 pacti
1047 2368 1125 2406 reum
1135 2348 1249 2426 judica·

155 2458 245 2515 verat,
274 2449 335 2504 sive
363 2447 391 2503 in
417 2466 497 2503 sacro
523 2449 721 2523 episcoporum
745 2459 853 2515 senatu,
874 2450 933 2506 eive
949 2447 1058 2525 judicio
1077 2447 1155 2504 haud
1175 2447 1248 2504 adeo

153 2546 288 2604 solemni.
331 2545 401 2602 lnde
428 2556 521 2602 autem
548 2566 605 2604 non
633 2547 803 2617 sequebatur
827 2549 912 2613 licere
933 2548 1065 2620 cuiquam
1085 2565 1182 2622 regern
1201 2545 1249 2603 vel

153 2646 354 2721 imperatorem
370 2645 529 2718 depositum
545 2645 717 2701 interficere:
739 2646 789 2702 sed
803 2646 875 2702 sacta
891 2646 999 2722 populo
1013 2647 1058 2702 vel
1072 2646 1245 2702 electoribus

151 2754 293 2818 potestate
307 2745 393 2801 alium
408 2744 437 2799 in
451 2745 513 2820 ejus
526 2742 618 2800 locum
639 2742 808 2811 sufficiendi,
830 2746 855 2801 si
877 2758 1008 2821 pergeret
1019 2744 1088 2801 alter
1103 2746 1169 2821 jura
1183 2743 1249 2800 solii

152 2844 208 2900 sibi
230 2841 383 2908 vindicare,
398 2842 564 2916 plerumque
584 2841 669 2898 armis
689 2845 852 2910 certabatur,
867 2844 940 2901 inter
960 2844 1139 2918 designatum
1154 2852 1185 2898 et
1198 2841 1248 2897 de·

153 2942 278 3015 positum
288 2942 441 3015 principes.
483 2940 611 2997 Immane
623 2950 667 2996 est
679 2951 706 2996 et
715 2942 869 3000 inauditum
880 2943 1028 3018 pontifices
1037 2941 1163 2998 hortatos
1171 2958 1247 3008 esse,

152 3047 184 3095 ut
194 3038 251 3093 vita
263 3036 395 3112 deposito
409 3039 469 3112 regi
483 3039 647 3112 eriperetur,
659 3038 704 3094 vel
713 3040 866 3111 quidquam
875 3041 1056 3098 fieretcontra
1067 3040 1247 3115 regnantium

152 3135 279 3210 legitima
296 3136 369 3211 jura,
385 3144 467 3210 prout
479 3154 515 3192 ex
531 3137 675 3193 communi
696 3138 821 3212 gentium
841 3139 1053 3196 christianarum
1073 3156 1159 3194 sensu
1181 3148 1248 3193 tune

152 3232 388 3309 intelligebantur.
431 3233 516 3300 Quod
530 3235 554 3290 si
568 3233 692 3292 facinora
709 3246 815 3311 patrata
827 3237 884 3293 sint
902 3236 1062 3309 aliquando,
1077 3236 1197 3311 contigit
1209 3253 1247 3292 ex

182 3474 223 3540 (1)
246 3475 311 3525 Dicit
319 3474 345 3525 S.
357 3473 475 3533 Thomas.
483 3474 514 3525 de
524 3475 649 3527 seditionis
659 3476 861 3540 erimine'agensr
873 3476 1015 3542 “Regimen
1028 3477 1183 3543 tyrannicum
1192 3490 1245 3525 uon

145 3567 182 3607 eat
191 3561 294 3623 justum,
305 3560 362 3622 quia
374 3576 423 3609 non
437 3561 561 3610 ordinatur
580 3563 609 3611 sd
622 3565 714 3612 bonurn
725 3579 864 3623 commune,
875 3565 916 3614 sed
933 3566 963 3613 ad
973 3566 1065 3613 bonurn
1076 3564 1198 3628 privatum
1210 3577 1245 3611 re·

146 3644 240 3705 gentis:
260 3652 286 3692 ut
298 3650 364 3707 patet
375 3660 418 3708 per
430 3644 608 3709 Philosophum
620 3647 646 3695 in
658 3647 674 3695 3
687 3647 845 3698 Politicorum
857 3649 918 3697 etin
930 3653 945 3699 8
959 3649 1040 3698 Ethic.
1075 3648 1110 3697 m
1127 3647 1181 3697 ideo
1192 3663 1245 3711 per·

146 3726 251 3776 turbatio
264 3726 340 3791 hujus
351 3726 476 3788 regiminis
488 3727 621 3777 nonhabet
631 3730 751 3778 rationem
761 3731 894 3789 seditionis,
902 3731 950 3780 nisi
960 3732 1019 3781 sorte
1027 3730 1126 3794 quando
1138 3730 1174 3778 sic
1182 3730 1247 3779 inor·

145 3809 228 3860 dinate
239 3812 390 3874 perturbatur
402 3813 502 3874 tyranni
513 3812 630 3873 regimen,
642 3813 706 3876 quod
719 3814 850 3863 multitudo
862 3816 970 3879 subjecta
981 3817 1061 3880 majus
1073 3815 1247 3864 detrimentum

146 3895 237 3958 patitur
249 3911 279 3945 ex
292 3896 470 3959 perturbatione
482 3898 651 3960 consequenti,
662 3913 736 3961 quam
748 3914 778 3947 ex
797 3900 895 3962 tyranni
906 3900 1033 3962 regimine.
1069 3899 1150 3963 Magis
1162 3908 1247 3949 autem

146 3986 268 4043 tyrannus
280 3980 409 4030 seditiosus
418 3989 462 4037 est,
472 3983 515 4044 qui
527 3982 551 4031 in
565 3983 656 4045 populo
668 3982 714 4031 sibi
725 3985 834 4048 subjecto
846 3983 977 4034 discordias
985 3994 1009 4034 et
1020 3984 1152 4033 seditiones
1160 3985 1247 4045 nutrit,

97 4130 103 4139 1
132 4046 176 4112 “ἰιῑ
195 4064 272 4113 tutius
291 4064 412 4114 dominari
430 4066 513 4130 possit„
547 4065 604 4115 Hoc
620 4066 687 4115 enim
704 4069 861 4131 tyrannicum
877 4077 921 4129 est,
939 4085 995 4119 cum
1013 4070 1046 4119 sit
1057 4069 1196 4120 ordinatum
1215 4070 1247 4119 ad

147 4148 239 4198 bonum
251 4149 374 4212 proprium
387 4151 545 4214 presidentis,
563 4167 620 4202 cum
639 4152 803 4202 multitudinis
823 4153 998 4204 nocumento.”
1032 4153 1056 4204 2.
1075 4158 1112 4204 20
1131 4170 1174 4220 qu.
1195 4155 1248 4204 xlii.

147 4239 191 4283 art.
202 4232 227 4282 ii.
240 4231 283 4282 Ad
292 4232 403 4284 tertium.

183 4315 225 4382 (2)
246 4315 414 4369 constitution
426 4318 455 4368 ot
468 4319 510 4369 tha
522 4319 612 4370 Unitcd
623 4319 711 4388 Statu,
724 4320 777 4370 Art.
792 4318 809 4369 i·
819 4318 885 4372 Seet.
897 4321 930 4372 tit.
941 4337 967 4372 a.
979 4323 1003 4383 8,
1016 4326 1040 4372 7.
