2744 4980
787 1091 807 1121 u
881 1138 885 1145 ι

455 1286 790 1422 rnnounuus
818 1342 896 1458 111.⁸

373 1572 465 1664 'nn
502 1599 669 1679 neon
706 1599 933 1665 nivini.

570 2025 713 2084 CAPUT
734 2026 758 2086 1.

517 2238 557 2277 DE
577 2238 657 2278 LEGE
677 2238 819 2280 NATURAE·

167 2421 191 2474 1.
219 2415 432 2475 Conscmnnu
454 2412 557 2492 dirigat
581 2425 692 2492 oportet
716 2427 794 2475 aotus
819 2416 958 2476 humanos
979 2419 1062 2494 juxta
1087 2417 1212 2478 divinam

131 2514 301 2591 legemque
317 2523 361 2574 est
379 2532 512 2591 suprema
530 2531 628 2572 eorum
648 2514 754 2592 regula.
796 2514 870 2582 Lex,
891 2535 907 2572 a
927 2515 1043 2593 ligando
1063 2515 1148 2583 diota,
1168 2527 1212 2574 est

131 2631 221 2671 norma
232 2624 308 2671 certa
320 2623 348 2671 et
360 2611 418 2671 fixa
425 2613 509 2688 juxta
521 2629 606 2684 quarn
619 2630 664 2669 res
677 2621 743 2671 sunt
755 2612 931 2688 peragenda,
946 2633 1009 2686 quae
1022 2613 1118 2672 divina
1131 2632 1212 2671 voea-

130 2722 175 2777 tm,
189 2723 327 2782 quatenus
341 2711 398 2768 Dei
411 2710 540 2768 voluntas
552 2718 597 2767 est
608 2711 704 2786 regula
717 2711 762 2768 oui
776 2711 872 2768 omnia
884 2712 1038 2788 subjacent.
1066 2710 1212 2782 Equidem

129 2810 192 2884 ipsa
211 2827 257 2865 res
277 2827 363 2866 sensu
388 2808 537 2880 animaque
557 2818 685 2866 carentes
704 2818 781 2865 oerta
799 2807 920 2880 quadam
939 2810 1046 2866 ratione
1066 2820 1211 2886 reguntur.

127 2925 185 2980 que
198 2906 272 2983 legis
286 2908 373 2964 instar
393 2916 455 2964 est:
475 2916 648 2984 quapropter
667 2925 762 2965 rerum
781 2906 851 2964 ordo
870 2905 966 2965 divina
979 2907 1127 2984 Sapientia
1139 2909 1211 2966 mire

126 3006 291 3064 eonstitutus
303 3005 352 3064 lex
365 3013 495 3065 vocatur:
518 3012 537 3040 ‘⁶
546 3015 620 3062 oerta
631 3005 695 3083 lege
709 3016 738 3063 et
750 3024 821 3082 gyro
830 3005 948 3063 vallabat
956 3007 1076 3082 abyssos
1091 3048 1098 3063 .
1115 3047 1122 3063 .
1139 3049 1146 3063 .
1163 3048 1169 3064 .
1184 3017 1213 3064 et

126 3104 213 3181 legem
233 3104 357 3181 ponebat
375 3096 467 3179 eduis,
487 3121 523 3161 ne
548 3105 697 3162 transirent
718 3104 789 3162 fines
808 3101 933 3162 suos:”¹
953 3104 1074 3176 ideoque
1097 3107 1211 3181 “ignis‚

126 3201 240 3278 grando,
260 3202 321 3269 nix,
343 3203 458 3280 glacies,
479 3211 507 3259 et
528 3202 645 3280 spiritus
668 3203 855 3279 procellarum
878 3243 885 3258 .
908 3244 915 3258 .
937 3243 945 3258 .
967 3202 1074 3258 saoiunt
1093 3204 1210 3259 verbum

125 3293 233 3377 ejus.''¹
273 3302 404 3359 Strictius
417 3312 511 3359 tamen
522 3301 571 3359 lox
584 3299 687 3358 dieitur
699 3297 801 3375 agendi
814 3298 912 3376 regula
930 3299 988 3356 enti
1001 3298 1129 3356 rationali
1142 3317 1211 3375 pne-

124 3401 236 3476 scripta.

161 3504 190 3556 2.
213 3497 280 3556 Lex
301 3504 413 3557 eterno
432 3499 467 3555 ab
487 3499 647 3573 Augustino
669 3506 744 3554 reete
763 3494 896 3554 definitur
915 3497 1013 3555 “ratio
1039 3495 1145 3564 divina,
1167 3499 1212 3556 vel

125 3596 251 3654 voluntas
277 3596 344 3665 Dei,
371 3596 500 3655 ordinem
532 3595 686 3654 naturalem
718 3597 878 3655 conservari
906 3596 1023 3673 jubens,
1057 3598 1213 3673 perturbari

125 3707 219 3753 vetans
229 3688 275 3752 :”³
294 3705 339 3753 est
351 3697 457 3771 quippe
470 3695 533 3772 ipsa
545 3712 678 3772 suprema
691 3694 747 3752 Dei
759 3695 840 3762 ratio,
854 3678 1009 3768 normaque
1022 3697 1091 3753 reoti
1104 3705 1133 3752 et
1145 3697 1212 3752 boni

126 3794 158 3850 ab
170 3794 294 3851 essentia
306 3793 402 3852 divina
414 3792 554 3852 derivata:
576 3812 629 3851 neo
647 3793 713 3852 ferri
732 3796 820 3870 ooepit
838 3794 989 3868 aliquando
1008 3792 1105 3850 divino
1124 3792 1211 3850 veluti

125 3893 246 3959 arbitrio,
260 3891 312 3949 sed
325 3894 382 3969 ipsi
395 3891 451 3950 Dei
464 3892 593 3950 essentie
606 3890 766 3951 necessarid
779 3892 906 3953 inheret

161 3994 191 4049 3.
212 3989 280 4051 Leo·
298 3989 451 4051 morolio
471 3989 547 4070 apud
564 3990 596 4049 S.
616 3991 762 4050 Thomam
782 3990 893 4058 dieitur,
914 3987 1119 4068 “participatio
1138 3987 1211 4068 legis

292 4191 335 4255 (l)
355 4190 426 4239 Prov.
438 4189 487 4239 viii.
499 4188 540 4248 27,
551 4191 593 4238 29.
805 4189 847 4254 (Q)
868 4187 909 4239 Pa
921 4187 1009 4238 cxlviii.
1022 4193 1045 4239 8.
1117 4188 1121 4196 ⁴

297 4273 387 4341 (851⁴.
398 4275 460 4326 xxii.
470 4281 554 4326 oontm
565 4273 687 4325 Faustum
698 4288 719 4322 o.
731 4273 806 4325 xxvii.
