2744 4980
599 1142 741 1201 CAPUT
761 1141 800 1201 Il.

505 1374 544 1415 DE
565 1375 667 1415 Lucum
688 1373 903 1416 OBLIGATIONE.

432 1590 490 1664 §L
513 1591 560 1648 Du
582 1607 836 1649 rnonuuoarroua
858 1607 971 1646 iacun.

199 1790 246 1842 13.
269 1784 414 1844 (lonssur
446 1786 666 1863 promulgandas
700 1805 763 1843 esse
793 1787 872 1862 leges
898 1783 1107 1843 ecclesiasticas
1137 1795 1168 1842 ut
1193 1787 1251 1842 rim

156 1884 286 1941 habeant.
329 1885 400 1950 Quat
421 1905 437 1941 a
457 1886 595 1944 Pontifice
616 1886 750 1952 seruntur,
772 1883 985 1960 promulgantur
1006 1883 1117 1951 Romae,
1138 1883 1251 1941 decreto

156 1982 191 2040 sd
205 1983 299 2040 valvas
321 1984 352 2040 S.
375 1984 454 2041 Petri
476 1985 600 2043 basilicae
623 1983 719 2041 affixo.
763 1984 867 2041 Utrum
890 1983 949 2040 rim
970 1983 1074 2055 ubique
1094 1982 1250 2047 obtineant,

155 2082 249 2139 statim
263 2100 296 2139 ac
309 2082 462 2140 innotuerit
474 2101 508 2139 ea
526 2081 726 2160 promulgatio,
741 2101 785 2139 res
804 2094 848 2139 est
866 2091 1055 2139 controversa.
1097 2080 1254 2139 Affirmant

156 2178 284 2254 plerique
299 2180 421 2238 Romani
442 2181 566 2259 theologi
580 2181 673 2238 verbis
688 2180 865 2238 decretorum
878 2180 988 2246 innixi3
1009 2179 1112 2251 quibus
1126 2178 1253 2237 adhaeret

157 2277 307 2336 Suaresius
321 2299 387 2337 cum
401 2278 463 2337 aliis
475 2274 498 2337 :¹
518 2281 569 2338 sed
582 2278 777 2338 contradicunt
795 2279 885 2336 exteri
905 2279 1030 2354 plurimi,
1045 2278 1250 2336 contendentes

64 2414 71 2425 ι
158 2378 346 2435 necessariam
354 2396 417 2435 esse
426 2379 582 2457 insingulis
592 2378 747 2455 provinciis
756 2378 1012 2454 promulgationem
1020 2395 1071 2453 per
1079 2378 1250 2452 episcopos;

156 2493 244 2547 quum
257 2475 330 2533 hano
346 2477 467 2552 postulet
479 2496 565 2536 suave
585 2475 725 2534 Ecclesiae
746 2478 884 2554 regimen,
905 2485 934 2533 et
951 2475 1140 2551 imperialium
1154 2474 1250 2532 dec-re·

159 2582 250 2631 torum
270 2574 374 2632 similis
397 2576 434 2632 sit
452 2570 549 2634 ratio.²
589 2575 621 2634 ld
642 2576 819 2650 exploratum
841 2574 950 2632 videtur
972 2573 1070 2632 fideles
1097 2594 1114 2631 a
1139 2574 1250 2650 legibus

158 2672 303 2730 servandis
326 2674 424 2741 eximi,
449 2673 582 2745 quamdiu
605 2675 743 2750 episcopi,
765 2674 899 2750 pontifice
920 2673 994 2731 haud
1015 2673 1181 2748 refragante,
1202 2691 1249 2730 eas

156 2773 319 2829 executioni
333 2772 542 2830 demandandas
556 2792 614 2831 uon
628 2785 745 2839 curent;
766 2792 834 2830 nam
854 2773 928 2830 bona
941 2771 996 2842 fide
1010 2773 1065 2829 sibi
1079 2769 1249 2847 persuadere

157 2882 278 2943 possunt
297 2870 441 2947 pontificis
460 2884 584 2930 mentem
605 2891 664 2929 uon
684 2891 747 2928 esse
770 2881 801 2928 ut
823 2889 920 2928 eamrn
943 2871 1123 2928 observantia
1145 2871 1250 2942 ubique

156 2969 295 3042 exigatur.
339 2969 424 3036 Quod
433 2972 457 3028 si
467 2972 598 3029 noverint
608 2971 774 3046 episcopum
786 2970 938 3045 pontificiae
945 2970 1071 3045 jussioni
1080 2988 1248 3046 repugnare,

157 3066 293 3142 principis
308 3068 406 3143 gratia,
421 3068 465 3126 vel
480 3068 604 3126 humano
625 3069 720 3140 aliquo
733 3067 837 3135 studio,
853 3067 983 3126 videntur
1003 3070 1092 3126 teneri
1106 3068 1142 3125 ad
1155 3068 1250 3144 legent

156 3165 335 3234 servandam,
349 3176 488 3238 quatenus
502 3169 629 3244 possint:
652 3186 705 3225 nec
718 3168 796 3225 enim
810 3167 852 3224 sas
866 3178 908 3225 est
921 3177 952 3224 ut
963 3167 1105 3225 insertoris
1119 3167 1249 3243 praculis

156 3265 320 3341 pertinacia,
341 3265 387 3323 rel
412 3268 500 3325 animi
525 3268 696 3334 infirmitate,
724 3268 851 3342 supremi
872 3267 989 3324 rectoris
1009 3266 1150 3325 Ecclesiae
1167 3267 1249 3342 jussa

157 3365 233 3421 irrita
258 3365 335 3423 fiant.
378 3366 483 3424 Peccat
507 3366 590 3442 plane
616 3368 780 3443 episcopus,
801 3366 861 3438 qui,
881 3366 958 3440 justa
984 3384 1069 3422 causa
1090 3363 1167 3422 haud
1192 3365 1249 3421 sus·

157 3462 293 3539 fragante,
313 3465 391 3539 leges
412 3465 573 3540 pontificias
594 3465 713 3541 negligit
732 3464 927 3541 promulgare:
950 3465 1029 3541 gravi
1049 3474 1142 3523 autem
1157 3463 1249 3520 immi·

157 3571 240 3617 nente
251 3560 441 3627 incommodo,
457 3562 541 3620 debet
552 3561 746 3621 difficultatem
760 3563 887 3640 pontifici
902 3558 1032 3620 reserre³

199 3661 245 3715 14.
267 3659 338 3725 Qum
359 3658 484 3718 Bullario
506 3662 615 3719 insertae
636 3674 701 3719 sunt
721 3663 800 3739 leges
824 3663 976 3738 pontificiae
997 3660 1032 3719 ad
1051 3679 1156 3738 corpus
1175 3663 1248 3738 juris

156 3767 308 3816 censentur
320 3758 470 3833 pertinere,
486 3758 605 3832 ideoque
620 3761 724 3832 ubique
738 3762 864 3819 obtinere
876 3757 960 3818 vim.⁴
1000 3760 1072 3826 Quae
1082 3761 1168 3818 ctiam
1182 3778 1248 3816 con·

155 3857 320 3916 suetudines
334 3856 453 3917 inductae
466 3869 542 3925 sunt,
557 3858 741 3935 promulgata
750 3860 899 3918 habentur.
942 3859 1014 3925 Quae
1024 3858 1249 3917 verliconsuetu·

138 3954 220 4014 'dine
235 3959 373 4017 contraria
386 3959 523 4036 abrogatae
538 3970 605 4016 sunt
617 3959 730 4027 alicubi,
745 3960 789 4017 vel
804 3979 867 4032 quae
880 3977 1027 4031 nunquam
1040 3960 1070 4016 in
1083 3977 1168 4017 usum
1182 3967 1249 4016 sunt

192 4139 234 4206 (1)
254 4139 293 4190 De
305 4140 364 4202 Leg.
376 4142 391 4190 l.
404 4141 435 4190 lv.
448 4159 470 4193 o.
482 4160 521 4196 xv.
534 4147 557 4194 3.
779 4144 821 4209 (2)
841 4143 949 4193 Anthea.
963 4145 1021 4194 lxvi.
1055 4144 1148 4197 lustin.

190 4224 233 4290 (a)
253 4222 702 4291 neumnensynrnnc.aas
715 4227 790 4278 run.
827 4226 1105 4281 vidoetsuarestiv.
1119 4230 1228 4280 exne.
1263 4206 1274 4231 ⁸

191 4308 234 4373 (4)
253 4309 280 4357 8.
292 4309 367 4375 Alph·
379 4311 395 4361 l.
404 4309 421 4360 i.
432 4308 520 4362 Theoi.
533 4311 596 4365 Mor.
607 4328 633 4365 n.
641 4316 682 4363 96.
718 4312 768 4364 Sed
777 4312 901 4381 queritur
915 4316 935 4361 1.
