2744 4980
165 125 225 178 alo
413 116 470 176 DE
491 112 701 177 Paccius
721 111 1013 174 emmeno.

208 289 257 345 68.
278 283 394 342 Acedioe
406 283 448 341 rei
464 292 530 340 sunt
549 283 723 353 quicumque
743 288 894 338 munerum
913 297 1033 338 snorum
1047 297 1111 353 qua
1129 277 1237 340 divinum
1347 268 1355 366 ὀ

237 394 296 443 taut
307 382 414 440 cultum
428 382 549 458 pertaesi,
569 399 604 437 ea
616 378 692 437 haud
706 378 880 454 persolvunt,
901 378 948 437 vel
960 398 1038 456 agro
1057 377 1138 436 valde
1150 380 1241 438 animo.
1350 382 1354 390 “

191 482 217 542 ie
229 479 389 540 sacerdotes
403 480 508 552 aliique
521 478 618 536 divino
637 478 725 537 cultui
737 477 833 545 dicad,
855 476 936 536 valde
955 478 1148 554 periclitantur
1158 477 1249 540 salute,

167 581 262 641 divina
272 599 335 652 quae
349 580 427 637 obire
441 579 544 636 debent
553 595 671 634 monera
681 576 777 635 animo
787 577 859 635 tristi
872 589 1058 649 exequentes.
1101 575 1258 633 Sanctimo

168 680 258 740 uides
272 697 335 750 quae
350 696 423 753 aegre
438 676 539 734 adsunt
552 676 582 732 in
594 675 693 743 choro,
714 686 742 733 et
758 676 821 734 aliis
842 677 956 753 pietatis
975 675 1120 734 exercitiis
1140 673 1212 732 haud
1223 675 1266 731 li·

168 779 267 837 benter
281 786 391 842 vacant,
405 777 488 833 etiam
507 775 706 851 periclitantur.

210 879 260 934 69.
283 873 421 933 Remedia
443 875 586 949 praecipua
606 872 709 932 acedia
729 883 796 930 sunt
816 872 961 931 meditatio
983 869 1159 945 quotidiana,
1172 872 1283 928 oratio

170 974 315 1046 frequens,
338 983 577 1030 sacramentorum
599 990 680 1040 usus,
704 980 732 1028 et
754 983 917 1030 sanctornm
940 971 1078 1029 imitatio:
1101 969 1182 1027 “Tu
1203 988 1289 1028 nou

172 1073 279 1149 poteris
293 1071 368 1144 quod
390 1073 436 1130 isti
458 1082 487 1129 et
505 1067 623 1128 istni’'¹
652 1091 683 1129 se
704 1069 919 1146 reprehendens
941 1070 1054 1128 dicebat
1074 1068 1293 1145 Augustinus.

170 1170 263 1230 Breve
276 1182 320 1227 est
332 1171 394 1226 vitae
415 1170 597 1237 curriculum,
618 1180 789 1245 quapropter
810 1168 1006 1228 indesinenter
1024 1178 1138 1245 oportet
1151 1165 1186 1224 ad
1206 1185 1296 1224 nne·

137 1292 142 1303 ·
171 1279 227 1327 tam
240 1268 365 1327 tendere.
409 1269 520 1326 “Deus
534 1269 722 1344 impossibilia
735 1287 794 1326 non
810 1270 902 1344 jubet,
916 1267 968 1326 sed
983 1265 1113 1344 jubendo
1127 1276 1223 1324 monet
1249 1277 1301 1319 et

171 1367 264 1425 iacere
277 1365 354 1440 quod
367 1369 471 1443 possis,
482 1380 511 1425 et
524 1378 618 1443 petere
633 1366 710 1440 quod
719 1387 778 1427 non
790 1369 898 1444 poscis,
912 1380 941 1425 et
953 1365 1069 1443 adjuvat
1081 1377 1113 1423 ut
1121 1363 1252 1442 possis?
1265 1354 1303 1386 '²

587 1594 670 1669 §VL
692 1595 740 1653 Da
755 1614 844 1654 onas.

211 1776 260 1832 70.
283 1773 360 1830 Gula
373 1785 416 1829 est
428 1772 602 1830 inordinatus
615 1775 756 1850 appetitus
770 1774 825 1831 cibi
838 1784 867 1830 et
879 1783 973 1851 potus.
1017 1772 1082 1830 “Si
1095 1767 1326 1830 inordinati-⁰

172 1873 410 1946 concupiscentie
425 1873 579 1947 accipiatur
588 1872 617 1928 in
628 1872 694 1947 gula
703 1871 861 1930 secundum
871 1870 1142 1930 aversionomatine
1156 1870 1333 1929 ultima·

173 1970 301 2047 riegola
323 1971 377 2028 erit
397 1981 544 2046 peccatum
565 1971 691 2028 mortale.
733 1970 819 2038 Quod
842 1971 957 2043 quidem
978 1969 1129 2046 contingit,
1154 1956 1340 2041 quintio

173 2067 353 2125 delectationi
366 2070 439 2144 gulae
452 2070 572 2128 inheret
583 2067 680 2136 homo,
701 2079 843 2142 tamquam
863 2071 923 2137 fini,
938 2080 1054 2148 propter
1068 2087 1158 2143 quem
1172 2067 1346 2126 nemen

173 2168 337 2232 contemnit,
352 2177 464 2241 paratus
477 2168 586 2224 scilicet
593 2178 690 2226 contra
703 2178 846 2247 praecepta
852 2169 909 2226 Dei
919 2178 1053 2246 sperant
1064 2167 1351 2227 delectationem-33⁸

172 2262 338 2340 hujusmodi
353 2275 528 2337 assequatur.
572 2265 605 2321 Si
619 2266 684 2324 vcrd
699 2268 728 2323 in
744 2268 810 2324 vitio
823 2268 896 2343 gula
910 2268 1084 2345 intelligatur
1097 2265 1284 2326 inordinati·-
1308 2252 1356 2311 1⁰

171 2363 408 2437 concupiscenuae
423 2373 529 2421 tantum
542 2363 698 2422 secundum
712 2384 746 2422 ea
759 2384 822 2438 quoe
835 2375 903 2423 suut
921 2367 956 2425 ad
974 2368 1074 2435 finem,
1089 2375 1190 2443 utpote
1204 2351 1360 2438 qui-‚3³

172 2460 259 2519 nimis
272 2463 449 2538 concupiscit
461 2462 662 2521 delectationes
676 2466 815 2532 ciborum,
829 2484 887 2523 non
901 2469 1051 2532 tamenim,
1062 2465 1143 2538 quod
1153 2474 1261 2541 propte·
1283 2466 1362 2510 fif

173 2560 229 2618 hoc
242 2560 347 2617 faceret
365 2561 471 2634 aliquid
484 2574 581 2619 contra
600 2563 692 2641 legem
713 2564 780 2633 Dei,
793 2573 838 2620 est
856 2575 1002 2640 peccatum
1017 2556 1182 2623 veniale.'¹³
1226 2558 1309 2622 01
1336 2549 1360 2604 ‘b

173 2659 263 2716 solam
278 2660 449 2735 voluptatem
464 2679 554 2733 usque
568 2660 603 2718 ad
623 2664 779 2720 satietatem
792 2662 942 2723 comedere
957 2665 1001 2722 vel
1014 2665 1113 2722 bibere
1126 2675 1174 2722 est
1186 2665 1358 2740 culpe-²

172 2757 302 2823 venialis,
327 2777 413 2829 quum
434 2759 532 2825 homo,
555 2771 652 2836 utpote
671 2763 779 2820 ratione
799 2772 945 2837 prestans,
966 2763 1066 2822 debeat
1089 2763 1221 2822 altiorem
1243 2782 1269 2821 e·
1291 2762 1353 2807 ⁴¹¹¹

170 2855 363 2914 honestiorem
376 2859 429 2915 sibi
443 2859 617 2933 praestituere
637 2860 734 2919 tinem.
777 2861 883 2920 Merito
903 2863 987 2939 igitur
1000 2861 1134 2921 damnata
1146 2873 1193 2920 est
1205 2881 1345 2939 pro-‘-

172 2955 239 3012 sitio
252 2973 396 3028 sequens:
419 2967 437 2993 ‘⁶
447 2956 608 3017 comedere
622 2969 650 3015 et
668 2961 763 3018 bibere
780 2979 872 3033 nsque
895 2962 930 3019 ad
952 2963 1111 3020 satietatem
1126 2963 1164 3020 ob
1177 2962 1334 3020 solari:

173 3053 356 3130 voluptatem,
371 3069 485 3116 nonest
498 3070 656 3135 peccatum,
670 3058 756 3118 modo
771 3079 828 3118 non
843 3061 918 3118 obsit
930 3060 1095 3130 valetudini,
1110 3063 1181 3135 quia
1194 3061 1327 3120 licit&

173 3162 267 3228 potest
279 3157 421 3230 appetitus
435 3160 569 3216 naturalis
582 3160 642 3217 suis
656 3159 763 3216 actibus
777 3155 880 3218 trui.”⁴

211 3255 262 3308 rt.
284 3254 421 3328 Explicat
441 3257 472 3312 S.
496 3257 652 3332 Gregorius
667 3259 793 3335 Magnus
807 3278 865 3331 quo
878 3267 960 3335 pacto
973 3260 1038 3331 quis
1052 3257 1128 3336 gulae
1142 3259 1215 3316 vitio
1227 3260 1290 3316 in-

76 3412 79 3417 .
173 3347 313 3419 quinetur.
336 3352 499 3423 “Quinque
514 3353 606 3411 modis
616 3374 669 3412 nos
679 3356 752 3432 gulae
764 3359 865 3417 vitium
875 3367 969 3415 tentat
1010 3357 1176 3430 Aliquando
1190 3376 1281 3416 nam-

172 3462 228 3518 que
242 3444 404 3522 indigentiae
417 3458 545 3522 tempora
565 3455 720 3525 pravenit3
741 3456 893 3528 aliquando
905 3457 1038 3517 lautiores
1052 3456 1133 3514 cibos
1146 3456 1269 3529 quaeritr

172 3544 333 3616 aliquando,
349 3564 412 3618 qnoe
426 3548 564 3606 sumenda
576 3559 650 3618 sunt,
660 3555 813 3627 proparari
826 3557 984 3613 accuratius
995 3555 1120 3632 appetiti
1142 3555 1272 3628 aliquau-

171 3641 209 3701 do
218 3643 318 3719 inipsa
325 3647 475 3717 quantitate
485 3647 617 3707 sumendi
625 3668 787 3711 mensnram
796 3653 959 3713 reiectionis
967 3654 1098 3721 excedit;
1113 3654 1269 3727 aliqnando

207 3847 248 3910 (l)
264 3846 328 3908 Aug.
342 3846 552 3902 caturcensem.
566 3869 587 3902 c.
597 3853 630 3901 xi.
666 3855 708 3919 (2)
720 3853 797 3904 Cone,
807 3854 874 3906 Trid.
882 3856 946 3906 Sess.
955 3857 985 3905 ri
995 3856 1094 3906 Decds
1102 3856 1181 3922 justif.
1189 3873 1211 3906 c.
1223 3858 1257 3906 xi.

206 3930 249 3995 (³)
270 3931 301 3978 D.
314 3932 425 3982 Thomas
434 3939 456 3986 2.
469 3940 493 3984 2.
505 3952 546 4000 qu.
559 3939 638 3987 cxlvii.
650 3939 730 3989 attii.
766 3939 839 4006 Rerp.

206 4016 246 4080 (t)
266 4016 339 4082 Prop.
352 4019 401 4067 viii.
413 4020 564 4071 interdsmn.
575 4024 606 4073 ab
617 4023 702 4074 lnnoc.
719 4025 764 4074 XI.
