2744 4980
194 426 233 480 60
529 416 586 476 DE
607 415 721 477 LEGE
742 414 944 477 NATURAE.

197 585 252 643 nisi
264 591 402 657 quatenus
415 583 519 640 mentis
539 582 754 659 cogitationibus
774 579 843 652 quid
862 599 900 638 ex
912 583 975 657 ipsa
993 600 1088 641 rerum
1107 594 1205 643 natura
1217 586 1286 644 veti·

197 696 255 741 turn
268 684 314 750 sit,
328 682 465 754 liqueret:
488 690 508 717 ‘⁶
520 682 691 753 quicumque
705 679 781 737 enim
792 680 854 736 sine
863 680 927 756 lege
937 694 1134 756 peccavemnt,
1146 686 1208 743 sine
1222 686 1286 763 lege

197 781 419 859 peribunt-qui
432 780 585 839 ostendunt
597 798 670 854 opus
684 779 756 855 legis
775 778 912 853 scripturn
932 780 962 837 in
980 781 1112 840 cordibus
1125 785 1195 851 suis,
1210 788 1287 842 testi·

194 881 325 940 monium
337 880 472 938 reddente
486 879 542 937 illis
555 879 727 936 conscientia
740 878 879 953 ipsorum,
894 891 923 936 et
934 880 1007 937 inter
1019 900 1051 938 se
1071 884 1195 942 invicem
1210 886 1287 962 cogi-

194 980 346 1038 tationibus
360 979 570 1045 accusantibus,
584 977 729 1035 autetiam
742 971 1010 1036 defendentibus.”¹

238 1082 285 1134 ll.
307 1078 379 1143 Quae
388 1079 453 1155 jure
467 1087 572 1135 namra
586 1076 778 1154 prohibentur,
792 1076 829 1133 ob
838 1076 951 1135 insitam
965 1077 1072 1136 scilicet
1084 1081 1286 1157 turpitudinem

195 1187 225 1233 et
246 1176 393 1243 malitiam,
413 1176 492 1235 nullo
511 1186 593 1253 pacto
612 1194 737 1248 unquam
756 1186 878 1250 possunt
896 1177 979 1252 eulpa
1004 1196 1112 1246 vacare,
1133 1182 1187 1238 nisi
1208 1191 1286 1237 actus

194 1275 287 1350 ipsius
309 1284 407 1333 natura
428 1276 466 1334 ob
488 1273 618 1352 adjuncta
648 1272 776 1345 quaedam
801 1284 934 1332 mutetur.
985 1275 1071 1340 Quod
1096 1279 1181 1356 igitur
1205 1279 1287 1337 Deus

195 1373 316 1431 Abrahoe
330 1373 497 1450 praeceperit
508 1372 588 1430 Isaac
607 1371 764 1437 immolare,
778 1371 875 1429 Deum
897 1374 961 1431 vira
974 1383 1002 1429 et
1014 1378 1113 1433 mortis
1127 1377 1287 1436 dominium

193 1471 295 1528 habere
309 1471 441 1538 ostendit,
452 1489 511 1530 non
526 1481 619 1527 autem
632 1469 780 1529 homicidii
789 1481 941 1529 auctorem.
983 1471 1048 1529 Nec
1058 1476 1186 1534 criminis
1199 1478 1289 1553 hujus

194 1569 354 1646 arguendus
375 1580 419 1626 est
437 1568 574 1635 carnifex.
595 1570 644 1641 qui
660 1570 766 1646 justam
786 1571 888 1645 capitis
905 1572 1083 1640 sententiam,
1093 1575 1175 1650 juxta
1187 1576 1287 1650 legum

193 1668 334 1737 ordinem,
345 1670 506 1741 exequitur,
514 1685 581 1725 nam
594 1668 772 1743 magistratus
786 1676 805 1703 ‘⁴
815 1686 873 1726 non
883 1670 945 1726 sine
955 1688 1041 1727 causa
1048 1672 1171 1745 gladium
1184 1686 1286 1749 portat,

193 1767 250 1825 Dei
265 1770 344 1828 enim
356 1768 486 1827 minister
498 1760 590 1824 est.''²
629 1766 759 1833 Furtum,
774 1766 850 1839 quod
869 1766 918 1825 lex
931 1779 1036 1826 naturae
1050 1770 1189 1844 prohibet.
1204 1792 1285 1830 num·

194 1885 280 1939 quarn
291 1868 404 1926 licitum
417 1867 526 1925 evadit:
547 1865 628 1924 Deus
650 1875 755 1932 tamen,
768 1882 863 1924 rerum
883 1868 1011 1924 omnium
1025 1867 1178 1938 Dominus,
1193 1884 1286 1947 potest

193 1984 291 2023 earum
305 1966 464 2024 dominium
478 1965 512 2021 ab
524 1983 582 2022 uno
595 1963 630 2021 ad
643 1964 761 2021 alterum
774 1965 934 2031 transferre,
943 1984 995 2041 pro
1006 1984 1117 2025 summa
1130 1989 1186 2041 qua
1199 1970 1286 2045 pollet

191 2066 371 2122 auctoritate:
386 2072 556 2139 quapropter
569 2061 703 2121 Israelita
713 2080 780 2119 vasa
793 2082 855 2135 quae
869 2063 978 2122 lucrant
987 2063 1194 2141 AEgyptiorum
1208 2070 1284 2126 aufe-

190 2172 295 2229 rentes,
309 2163 375 2221 furti
387 2181 445 2221 non
458 2171 538 2220 erant
549 2163 601 2229 rei,
615 2180 704 2235 quum
717 2161 808 2229 Deus,
822 2163 858 2220 ob
871 2163 988 2240 injurias
1002 2164 1058 2221 illis
1071 2165 1170 2235 illatas,
1185 2186 1283 2224 vasum

191 2262 404 2321 retinendorum
426 2264 476 2339 jus
502 2263 545 2320 eis
571 2261 747 2320 contulisset.
789 2260 873 2319 Osee
906 2262 1050 2339 propheta
1076 2265 1156 2324 Deus
1183 2266 1285 2324 dicitur

188 2363 312 2439 jussisse
328 2372 359 2419 ut
377 2362 556 2420 meretricem
574 2361 699 2428 duceret,
714 2372 742 2418 et
753 2359 829 2419 tilios
843 2361 1060 2420 somicationum
1073 2382 1109 2421 ex
1123 2382 1157 2421 ea
1175 2382 1284 2440 procre-

192 2474 269 2518 aret:
292 2461 344 2519 sed
367 2462 435 2519 satis
456 2461 622 2537 intelligitur
641 2477 802 2518 sermonem
822 2478 886 2516 esse
906 2458 941 2518 de
961 2462 1028 2518 tiliis
1054 2462 1233 2537 procreandis
1254 2465 1282 2521 in

191 2561 320 2637 legitimo
341 2561 476 2637 conjugio
498 2577 536 2616 ex
558 2557 676 2616 muliere
699 2576 762 2630 quae
785 2558 864 2634 prius
886 2560 1074 2618 meretriciam
1097 2572 1184 2619 artem
1204 2581 1284 2620 exer·

192 2670 298 2726 cuerat,
313 2661 394 2736 cujus
408 2660 471 2726 filii,
485 2668 581 2716 notam
595 2658 691 2715 matris
705 2655 836 2723 serentes,
847 2657 899 2714 filii
912 2656 1281 2718 somicationumvocantur.

236 2763 284 2816 12.
305 2757 392 2825 Quod
405 2757 504 2815 sratres
517 2766 546 2814 ct
558 2774 669 2814 sorores
682 2756 713 2813 in
726 2753 844 2813 humani
857 2756 968 2831 generis
981 2757 1107 2815 exordiis
1120 2760 1284 2834 conjugium

192 2859 320 2931 inierint,
334 2876 371 2914 ex
384 2858 552 2915 necessitate
567 2855 671 2915 lachim
690 2846 758 2921 est,³
778 2873 833 2927 qua
855 2855 1018 2913 excusabile
1040 2856 1107 2915 suit:
1130 2867 1284 2933 propagato

192 2968 286 3014 autern
309 2974 413 3032 genere
436 2956 571 3022 humano,
599 2955 633 3012 ab
659 2952 824 3030 hujusmodi
843 2955 986 3012 consertio
1011 2956 1143 3013 naturalis
1168 2957 1284 3013 retrahit

192 3055 295 3131 pudor.
339 3055 443 3112 Utrum
457 3065 550 3112 autem
564 3052 598 3110 ad
611 3053 704 3127 legem
718 3062 822 3109 naturae
842 3051 1005 3110 referendus
1018 3055 1055 3110 sit
1067 3054 1222 3111 honestatis
1236 3055 1284 3112 hic

193 3172 297 3211 sensus
310 3153 490 3230 disceptamr,
504 3161 570 3209 sunt
581 3152 658 3209 enim
672 3151 720 3222 qui
734 3170 799 3208 eum
814 3150 907 3228 adjus
920 3152 1046 3228 gentium
1059 3152 1191 3215 referunt,
1205 3163 1285 3210 natu·

193 3254 244 3309 rali
253 3254 312 3330 juri
325 3253 489 3330 proximum
502 3261 530 3309 et
541 3267 709 3309 consonum.

237 3356 283 3409 13.
299 3351 372 3410 Hac
383 3350 617 3427 exemplautique
630 3365 689 3407 uon
703 3349 847 3407 infirmant
857 3348 960 3424 legem,
972 3367 1028 3420 qua
1040 3349 1138 3406 vitium
1153 3370 1170 3406 a
1183 3351 1283 3407 virtute

192 3452 357 3517 secernitur,
373 3469 458 3523 quam
471 3451 528 3507 vim
542 3448 645 3521 ubique
658 3456 690 3504 et
708 3466 821 3523 semper
841 3448 977 3513 obtinere,
1001 3447 1115 3523 agnovit
1133 3449 1194 3524 ipse
1214 3449 1284 3505 'l'ul-

191 3547 263 3605 lius:
286 3558 305 3583 “
315 3547 400 3606 Hanc
414 3549 500 3626 igitur
511 3546 593 3605 video
607 3547 879 3623 sapientissimorum
898 3545 985 3603 fuisse
998 3547 1176 3613 sententiam,
1189 3548 1284 3623 legem

191 3664 284 3719 neque
304 3647 454 3705 hominnm
473 3646 594 3722 ingeniis
616 3647 813 3723 excogitatam,
834 3663 926 3718 neque
951 3647 1054 3704 scitum
1080 3646 1194 3719 aliquod
1219 3665 1283 3703 esse

192 3747 374 3823 populorum,
388 3745 439 3803 sed
453 3755 590 3804 arternum
602 3743 746 3819 quiddam,
757 3743 834 3816 quod
847 3744 1010 3802 universum
1024 3744 1161 3802 mundum
1175 3753 1285 3821 regeret

193 3845 350 3923 imperandi
364 3843 589 3920 prohibendique
602 3843 749 3920 sapientia.
791 3844 834 3901 Ita
854 3843 1011 3919 principem
1034 3844 1111 3902 illam
1133 3845 1238 3920 legem,
1255 3856 1283 3900 et

191 3944 319 4002 ultimam
337 3954 462 4003 mentem
482 3962 546 4002 esse
565 3943 695 4004 dicebant
712 3944 808 4003 omnia
826 3943 933 4002 ratione
956 3952 1003 4000 aut
1021 3944 1158 4020 cogentis,
1172 3955 1219 4001 aut
1238 3961 1284 3999 ve·

193 4044 275 4101 tantis
288 4039 395 4102 Dei.”⁴

228 4270 270 4335 (1)
284 4269 508 4322 Remuria-15.
1011 4268 1054 4333 (2)
1075 4266 1146 4316 Rom.
1155 4266 1206 4316 xiii.
1215 4268 1240 4316 4.

229 4358 271 4425 (ἃ)
290 4356 354 4407 Vidit
365 4356 392 4403 S.
404 4357 511 4420 August.
523 4356 539 4406 1.
550 4370 592 4406 xv.
602 4354 633 4406 de
641 4353 688 4404 cir.
700 4351 749 4405 Dei
756 4369 778 4405 c.
790 4352 842 4403 xvi.
1010 4352 1052 4417 (l)
1071 4350 1101 4402 L.
1114 4352 1137 4401 ii.
1146 4352 1176 4401 de
1186 4352 1233 4413 leg.

257 4532 292 4593 ’ἓν
