2766 4996
305 481 362 541 DE
382 482 436 550 VI,
456 481 591 551 METU‚
611 482 669 542 ET
689 482 1077 547 CONCUPISOENTIA.
1190 496 1225 550 17

140 648 220 705 omni
234 647 319 723 culpa
330 657 457 715 excusat,
471 666 560 720 quum
573 668 654 707 mens
667 667 724 707 nou
738 650 775 706 sit
785 650 878 728 legem
892 651 1015 719 serentis,
1029 663 1061 710 ut
1073 671 1138 711 cum
1153 663 1228 712 tanto

140 745 324 805 incommodo
336 757 365 804 ct
376 745 481 804 damno
492 747 541 804 lex
554 748 667 824 obliget
702 749 752 804 Sic
764 760 914 808 exeusamr
926 751 961 809 ab
973 750 1112 809 audienda
1124 751 1226 819 Missa,

140 848 191 918 qui
205 855 316 903 veretur
327 864 363 902 ne
376 863 443 903 eum
456 846 605 904 ecclesiam
624 846 772 904 adeuntem
795 850 926 907 inimicus
949 841 1119 908 interficiat¹
1157 849 1227 909 Non

141 955 237 1002 autem
249 943 429 1002 excusandus
442 945 548 1017 estqui
561 956 638 1002 metu
657 946 742 1003 etiam
761 949 839 1022 gravi
857 948 970 1008 simulat
988 957 1226 1007 sacramentorum

141 1042 420 1109 administrationem,
436 1061 524 1114 quum
539 1041 656 1101 Christo
675 1062 773 1101 eorum
794 1047 900 1104 auctori
914 1047 961 1102 fiat
973 1047 1085 1122 injuria,
1099 1057 1128 1103 et
1139 1048 1226 1106 errori

141 1142 173 1198 in
186 1143 340 1200 animarum
354 1141 508 1218 perniciem
531 1140 568 1198 de
588 1151 761 1200 sacramento
783 1153 916 1220 percepto
935 1143 1016 1201 detur
1034 1144 1131 1201 locus:
1160 1164 1227 1217 qua·

142 1249 258 1315 propter
269 1239 450 1298 Innocentius
464 1239 518 1297 XI.
539 1238 680 1298 damnavit
697 1254 862 1314 sequentem
885 1243 1122 1318 propositionem:
1145 1243 1227 1302 “Ur-

142 1356 213 1414 gens
232 1350 322 1396 metus
342 1340 434 1416 gravis
454 1348 497 1396 est
510 1358 594 1396 causa
608 1340 686 1416 justa
704 1351 939 1399 sacramentorum
960 1339 1226 1402 administrationem

141 1431 342 1497 simulandi.”²

178 1539 228 1593 24.
255 1536 503 1616 Concupiscmtiu
522 1539 687 1615 plerumque
707 1541 814 1617 peccati
834 1541 1119 1618 somesintelligitir13
1143 1543 1225 1600 latius

141 1644 234 1693 tamen
248 1636 323 1713 apud
336 1637 483 1715 theologos
496 1648 580 1714 patet,
595 1640 715 1696 sumitur
727 1639 833 1696 scilicet
846 1659 897 1716 pro
910 1649 988 1699 motu
1003 1640 1128 1712 quolibet
1140 1659 1225 1718 appe·

143 1733 209 1791 titus
233 1736 262 1792 in
291 1755 336 1793 res
359 1738 488 1795 sensibus
514 1738 664 1814 subjectas.
705 1737 794 1794 “Per
819 1738 1108 1814 concupiscentism‚”
1136 1741 1228 1812 iuquit

140 1832 297 1909 Angelieus
310 1834 426 1902 Doctor‚
441 1845 461 1872 “
470 1835 598 1894 voluntas
611 1834 760 1893 inclinatur
772 1834 806 1891 ad
820 1835 971 1893 volendum
991 1835 1021 1892 id
1034 1836 1110 1907 quod
1123 1855 1226 1894 concu-

143 1931 244 2004 piscit:
261 1943 295 2008 et
307 1931 369 1989 ideo
382 1935 608 2011 concupiscentia
624 1934 715 2010 magis
737 1933 803 1990 tacit
824 1932 859 1990 ad
879 1933 944 1999 hoc,
966 1931 1043 2007 quod
1063 1932 1169 2007 aliquid
1190 1936 1228 1992 sit

142 2027 340 2099 voluntarium,
354 2050 438 2103 quem
458 2033 535 2105 quod
557 2033 594 2089 sit
609 2026 875 2090 involuntarium.”³
913 2033 985 2098 Quae
1004 2049 1041 2090 ex
1054 2020 1148 2109 'prava
1160 2052 1227 2093 con·

141 2128 292 2186 suetudine
305 2130 392 2187 oritur
404 2132 633 2207 eoncupiscentia
652 2131 759 2207 peccati
780 2132 916 2189 rationem
932 2140 1025 2208 auget,
1039 2150 1128 2205 quum
1141 2151 1227 2192 causa

140 2226 177 2282 sit
202 2227 366 2286 omnimodo
391 2227 556 2296 voluntaria,
583 2239 611 2285 et
636 2229 789 2287 deliberato
809 2231 904 2287 animo
923 2221 1064 2288 foveatur:
1093 2231 1227 2290 “Passio

142 2334 237 2381 autem
247 2345 423 2400 consequens
432 2346 489 2386 non
500 2327 632 2385 diminuit
640 2337 799 2403 peecatum,
808 2327 858 2384 sed
868 2329 959 2404 magis
969 2339 1063 2404 auget,
1074 2329 1120 2385 vel
1132 2331 1227 2405 potius

142 2433 187 2478 est
200 2423 310 2500 signum
323 2426 525 2503 magnitudinis
538 2426 611 2501 ejus,
626 2427 654 2483 in
668 2437 804 2499 quantum
825 2427 932 2483 seilicet
951 2426 1126 2485 demonstrat
1138 2428 1227 2487 inten-

141 2521 252 2579 sionem
266 2523 415 2581 voluntatis
429 2525 464 2583 ad
478 2533 571 2582 actum
591 2527 709 2599 peccati,
731 2537 759 2582 et
778 2525 819 2582 sic
840 2544 938 2583 verum
959 2536 1002 2582 est
1024 2527 1102 2598 quod
1121 2539 1226 2599 quanto

140 2619 243 2692 aliquis
254 2623 354 2699 majori
362 2623 479 2683 libidine
489 2623 535 2680 vel
544 2624 773 2699 concupiscentia
783 2634 891 2699 peccat,
899 2634 975 2682 tanto
984 2627 1073 2701 magis
1082 2621 1227 2702 peccat.'’⁴

141 2716 219 2775 Hinc
233 2720 357 2797 theologi
370 2723 463 2779 solent
474 2721 567 2779 dicere
589 2722 846 2798 concupiscentiam
865 2721 1083 2782 antecedentem
1103 2723 1226 2798 plerum·

140 2835 196 2889 que
218 2818 345 2876 minuere
365 2830 523 2896 peccatum,
544 2840 602 2893 quo
622 2823 699 2879 enim
720 2822 811 2898 major
830 2832 874 2877 est
886 2820 1046 2896 proclivitas
1064 2831 1091 2877 et
1103 2821 1225 2895 impetus

141 2917 293 2991 appetitus,
314 2937 348 2975 eo
371 2920 466 2978 minor
485 2928 527 2975 ost
550 2918 665 2976 facultas
687 2917 851 2976 resistendi:
879 2919 1137 2994 concupiscentiam
1160 2919 1225 2978 verd

141 3023 365 3091 consequentem
376 3036 477 3094 augere
488 3026 645 3093 peccatum,
661 3035 749 3090 quum
759 3018 863 3075 oriatur
875 3036 913 3076 ex
926 3036 1010 3077 causa
1022 3017 1110 3077 libere
1123 3019 1224 3096 posita.

177 3119 228 3171 25.
253 3114 351 3172 Motus
374 3117 610 3192 concupiscentia)
629 3117 838 3194 primo-princi
854 3117 1060 3176 ascholasticis
1074 3116 1151 3184 dicti,
1166 3119 1227 3188 qui·

139 3214 193 3269 bus
207 3212 315 3270 seilicet
327 3214 483 3271 nullatenus
501 3215 629 3273 voluntas
651 3217 799 3281 consentit,
821 3217 926 3289 quique
944 3218 974 3273 in
997 3217 1078 3272 nobis
1099 3216 1226 3272 oriuntur

139 3310 258 3367 omnino
271 3311 374 3383 absque
387 3313 479 3381 nobis,
499 3313 583 3388 culpa
603 3323 702 3370 vacant
721 3331 808 3383 quum
822 3331 879 3368 non
901 3314 958 3367 sint
970 3311 1135 3374 voluntarii:
1159 3330 1226 3380 qua·

141 3417 257 3484 propter
268 3407 394 3468 damnata
407 3422 450 3469 est
464 3411 529 3486 Baji
543 3410 713 3486 propositio:
740 3417 758 3442 “
768 3408 867 3466 Motus
888 3407 967 3484 pravi
989 3408 1225 3484 concupiscentie

139 3518 205 3564 sunt
221 3525 274 3583 pro
287 3518 357 3566 statu
371 3509 496 3568 hominis
510 3508 597 3565 vitiati
611 3507 743 3584 prohibiti
757 3516 913 3583 precepto:
939 3507 1007 3564 Nou
1020 3508 1224 3584 concupisces:

137 3604 212 3663 unde
222 3604 310 3664 homo
320 3625 370 3665 eos
382 3610 506 3665 sentiens
520 3617 548 3662 et
559 3626 617 3665 non
630 3608 809 3665 consentiens
824 3605 1023 3683 transgreditur
1035 3616 1223 3684 preceptum:

137 3722 196 3761 non
206 3707 408 3782 concupisces:
424 3705 553 3780 quamvis
567 3707 752 3781 transgressio
760 3706 789 3763 in
803 3715 949 3780 peccatum
960 3723 1017 3763 non
1030 3701 1226 3782 deputemr.·’⁵

174 3897 216 3961 (l)
236 3896 285 3945 Jer.
298 3895 392 3960 Tsylor
403 3896 466 3946 Duc.
478 3896 544 3947 Dub.
556 3897 571 3945 l.
583 3895 617 3945 iii.
625 3911 646 3945 c.
657 3894 675 3944 i.
688 3896 728 3945 eit
747 3893 881 3944 “Nomen
894 3894 915 3944 is
924 3892 1006 3944 bound
1019 3901 1044 3942 ιο
1056 3909 1087 3954 go
1098 3899 1124 3941 ιο
1135 3890 1226 3942 church

137 3996 169 4030 on
181 3996 196 4029 a
207 3981 302 4031 festival
313 3990 339 4031 to
349 3980 408 4031 bear
419 3981 501 4030 divine
512 3981 602 4030 service
612 3978 684 4029 wben
697 3995 729 4029 an
740 3994 829 4042 enemy
841 3979 884 4028 lies
893 3977 920 4027 in
931 3977 989 4026 weit
1001 3984 1026 4025 to
1037 3975 1080 4024 kill
1091 3974 1157 4023 him:
1174 3973 1227 4026 that

136 4067 165 4124 is.
177 4064 218 4114 the
230 4066 291 4115 lews
301 4065 330 4114 ol
344 4065 385 4115 tbe
396 4064 488 4115 eburch
500 4081 563 4114 were
573 4061 689 4114 intended
703 4064 740 4114 lor
751 4065 793 4114 the
804 4063 868 4124 good
879 4061 907 4110 ot
915 4061 955 4110 the
962 4059 1024 4119 soul,
1036 4057 1092 4118 end,
1103 4057 1227 4121 thensoro,

136 4157 181 4198 not
192 4147 295 4198 suffered
305 4157 331 4198 to
342 4148 374 4197 do
385 4148 442 4197 burt
454 4157 478 4197 to
487 4148 528 4197 the
538 4146 627 4212 body.’'

174 4235 217 4297 (2)
237 4233 311 4297 Prop.
321 4233 389 4283 xxix.
401 4233 464 4283 inter
474 4232 609 4293 damnatus,
621 4246 687 4282 enno
702 4232 776 4278 1669.

172 4317 216 4384 (8)
239 4318 261 4363 1.
273 4318 298 4364 2.
310 4330 352 4380 qu.
364 4315 396 4364 ri.
407 4324 444 4366 ert
455 4316 496 4366 rii.
509 4315 584 4382 neap.
705 4313 748 4378 (4)
767 4310 859 4362 Ibidem
871 4327 913 4377 qu.
925 4311 1009 4362 lxxvii.
1021 4320 1064 4363 ert.
1075 4312 1108 4362 vi.
1119 4311 1194 4380 Resp.

173 4399 217 4465 (5)
236 4396 309 4463 Prop.
321 4400 362 4448 75.
694 4467 732 4521 ὃ,
