2744 4980
180 426 236 480 190
539 417 596 478 DE
617 417 882 478 PRIVILEGIIS.

177 587 413 663 impedimentum
426 595 569 660 praecepto
582 583 732 649 servando,
743 583 827 641 debet
839 586 902 657 quis
917 602 952 643 eo
962 584 1022 641 uti:
1038 603 1066 642 v.
1081 603 1100 661 g
1111 605 1118 641 ε
1133 586 1159 642 si
1173 604 1266 643 sacer·

176 686 228 744 dos
243 685 335 743 altaris
349 684 488 760 portatilis
503 683 653 758 privilegio
667 681 796 757 gaudeat,
811 694 839 740 et
851 684 881 740 in
893 683 940 741 die
960 682 1032 740 sesto
1052 683 1152 759 procul
1173 684 1210 740 sit
1231 684 1267 739 ab

174 785 304 851 ecelesia,
318 781 403 841 debet
414 781 556 840 celebrare
576 781 606 838 in
627 780 713 838 domo
734 781 850 856 privata,
865 780 1025 861 ¹dummodo
1046 782 1142 840 omnia
1163 794 1267 856 praesto

175 885 232 941 sint
244 881 279 939 ad
292 880 440 939 decentem
453 879 583 936 sacrificii
602 879 830 937 celebrationem.
873 879 922 938 Sic
935 881 1020 936 etiam
1033 889 1143 937 tenetur
1156 879 1268 937 conses-

175 983 265 1039 sarius
279 980 430 1055 privilegio
443 975 607 1035 absolvendi
626 996 642 1033 a
654 978 802 1035 reservatis
821 979 871 1044 uti,
892 989 958 1054 post
970 977 1094 1035 auditam
1107 977 1266 1035 consessio-

176 1097 252 1144 nem,
267 1079 292 1135 si
306 1078 446 1153 poenitens
459 1077 497 1133 sit
508 1076 560 1133 rite
574 1073 745 1151 dispositus3
767 1093 855 1148 quum
868 1076 993 1149 alioquin
1007 1077 1100 1154 gravis
1114 1075 1266 1135 inferretur

177 1180 205 1237 ei
219 1175 331 1253 injuria.

217 1279 265 1333 66.
287 1274 442 1350 Privilegia
462 1271 571 1332 localia
592 1284 673 1332 extra
692 1275 861 1332 territorium
881 1293 940 1332 non
959 1275 1071 1332 valent:
1089 1271 1266 1351 personalia

177 1372 244 1432 verb
258 1373 500 1439 circumferuntur,
514 1373 540 1429 si
553 1392 570 1429 a
582 1390 716 1448 suprema
728 1373 890 1430 auctoritate
909 1372 1015 1430 fuerint
1031 1390 1187 1436 concessa;
1208 1373 1266 1429 imo

175 1474 201 1530 si
214 1473 248 1530 ab
262 1471 388 1528 inferiori
401 1471 521 1545 praesule
540 1471 576 1526 ob
590 1470 743 1547 specialem
763 1468 956 1528 conditionem
976 1488 1104 1545 persone
1123 1488 1161 1526 ex
1181 1472 1267 1541 squi-

177 1581 231 1628 tate
245 1568 367 1640 quadam
381 1569 439 1624 vim
451 1561 601 1624 obtinent¹
644 1566 701 1631 Qui
715 1566 745 1623 in
764 1567 841 1624 bulla
856 1567 999 1626 Cruciata
1013 1567 1152 1643 Hispanis
1166 1585 1266 1625 conce·

176 1668 251 1726 ditur
260 1667 464 1724 lacticiniorum
473 1665 503 1722 in
514 1663 736 1741 Quadragesima
743 1683 822 1732 usus,
833 1665 1018 1741 eleemosyna
1026 1663 1149 1738 quadam
1163 1666 1193 1722 in
1206 1667 1268 1741 pios

177 1784 247 1824 usus
260 1765 394 1840 injuncta,
408 1762 498 1820 locale
511 1762 613 1821 dicitnr
632 1782 649 1819 a
661 1762 796 1820 Suaresio
817 1763 1007 1839 privilegium,
1021 1762 1099 1835 quod
1112 1773 1192 1820 extra
1205 1763 1266 1821 diti-

177 1882 263 1923 onem
285 1861 509 1938 Hispaniensem
529 1879 587 1918 non
609 1854 717 1917 valet:²
736 1862 943 1937 quamvisjam
963 1862 1072 1937 passim
1092 1860 1266 1919 abstinentias

178 1963 256 2038 leges
270 1981 305 2020 eo
319 1970 455 2036 pretextu
468 1958 617 2017 violentur.
660 1958 717 2024 Qui
730 1958 766 2016 ob
785 1959 927 2017 infirmam
939 1957 1127 2017 idemdinem
1148 1960 1268 2018 obtinuit

177 2060 322 2119 licebtiam
335 2060 465 2117 carnibus
478 2055 622 2124 vescendi,
643 2057 745 2132 poterit
763 2075 797 2114 ea
814 2058 921 2130 ubique
940 2059 991 2125 uti,
1012 2055 1064 2114 sed
1077 2057 1268 2116 offensionem

178 2158 305 2217 fidelium
319 2158 406 2214 vitare
419 2155 511 2223 debet,
524 2164 553 2212 et
564 2155 713 2214 ordinariis
731 2154 859 2214 locorum
876 2155 987 2215 deferre
1006 2158 1203 2224 reverentiam,
1217 2175 1265 2233 pe·

179 2258 228 2315 tita
240 2257 332 2322 venia,
347 2256 372 2312 si
385 2255 422 2312 sit
434 2254 546 2312 occasio
559 2253 660 2313 facilis.

121 2436 146 2445 „.
218 2358 267 2413 67.
288 2353 473 2430 Privilegium
486 2363 578 2410 cessat
589 2351 671 2430 lapsu
684 2353 829 2430 temporis,
843 2353 956 2427 quando
973 2364 1064 2413 certus
1084 2356 1223 2413 terminus
1237 2357 1267 2413 in

178 2450 287 2510 indulto
300 2451 383 2508 fuerit
395 2452 578 2509 constitimus:
599 2460 628 2509 et
646 2452 732 2509 etiam
751 2453 909 2511 cessatione
928 2470 1020 2511 causoe
1034 2452 1136 2520 findis,
1152 2462 1268 2528 propter

177 2567 263 2622 quam
276 2565 444 2606 concessum
457 2559 525 2615 erat,
539 2550 563 2606 si
583 2568 617 2607 ea
637 2559 782 2622 tamquam
799 2550 961 2610 conditione
982 2544 1116 2609 nitaturs⁸
1134 2569 1220 2608 secus
1242 2551 1267 2607 si

178 2649 326 2706 concessio
340 2646 572 2715 montaniolos,
586 2649 627 2705 uti
640 2649 737 2723 opinio
750 2647 832 2706 valde
846 2649 997 2725 probabilis
1011 2645 1081 2706 est.⁴
1120 2650 1267 2707 Amittitur

179 2763 230 2821 per
237 2764 322 2803 usum
329 2746 509 2812 eontrarium,
518 2745 563 2804 vel
571 2763 730 2813 nonusum‚
738 2764 789 2822 per
796 2746 1216 2823 spatiumodpraescriptionem
1226 2764 1268 2802 re-

178 2845 323 2916 quisitum,
333 2844 358 2899 si
368 2843 548 2918 privilegium
554 2844 617 2902 aliis
625 2845 662 2901 sit
670 2843 838 2903 detrimento
848 2865 855 2901 :
867 2854 1039 2922 quapropter
1047 2846 1203 2922 templariis
1211 2844 1268 2902 sibi

178 2940 383 3005 vindicantibus
397 2941 604 3000 immunitatem
620 2962 637 3000 a
655 2941 774 3000 decimis
787 2941 900 3002 cuidam
919 2945 1091 3002 monasterio
1110 2942 1267 3010 solvendis,

174 3039 262 3113 jussit
274 3038 456 3098 innocentius
469 3039 524 3098 ΙΙΙ.
539 3058 590 3097 eos
603 3039 638 3097 ad
651 3039 820 3099 solvendum
833 3040 986 3118 cogendos,
1005 3043 1031 3100 si
1051 3051 1202 3109 constaret,
1217 3059 1267 3100 ex·

178 3138 271 3195 amine
285 3137 422 3204 instituto,
436 3154 486 3195 eos
499 3155 551 3213 per
562 3137 746 3215 quadraginta
765 3157 855 3198 annos
876 3139 1006 3217 proxime
1027 3140 1139 3216 elapsos
1159 3141 1268 3212 absque

179 3237 228 3295 lite
252 3236 389 3293 solvisse:
412 3242 506 3293 “cum
527 3237 604 3295 enim
624 3245 700 3295 tanto
722 3247 848 3313 tempore
871 3249 969 3297 contra
989 3237 1098 3296 indulta
1120 3238 1269 3314 privilegis

179 3334 305 3393 decimas
319 3334 463 3401 solverint,
477 3334 518 3391 eis
535 3335 710 3393 renuntiasse
723 3323 812 3393 'tacite
832 3332 1087 3412 presumuntur.”⁵
1127 3335 1161 3392 Si
1174 3346 1269 3394 autem

182 3433 363 3509 privilegium
376 3432 494 3490 aliorum
503 3433 569 3509 jura
581 3451 639 3492 non
651 3432 742 3501 iaedat,
763 3451 821 3493 non
841 3435 974 3492 amittitur
992 3453 1044 3512 per
1063 3452 1148 3493 usum
1160 3445 1269 3492 eontra·

179 3531 261 3587 rium.
304 3530 382 3587 Hinc
402 3531 448 3586 cui
461 3530 546 3588 breve
564 3533 680 3589 recitare
700 3520 1008 3601 officium'fconcessum
1027 3543 1079 3599 ast,
1093 3542 1188 3609 potest
1200 3530 1271 3590 illud

184 3626 289 3692 dicere,
305 3626 357 3681 etsi
370 3628 573 3702 perplurimos
586 3646 676 3686 annos
688 3628 802 3704 longius
821 3631 958 3698 officium,
978 3629 1120 3707 privilegii
1133 3629 1210 3688 haud
1223 3649 1270 3689 so·

178 3723 456 3792 licitus‚recitaverit.
478 3725 592 3781 Abusus
602 3726 744 3803 privilegii
747 3728 855 3803 justam
864 3729 971 3805 prabet
986 3730 1136 3807 Superiori
1153 3747 1270 3788 causam

179 3822 249 3882 illud
262 3820 420 3890 auferendi,
435 3823 503 3895 quia
523 3823 733 3900 “privilegium
753 3835 877 3885 meretur
897 3828 1033 3895 amittere,
1055 3828 1105 3901 qui
1126 3827 1268 3906 permissa

216 4021 258 4087 (t)
272 4019 364 4070 Suam
375 4019 460 4082 dslsg.
468 4021 483 4070 Ι.
495 4021 545 4072 viii.
557 4037 579 4072 ο.
590 4022 658 4072 xxvi.
669 4022 744 4073 nli.
910 4023 1070 4088 (2)1bidsm.

218 4104 260 4167 (θ)
273 4101 303 4151 G.
316 4100 376 4164 Lag.
387 4103 531 4170 quatienda
543 4105 654 4170 precibus
665 4105 804 4172 imperatori
815 4103 954 4157 offerendis.
994 4114 998 4119 ’

217 4185 260 4252 (4)
274 4184 300 4234 Β.
313 4184 388 4250 Alpb.
399 4201 454 4251 app.
465 4187 490 4238 ii.
501 4185 531 4238 de
537 4189 607 4255 prio.
617 4204 643 4239 n.
655 4189 688 4239 xi.
852 4191 892 4256 (b)
907 4188 969 4254 Cap.
981 4205 1021 4239 xv.
1033 4188 1063 4239 ds
1072 4189 1152 4254 privil.
