2744 4980
561 1150 702 1211 CAPUT
723 1152 776 1212 1v.

457 1364 497 1404 DE
517 1366 661 1409 encoma
681 1369 887 1410 currentum.

522 1587 575 1662 §l.
596 1589 644 1646 Du
659 1606 816 1648 sursums-
1211 1658 1233 1701 ι

164 1786 216 1840 35.
238 1781 382 1841 Paccius
395 1783 563 1858 capitalius
584 1785 686 1857 quibus
707 1796 851 1858 tamquam
870 1785 995 1844 fontibus
1009 1784 1100 1844 fluunt
1122 1805 1221 1863 pecea-

124 1891 219 1940 torum
229 1879 321 1948 rivuli,
335 1890 445 1958 septem
455 1894 654 1942 recensentur:
676 1885 816 1961 superbia,
830 1885 949 1954 seilicet,
962 1885 1087 1952 avaritia,
1101 1885 1220 1950 invidia,

125 1980 177 2047 ira,
192 1979 298 2047 acedia,
312 1980 388 2056 gula,
402 1979 524 2039 luxuria.

164 2083 215 2137 36.
236 2078 376 2155 Superbia
388 2089 433 2136 est
445 2079 619 2138 inordinatus
639 2082 779 2157 appetitus
792 2082 912 2158 propriae
933 2080 1128 2140 excellentiae:
1150 2100 1210 2155 quo

125 2177 215 2236 homo
228 2195 315 2254 supra
327 2195 358 2236 se
372 2176 496 2245 effertur,
509 2179 631 2238 nimium
645 2180 699 2238 sibi
712 2180 847 2248 tribuens,
856 2179 902 2237 vel
914 2198 1001 2256 supra
1010 2177 1081 2237 alios
1091 2181 1215 2238 nimium

126 2293 157 2333 se
171 2276 291 2334 extollit
331 2276 387 2334 Est
396 2285 542 2352 peecatum
552 2279 761 2355 gravissimum,
773 2279 1010 2351 quotiescumque
1020 2276 1108 2335 homo
1122 2277 1216 2335 ordini

127 2378 216 2446 qdem
229 2373 309 2432 Deus
323 2376 420 2434 statuit
439 2376 556 2434 subesse
568 2377 670 2444 renuit,
684 2387 713 2433 et
725 2387 830 2445 mente,
845 2375 890 2433 vel
902 2377 1055 2442 voluntate,
1071 2374 1098 2433 ei
1110 2386 1224 2454 repugs

126 2482 182 2530 nat
226 2473 370 2532 “Initium
390 2474 529 2549 superbie
548 2475 684 2543 hominis,
705 2485 862 2551 apostatare
883 2495 899 2532 a
921 2475 1005 2534 Deo:
1028 2475 1164 2547 quoniam
1186 2472 1221 2532 ab

127 2588 162 2628 eo
174 2573 225 2644 qui
242 2570 310 2628 lecit
320 2572 412 2639 illum,
424 2574 544 2629 recessit
562 2592 611 2630 oor
624 2575 686 2650 ejus
698 2592 706 2639 ;
727 2575 860 2646 quoniam
882 2573 994 2631 initium
1005 2573 1100 2632 omnis
1109 2566 1245 2661 peeoa‘fl

127 2678 171 2726 est
190 2670 339 2746 superbia:
360 2672 410 2743 qui
429 2670 549 2728 tenuerit
567 2671 655 2738 illam,
676 2681 703 2727 et
716 2668 914 2747 adimplebitur
927 2671 1141 2753 maledietisgpt
1153 2671 1219 2727 sub·

127 2777 216 2825 vertet
236 2769 354 2827 eumin
376 2760 512 2827 tinem.’'¹
551 2770 628 2827 Hinc
651 2768 721 2827 dicit
739 2768 904 2844 Sapientia:
929 2752 1169 2844 “Arrogrintiam
1192 2779 1220 2822 et

128 2867 301 2942 superbiam,
315 2877 344 2924 et
366 2869 440 2925 viam
461 2886 586 2943 pravam,
601 2877 630 2925 et
649 2885 682 2924 os
703 2866 829 2944 bilingue
849 2859 1021 2923 detestor.'’²
1060 2864 1218 2940 Apostolus

127 2983 242 3037 quoque
256 2974 275 3000 “
284 2967 433 3042 superbos,
447 2965 568 3034 elatos‚”
578 2968 650 3025 inter
662 2984 713 3023 eos
725 2974 854 3022 recenset
866 2966 916 3038 qui
929 2965 1008 3042 digni
1022 2974 1089 3022 sunt
1102 2953 1220 3022 morte.³

127 3063 428 3139 Sapeetiamdioitur:
452 3064 561 3123 “Deus
575 3065 704 3142 superbis
714 3059 867 3122 resistit.”⁴
907 3065 939 3122 S.
955 3064 1099 3141 Gregorio
1109 3060 1220 3139 judice,

129 3158 403 3222 “evidentissimum
416 3165 602 3240 reproborum
615 3165 728 3240 signum
743 3174 786 3220 est
797 3164 950 3239 superbia:
972 3173 1000 3221 at
1012 3173 1109 3220 eontra
1125 3161 1221 3218 humi·

127 3261 191 3318 litas
204 3256 383 3320 electorum.⁵
424 3262 531 3321 Ordine
552 3273 644 3320 autem
664 3269 784 3328 servato,
800 3261 883 3320 elatio
897 3260 1027 3332 quadam
1048 3260 1137 3317 animi
1154 3252 1224 3316 non·

128 3360 186 3418 nisi
200 3360 319 3418 venialis
333 3368 385 3428 est,
399 3363 424 3419 si
439 3362 510 3419 absit
523 3362 709 3438 Superiorum
719 3368 909 3435 contemptus,
918 3361 962 3418 vel
971 3359 1095 3435 proximi
1106 3357 1223 3435 injuria.

129 3458 275 3532 Equidem
289 3478 402 3535 semper
416 3460 572 3519 timendum
586 3479 622 3517 ne
636 3461 672 3518 ob
686 3458 847 3534 superbiam
861 3459 945 3516 etiam
964 3458 1101 3515 leviorem
1115 3457 1225 3514 subtra-

128 3556 232 3615 hantur
244 3559 338 3633 gratie
352 3560 496 3627 subsidia;
518 3560 563 3617 vel
577 3560 676 3617 saltem
696 3558 837 3615 bonorum
856 3575 976 3632 operum
990 3574 1101 3615 meroes
1116 3556 1226 3615 amitta-

129 3665 189 3713 tur:
213 3658 326 3714 “etiam
347 3658 376 3713 in
395 3669 470 3717 recta
492 3657 605 3725 sactis‚”
630 3657 721 3729 inquit
739 3657 928 3733 Augustinus,
950 3666 968 3693 ‘⁶
982 3654 1108 3714 timenda
1122 3664 1175 3722 est,
1190 3672 1226 3711 ne

129 3754 186 3821 illa,
202 3755 448 3826 quoelaudabiliter
461 3758 622 3823 factasunt,
636 3757 727 3833 ipsius
739 3754 832 3813 laudis
846 3755 1000 3831 eupiditate
1015 3743 1226 3814 amittantur.”⁶

170 3857 220 3912 ³7.
242 3854 432 3930 Praesumptio
446 3857 584 3933 superbie
598 3855 666 3925 filia,
681 3873 733 3911 seu
747 3873 843 3911 oomes
857 3863 909 3921 est,
920 3873 976 3926 qua
989 3853 1099 3910 scilieet
1112 3851 1225 3907 animus

130 3950 237 4025 aliquid
250 3954 410 4031 aggreditur
422 3974 508 4031 supra
520 3956 604 4023 vires,
619 3955 739 4012 nimium
752 3953 797 4010 his
811 3951 947 4010 conlisus.
991 3942 1145 4008 Grave‘esr
1159 3964 1223 4022 peo-

269 4141 494 4204 (1)Ecc1i.x.14.
558 4114 568 4141 '²
696 4141 739 4204 (a)
760 4099 943 4187 enatuere.

269 4229 311 4291 (3)
332 4227 401 4276 Rom.
413 4227 429 4275 i.
438 4228 478 4275 30.
696 4226 739 4293 (4)
758 4223 810 4273 Jao.
823 4223 855 4271 iv.
868 4225 892 4271 6.

272 4314 314 4378 (b)
334 4312 420 4361 Moral.
432 4329 453 4363 o.
463 4313 521 4362 xxii.
700 4312 742 4376 (6)
762 4310 809 4375 Ep.
822 4308 906 4358 cxviii.
