2766 4996
118 366 156 425 ’·’·
197 407 257 461 aar
393 469 397 476 ,
446 398 502 458 uu
525 398 735 459 ruceium
756 396 1046 459 csetrnmnus.

197 567 313 627 lectioni
335 564 509 623 vacandum:
532 573 552 600 ‘⁶
564 565 638 622 Ama
656 564 806 622 scientiam
830 563 1051 640 scripturarum,
1072 573 1103 622 et
1123 565 1216 623 carnis
1228 567 1287 624 vitia

108 668 119 701 '·
200 686 258 726 nou
273 665 410 722 amabis..
425 705 452 721 ..
468 664 566 721 Facito
581 660 689 735 aliquid
702 664 808 739 operis,
821 672 854 721 ut
865 672 892 720 te
905 681 1021 740 semper
1030 662 1164 723 diabolus
1174 665 1289 722 inveniat

205 756 422 841 occupatum.”¹

244 868 311 923 107.
334 863 425 920 Notat
444 862 477 918 S.
499 862 675 939 alphonsus,
697 861 721 919 1.
743 861 819 934 quod
840 859 907 919 “ad
927 861 1108 938 repellendas
1129 863 1289 921 tentationes

199 963 338 1029 carnales,
354 960 449 1034 quoad
463 979 590 1029 sensum,
606 960 687 1019 valde
701 960 825 1036 prodest,
845 975 877 1018 ut
889 962 1100 1020 commotiones
1113 980 1290 1038 compescan-

199 1074 253 1131 tur,
275 1071 370 1139 partes
392 1071 550 1120 commotas
574 1061 699 1119 vestibus
723 1069 818 1134 tegere
841 1078 873 1116 ae
897 1060 1106 1136 comprimere3
1127 1070 1160 1118 ut
1181 1059 1290 1118 advertit

200 1161 317 1236 quidum
334 1172 432 1219 auctor
450 1159 613 1218 modernus.
655 1156 758 1224 Quoad
776 1169 901 1216 mentem
921 1169 1015 1216 autem
1038 1158 1292 1235 praescmandama

200 1279 355 1327 consensu,
373 1259 492 1338 prodest
510 1277 578 1315 sane
600 1257 732 1332 cogitatio
752 1255 787 1314 de
806 1259 939 1333 passione
960 1257 1032 1316 Jesu
1053 1256 1178 1325 Christi,
1199 1257 1243 1315 vcl
1261 1257 1290 1314 de

201 1361 296 1436 poenis
311 1358 425 1424 insemi,
437 1358 482 1414 vel
495 1356 531 1414 de
544 1366 644 1423 morte,
655 1356 711 1413 dcc.
722 1365 752 1412 et
763 1356 847 1412 etiam
860 1355 896 1413 de
906 1358 1030 1415 cruciatu
1041 1375 1199 1423 remorsus,
1214 1375 1291 1429 quein

198 1458 302 1534 patitur
324 1455 420 1512 anima
442 1465 508 1530 post
529 1464 678 1529 peccatum
701 1463 850 1530 patrntrun.
892 1456 987 1532 Magis
1010 1454 1078 1512 verb
1102 1457 1290 1513 necessarium

200 1556 253 1613 erit
265 1556 295 1613 in
306 1552 473 1630 hujusmodi
486 1555 727 1630 concupiscentiis
745 1552 779 1609 ad
799 1553 956 1612 orationem
974 1572 1130 1612 recurrere.
1174 1554 1290 1612 Castitas

201 1655 278 1712 enim
294 1653 411 1711 nonnisi
425 1673 441 1710 a
455 1652 519 1710 Deo
533 1651 706 1710 obtinetur.”
723 1693 772 1708 ...
808 1652 1003 1711 “Notandum
1022 1652 1061 1710 ll.
1076 1672 1135 1711 non
1151 1672 1216 1711 esse
1230 1653 1290 1711 obli·

202 1756 346 1832 gationetn
361 1753 483 1810 motibus
497 1751 656 1809 carnalibus
670 1749 820 1809 resistendi
840 1753 973 1826 positive,
993 1752 1020 1808 si
1028 1753 1109 1829 justa
1128 1752 1205 1810 adsit
1217 1769 1291 1808 causa

202 1872 260 1911 non
273 1850 436 1919 resistendi,
450 1869 557 1926 nempe
578 1851 602 1907 si
623 1851 689 1922 quis
709 1859 845 1926 expertus
858 1851 896 1908 sit
914 1850 1072 1909 resistendo
1090 1853 1185 1927 magis
1206 1862 1290 1909 motus

201 1952 319 2011 excitari
334 1961 363 2008 et
376 1950 472 2026 augeri
485 1969 493 2016 ;
508 1950 552 2006 vel
566 1949 590 2005 si
604 1959 697 2007 motus
711 1960 803 2007 ortum
814 1949 937 2007 habeant
948 1967 985 2006 ex
999 1950 1112 2008 actione
1125 1950 1288 2015 necessaria,

201 2049 245 2107 vel
259 2051 338 2106 utili:
362 2068 389 2104 v.
404 2068 439 2124 g:
462 2066 499 2105 ex
519 2046 660 2105 auditione
681 2047 903 2115 confessionum,
923 2067 969 2106 e»
980 2048 1104 2107 lectione
1127 2068 1222 2108 rerum
1242 2061 1290 2106 tur·

201 2149 282 2224 pium
296 2148 368 2205 scitu
382 2146 505 2215 utilium,
520 2165 557 2204 ex
572 2153 645 2203 tactu
659 2148 822 2205 necessario
836 2145 871 2203 ad
884 2146 1066 2216 medendum,
1081 2157 1111 2205 et
1123 2141 1260 2206 simili.”²

243 2252 311 2306 108.
335 2246 491 2305 Mulierum
506 2246 595 2303 nimia
613 2244 787 2303 familiaritas
800 2244 914 2303 vitanda
926 2256 987 2304 est:
1010 2255 1029 2282 “
1041 2246 1075 2305 In
1088 2246 1186 2305 medio
1200 2247 1291 2305 mulie·
1321 2274 1325 2285 ·

200 2366 264 2405 rum
278 2348 338 2405 noli
353 2346 539 2403 commorari:
561 2343 596 2401 de
610 2345 789 2403 vestimentis
802 2345 877 2401 enim
893 2344 1018 2421 procedit
1038 2346 1124 2413 tinea,
1146 2357 1175 2403 et
1188 2366 1205 2403 a
1218 2346 1291 2404 muli·

200 2462 247 2501 ere
261 2445 397 2517 iniquitas
413 2436 513 2500 viri.”³
553 2443 664 2499 Sensus
679 2443 784 2501 ideirco
804 2442 982 2502 custodiendi
993 2455 1068 2511 stunt,
1090 2463 1139 2512 ne,
1154 2446 1288 2503 oeulis·in

202 2543 336 2598 mulieres
347 2540 565 2605 declinantibus,
575 2539 716 2615 cupiditas
727 2561 815 2615 prava
824 2553 954 2600 nascatur
965 2562 973 2610 3
991 2551 1010 2578 “
1020 2543 1156 2619 Speciem
1171 2545 1290 2602 mulieris

201 2639 299 2697 alienae
323 2639 403 2697 multi
426 2638 553 2697 admirati
577 2639 690 2714 reprobi
713 2639 778 2696 sacti
806 2652 892 2698 sunt:
924 2641 1096 2714 colloquium
1121 2645 1200 2701 enim
1223 2644 1291 2702 illius

201 2740 283 2811 quasi
317 2739 391 2816 ignis
424 2732 632 2796 exardescit.'’⁴
673 2738 843 2796 Proeclarum
877 2741 957 2797 nobis
990 2742 1097 2817 prabet
1130 2743 1289 2818 exemplum

200 2839 272 2897 Job:
302 2839 435 2915 “Pepigi
457 2837 548 2897 loedus
574 2856 638 2894 cum
661 2837 753 2895 oculis
780 2838 862 2905 meis,
885 2848 915 2896 ut
937 2858 972 2897 ne
999 2840 1154 2917 cogitarem
1181 2842 1290 2914 quidem

201 2937 236 2994 de
282 2931 440 3013 virgine.''⁵
495 2936 588 2993 “Per
627 2937 752 3009 quinque
784 2937 917 3004 sensus,”
957 2939 1049 3010 inquit
1088 2938 1291 3017 Hieronymus,

201 3036 314 3106 “quasi
329 3053 379 3110 per
398 3035 534 3105 quasdam
556 3035 702 3101 fenestras,
725 3037 856 3093 vitiorum
877 3034 913 3092 ad
931 3037 1055 3096 animam
1075 3039 1208 3096 introitus
1222 3037 1289 3095 est.”

202 3173 239 3190 ..
262 3174 269 3189 .
311 3134 421 3190 Sensus
447 3151 598 3208 corporum
627 3135 707 3204 quusi
727 3136 793 3205 equi
820 3145 887 3191 sunt
912 3136 974 3192 sine
997 3136 1105 3193 ratione
1128 3149 1290 3200 currentem

200 3232 293 3290 anima
306 3231 372 3290 verb
387 3233 416 3289 in
431 3234 534 3308 aurigae
556 3231 671 3289 modum
692 3235 794 3290 retinet
813 3231 891 3289 irena
910 3235 1093 3301 currentium,
1109 3248 1137 3293 ct
1152 3235 1290 3308 quomodo

199 3333 266 3404 equi
281 3334 387 3405 absque
401 3343 509 3390 rectore
530 3332 688 3407 praccipites
709 3339 802 3396 ruunt,
823 3331 861 3387 ita
881 3349 984 3407 corpus
1004 3335 1066 3390 sine
1080 3336 1188 3392 ratione
1201 3337 1289 3393 etim·

199 3431 279 3506 perio
293 3433 394 3489 auimae
408 3431 436 3487 in
450 3449 533 3488 suum
547 3430 634 3486 fertur
647 3423 837 3487 interitum.’'⁶

243 3532 310 3583 109.
333 3529 431 3585 Oratio
454 3529 629 3603 precipuum
652 3538 697 3585 est
716 3528 947 3601 subsidiumque
968 3531 1080 3588 hostem
1100 3550 1236 3607 superare
1250 3552 1290 3589 vn·

201 3624 331 3680 leumus:
367 3625 507 3698 Apostolo
541 3636 696 3700 preeunte,
723 3631 771 3699 qui
805 3627 950 3686 stimulum
983 3631 1076 3687 earnis
1109 3650 1223 3706 passus,
1256 3644 1292 3688 ter

201 3720 359 3780 Dominum
373 3721 491 3796 rogavit,
505 3732 536 3777 ut
549 3721 726 3780 discederet:
750 3735 809 3781 “et
822 3724 894 3783 dixit
912 3727 1003 3784 mihi:
1025 3727 1132 3786 sufficit
1144 3732 1195 3788 tibi
1209 3732 1291 3807 gratia

201 3841 283 3881 mea:
305 3840 371 3879 narn
385 3820 472 3878 virtus
487 3820 515 3878 in
531 3819 692 3878 infirmitate
713 3816 902 3896 perficitur.⁷”
945 3825 1023 3884 lliuc
1037 3832 1196 3903 praescrtim
1211 3841 1291 3886 tenta·

268 4031 308 4095 (l)
327 4029 353 4078 S.
365 4029 510 4093 Hieronym.
522 4044 556 4092 sp,
572 4027 603 4076 iv.
728 4030 768 4093 (2)
783 4026 865 4078 Tract
874 4028 905 4078 de
916 4045 968 4094 pcc.
981 4031 997 4079 l.
1008 4048 1030 4079 v.
1044 4049 1065 4082 c.
1078 4032 1092 4082 i.
1104 4033 1162 4083 dub.
1175 4034 1191 4083 l.
1202 4049 1227 4083 n.
1239 4036 1262 4081 8.

268 4115 310 4179 (³)
325 4114 391 4162 Eccl.
404 4113 456 4163 xlii.
472 4117 509 4161 12.
728 4114 767 4176 (4)
782 4112 872 4162 lbidcm
886 4113 917 4163 lx.
932 4118 970 4164 ll.

267 4200 309 4261 (6)
329 4196 357 4245 L.
367 4196 391 4246 ii.
403 4208 487 4246 contre
498 4197 621 4246 Joviulsu.
725 4199 767 4261 (6)
779 4196 827 4245 ,lob
837 4198 905 4247 mi.
922 4201 942 4246 l.

610 4280 649 4344 tl)
664 4277 750 4327 scor.
764 4277 804 4326 rit
818 4281 841 4329 9.
