2744 4980
629 1143 772 1206 CAPUT
792 1147 831 1205 V.

552 1373 591 1413 DE
606 1373 698 1415 mmo
711 1374 888 1417 PRAECEPTO.

230 1569 280 1625 33.
302 1575 322 1602 “
331 1563 402 1622 Eoo
414 1581 474 1623 snrr
487 1563 630 1623 Dourrrns
649 1565 735 1624 Dans
754 1566 863 1624 nons.”
905 1567 978 1626 Haeo
992 1570 1078 1628 verba
1092 1587 1155 1642 qnae
1169 1568 1288 1629 Hebraei

192 1667 315 1742 primum
328 1672 503 1743 preceptum
522 1662 680 1741 designant,
700 1664 825 1724 indicant
845 1666 909 1724 Deo
926 1668 1023 1725 omnia
1035 1668 1083 1725 illa
1102 1669 1200 1726 munia
1221 1687 1285 1746 per·

192 1763 336 1831 solvenda,
351 1781 414 1836 qnoe
427 1781 568 1822 summam
588 1765 650 1841 ejus
670 1764 845 1840 majestatem
866 1776 894 1823 et
914 1766 1118 1841 perfectionem
1131 1765 1243 1833 decent,
1258 1775 1287 1823 et
1314 1789 1316 1792 ’

195 1881 257 1935 qne
270 1861 418 1939 postulant
428 1862 575 1920 innumera
595 1864 625 1921 in
637 1881 691 1922 nos
711 1861 812 1921 collata
830 1864 979 1922 beneficia.
1021 1863 1193 1941 Intelligitur
1205 1864 1293 1942 igitur

193 1962 328 2037 praecipi:
351 1959 490 2039 “Diliges
510 1961 667 2020 Dominum
688 1961 784 2021 Deum
804 1971 882 2020 tuum
905 1981 942 2020 ex
955 1971 1013 2021 toto
1034 1962 1118 2021 eorde
1138 1972 1197 2033 tuo,
1212 1971 1292 2021 etex

195 2068 248 2117 tota
260 2061 357 2118 anima
370 2069 425 2128 tm,
444 2068 473 2118 et
491 2079 528 2119 ex
547 2069 604 2119 tota
623 2060 786 2120 fortitudine
804 2055 896 2118 tua.’'¹
938 2062 1035 2128 Quum
1057 2070 1150 2121 autem
1170 2071 1288 2121 tractatu

198 2158 311 2234 speciali
324 2158 360 2217 de
373 2157 535 2236 Religione‚
549 2169 578 2217 et
590 2167 703 2218 tractatu
723 2159 759 2217 de
777 2160 925 2218 virtutibus
945 2160 1126 2236 theologicis,
1146 2178 1182 2217 ea
1200 2159 1291 2235 expli·

197 2274 255 2314 care
268 2257 414 2335 sigillatim
427 2259 457 2316 in
476 2258 572 2316 animo
591 2259 638 2326 sit,
657 2277 774 2316 neeesse
797 2266 911 2316 nonest
929 2260 960 2316 in
980 2259 1016 2316 iis
1037 2258 1290 2334 impraesentiarum

199 2356 347 2414 immorari.
375 2356 520 2432 Populum
533 2356 719 2415 Israeliticurn
733 2357 915 2433 AEgyptiaeae
930 2357 1010 2414 Deus
1025 2357 1130 2432 eripuit
1142 2355 1290 2423 servituti3

198 2472 245 2511 nos
258 2472 274 2511 e
287 2456 448 2531 captivitate
461 2456 569 2531 peceati
581 2455 723 2512 liberavit:
745 2466 915 2531 quapropter
927 2465 1019 2531 grates
1033 2456 1061 2513 ei
1074 2453 1192 2513 reddere
1206 2472 1289 2530 opor·

198 2560 242 2617 tet,
256 2562 284 2610 et
296 2554 467 2630 gratianimi
480 2552 640 2611 testimonia
653 2571 739 2628 opera
751 2554 860 2611 virtutis
874 2553 1019 2612 exhibere.
1200 2544 1202 2550 ⁴

231 2653 281 2708 34.
304 2660 323 2687 ‘⁶
335 2652 407 2710 Non
421 2670 549 2711 nsanms
563 2670 638 2710 onos
651 2670 779 2710 soranos
799 2671 899 2710 conara
918 2652 993 2711 nn.'’
1035 2651 1179 2709 Vetantur
1191 2649 1289 2726 plures

199 2748 233 2806 dii
246 2750 369 2818 colendi,
384 2769 472 2824 quum
484 2769 559 2809 unus
580 2751 660 2809 Dens
681 2750 878 2828 agnoscendus
899 2752 945 2818 sit,
959 2753 990 2809 in
1009 2751 1098 2808 tribus
1119 2760 1213 2806 tamen
1227 2765 1290 2824 per·

199 2849 282 2916 sonis,
295 2850 337 2906 uti
350 2848 422 2907 fides
437 2848 601 2907 Christiana
620 2848 712 2908 docet.
754 2849 824 2909 ldeo
843 2857 937 2906 autem
956 2856 1064 2905 vetatur
1083 2849 1113 2905 in
1125 2847 1292 2905 universum

199 2965 231 3005 ne
243 2947 338 3023 plures
351 2948 391 3006 dii
405 2948 540 3017 colantur,
554 2947 632 3021 quod
644 2949 771 3007 nonnulli
791 2965 842 3005 eos
863 2948 996 3015 colerent,
1017 2946 1103 3004 etiam
1117 2946 1224 3018 absque
1237 2946 1289 3003 im·

200 3047 333 3122 iginibus,
348 3048 389 3105 uti
401 3046 437 3105 de
449 3048 571 3121 antiquis
585 3047 724 3106 Romanis
738 3058 830 3105 narrat
842 3040 961 3105 Varro.2
1000 3045 1145 3112 Quoniam
1160 3044 1292 3121 polythe·

201 3146 283 3205 ismus
298 3147 361 3224 jam
380 3147 552 3220 ubicumque
573 3145 684 3205 Christi
704 3147 805 3225 religio
827 3147 938 3204 invecta
957 3154 1010 3214 est,
1029 3145 1145 3223 penitus
1165 3142 1293 3202 sublatus

202 3255 247 3311 est,
260 3244 296 3302 de
309 3263 345 3303 eo
357 3244 496 3305 disserere
508 3264 568 3304 non
581 3255 671 3304 vacat.

235 3348 283 3401 35.
307 3352 326 3379 “
337 3345 407 3404 Non
419 3346 507 3403 facies
521 3345 572 3403 tibi
585 3344 725 3420 sculptile,
746 3341 822 3401 ete.”
865 3341 937 3399 Haec
958 3337 993 3397 ad
1013 3348 1130 3405 statuas,
1144 3346 1173 3392 et
1191 3337 1291 3415 imagi·

207 3460 262 3510 nes,
276 3462 347 3516 quas
359 3454 458 3521 gentes
472 3443 600 3502 solebant
618 3443 735 3520 fingere,
754 3451 786 3501 ut
804 3441 872 3501 deos
893 3458 960 3499 suos
980 3447 1190 3505 venerarentur,
1210 3436 1294 3514 plane

203 3541 366 3601 referuntur:
388 3562 454 3602 narn
468 3543 534 3601 finis
547 3542 745 3621 prohibitionis
754 3544 921 3619 explicatur,
932 3540 967 3598 iis
981 3539 1073 3597 verbis
1088 3556 1151 3611 quie
1165 3555 1290 3611 sequun·
1349 3540 1356 3557 “

205 3650 256 3699 tur:
280 3649 300 3677 ‘⁶
310 3660 369 3701 non
382 3642 511 3703 adorabis
524 3660 568 3712 ea,
581 3661 675 3716 neque
688 3636 791 3700 ooles.³
831 3642 909 3701 Hinc
929 3650 1083 3718 arguuntur
1102 3639 1137 3695 ab
1153 3635 1294 3714 Apostolo

234 3813 271 3871 (1)
284 3808 360 3861 Dent
371 3811 403 3863 ri
415 3813 441 3860 ὁ.

233 3895 276 3960 (2)
289 3894 366 3960 Apud
377 3895 404 3946 S.
417 3898 483 3959 Aug.
493 3897 509 3946 l.
517 3895 550 3947 ir.
561 3896 592 3946 do
602 3896 648 3947 civ.
659 3894 707 3947 Dei
718 3911 740 3947 c.
751 3894 821 3946 xxxi.

236 3981 279 4047 (³)
298 3980 404 4044 “Boiog
420 3981 514 4047 plsoed,
525 3998 553 4031 ao
564 3981 582 4032 it
599 3982 629 4042 is,
646 3997 737 4044 among
751 3980 813 4031 such
830 3985 941 4044 precepto
958 3992 985 4026 ss
1002 3978 1095 4038 respect
1105 3970 1148 4020 ὼ
1159 3967 1298 4034 Almisshly»

201 4065 245 4116 tud
256 4065 310 4116 that
319 4065 398 4117 honor
409 4067 458 4117 eod
469 4075 561 4119 ootoom
571 4067 654 4118 which
664 4083 703 4117 we
719 4065 799 4128 ought
816 4073 842 4115 to
858 4065 922 4115 bavo
932 4062 969 4111 for
985 4060 1053 4116 him;
1070 4056 1119 4107 and
1130 4055 1205 4118 being
1216 4070 1295 4106 moro·

200 4166 252 4201 over
268 4152 434 4217 immediately
451 4152 562 4202 followed
580 4152 640 4203 with
652 4152 694 4203 tho
711 4151 859 4217 prohibition
876 4149 905 4199 ol
917 4146 1017 4209 boning
1033 4144 1107 4195 down
1125 4151 1151 4194 to
1167 4142 1234 4193 thom
1245 4139 1296 4190 ond

199 4236 292 4300 meing
303 4236 386 4298 theou
403 4253 431 4287 oo
442 4237 495 4287 lbet
510 4237 532 4287 is
543 4236 605 4288 with
615 4236 657 4287 tlte
670 4236 781 4302 jeslousy
794 4235 822 4285 of
836 4234 899 4295 God,
908 4231 1058 4293 oonootuing
1069 4229 1108 4280 bis
1124 4243 1181 4278 own
1191 4227 1272 4277 honor
1284 4241 1292 4283 t

199 4319 216 4370 it
226 4320 247 4371 is
257 4323 285 4372 io
296 4337 383 4373 moon
394 4331 420 4373 to
428 4323 458 4373 bo
469 4321 590 4373 extendod
606 4337 640 4373 no
651 4320 741 4372 further
758 4321 818 4372 then
835 4320 878 4372 tho
896 4317 1034 4380 forbiddiog
1044 4315 1073 4367 of
1085 4313 1147 4366 suelt
1162 4314 1256 4376 imago·
1267 4325 1294 4359 ss
