2744 4980
589 1158 732 1218 CAPUT
753 1160 823 1220 ΧΠ.

476 1375 525 1415 DE
553 1375 694 1416 OCTAVO
720 1375 943 1417 PRBCEPTO.

281 1551 296 1572 “
305 1541 366 1592 Non
379 1543 485 1606 loqueris
496 1554 580 1594 contro
591 1545 731 1609 proximum
743 1553 814 1595 tuum
825 1545 913 1595 fulsum
927 1545 1121 1596 testimonium.”

448 1719 501 1794 §1.
523 1719 572 1778 Du
593 1739 750 1779 nunonem
770 1738 958 1780 runnrcroso.

198 1921 269 1976 170.
291 1915 411 1975 Frtsun
432 1916 462 1974 in
481 1916 592 1995 judicio
612 1918 807 1977 testimonium
821 1927 962 1995 precepto
977 1925 1075 1976 octavo
1095 1919 1253 1994 praesertirn

154 2015 333 2092 prohibetur,
348 2015 425 2088 quod
438 2016 567 2092 pluribus
580 2016 643 2074 aliis
656 2016 727 2075 locis
748 2017 833 2074 etiarn
853 2015 1010 2074 damnatur.
1053 2017 1130 2075 Inter
1142 2036 1176 2075 ea
1188 2036 1252 2090 quoe

154 2114 216 2172 odit
223 2115 370 2184 Dominus
385 2116 472 2173 Sacer
485 2116 614 2193 SerIptor
622 2125 751 2174 recenset
764 2114 983 2191 “proferentem
994 2115 1141 2174 mendacia
1152 2125 1254 2179 testem

154 2208 331 2272 fallacem.’'¹
375 2222 395 2248 ‘⁴
407 2213 425 2271 J
427 2216 540 2272 aculum
553 2224 581 2272 et
593 2213 714 2292 gladius,
728 2224 757 2272 ct
769 2216 871 2291 sagitta
884 2225 966 2274 acuta
975 2214 1062 2271 homo
1072 2216 1120 2287 qui
1128 2215 1253 2287 loquitur

156 2323 253 2371 eontra
266 2313 432 2389 proximum
445 2330 530 2371 suum
550 2312 653 2371 falsum
673 2308 919 2371 testimonium.”²
958 2313 1014 2371 Est
1032 2332 1117 2390 grave
1137 2332 1253 2390 semper

156 2422 313 2486 peccatum,
328 2431 394 2470 nam
410 2413 521 2490 juratus
541 2415 663 2486 quisque
684 2414 879 2472 testimonium
899 2414 1024 2490 praebet3
1045 2413 1090 2470 vel
1104 2414 1129 2470 si
1143 2413 1269 2501 omiss·

151 2512 315 2585 juramento
329 2511 466 2590 (estimet,
481 2530 544 2584 quae
564 2513 635 2570 ratio
657 2511 777 2570 testandi
799 2511 874 2589 apud
894 2531 947 2570 nos
970 2510 1150 2589 permittitur,
1164 2530 1253 2585 quum

155 2607 269 2678 Amici,
290 2612 340 2684 qui
361 2610 446 2690 vulgd
469 2610 600 2669 dicuntur
616 2608 760 2681 Quokeri,
781 2611 912 2687 religioni
933 2611 1036 2669 ducant
1050 2611 1157 2686 jurare,
1174 2612 1252 2687 jura·

154 2711 242 2767 menti
256 2710 343 2768 instar
355 2720 408 2779 est,
423 2720 452 2768 et
464 2710 493 2768 in
507 2711 624 2788 perjurii
638 2728 736 2787 poenas
752 2703 893 2768 incurrit³
934 2710 1052 2767 Falsum
1065 2719 1158 2767 antem
1173 2720 1253 2768 extra

149 2806 291 2884 judicium
305 2810 498 2868 testimonium
513 2810 610 2878 sertor,
625 2809 737 2881 quoties
751 2809 815 2882 quis
829 2828 863 2865 ea
881 2808 968 2866 refert
988 2825 1051 2880 quae
1066 2827 1103 2865 ex
1117 2807 1254 2867 industria

154 2908 216 2982 ipse
230 2908 350 2966 confixit
363 2907 398 2966 ad
412 2909 491 2966 alteri
505 2907 676 2975 nocendum,
691 2908 735 2966 vel
749 2926 812 2981 quae
827 2908 861 2965 ab
876 2908 938 2965 aliis
951 2907 1032 2964 novit
1043 2907 1165 2966 conficta
1177 2926 1252 2976 esse,

154 3005 199 3063 vel
213 3025 276 3079 quae
291 3008 490 3066 verosimiliter
499 3007 609 3084 judicat
621 3025 685 3065 esse
699 3007 779 3075 salsa,
790 3007 834 3064 vel
846 3024 909 3079 quae
920 3005 1034 3065 nonnisi
1045 3017 1149 3066 temere
1163 3006 1253 3065 credit

155 3122 221 3162 vera
234 3124 310 3163 esse.
352 3105 459 3165 Delicti
473 3107 593 3183 gravitas
607 3125 644 3164 ex
657 3106 762 3165 damno
776 3117 906 3164 secuturo
922 3104 1042 3183 pendet:
1064 3117 1163 3184 peccat
1174 3106 1252 3163 enim

153 3206 306 3263 enormiter
324 3206 373 3278 qui
386 3205 458 3264 salso
472 3206 634 3264 testimonio
648 3207 677 3263 in
690 3223 775 3262 causa
788 3216 832 3262 est
844 3223 895 3263 cur
908 3204 976 3262 alter
988 3205 1092 3280 injuste
1106 3205 1254 3262 damnetur

151 3305 275 3380 capitis:
298 3314 326 3363 et
339 3303 423 3362 dedet
448 3305 533 3363 uxori
555 3314 583 3362 et
604 3304 671 3362 filiis
690 3304 815 3361 hominis
837 3303 942 3378 injuria
960 3301 1085 3360 damnati
1104 3300 1253 3361 consulere

153 3421 209 3475 qua
222 3405 347 3479 potuerit
359 3404 479 3462 ratione.
522 3403 627 3462 Peccat
640 3403 760 3480 graviter
774 3401 823 3473 qui
842 3399 992 3458 mendacio
1012 3400 1079 3458 facit
1096 3411 1128 3459 ut
1139 3401 1175 3461 lis
1188 3399 1253 3475 diri·

153 3511 247 3560 matur
259 3523 328 3561 cum
342 3503 463 3579 alicujus
483 3502 587 3561 damno
606 3504 722 3579 injusto,
737 3499 814 3574 quod
828 3509 856 3557 et
867 3519 997 3578 reparare
1012 3500 1105 3559 debet.
1148 3496 1254 3560 Peecst

156 3602 204 3672 qui
218 3601 326 3660 samam
345 3601 438 3669 laedit3
460 3612 489 3660 et
510 3620 567 3675 quo
589 3600 651 3660 hcc
663 3601 795 3659 illibatior
817 3599 910 3669 luerit,
925 3618 961 3657 eo
980 3601 1092 3678 gravius
1106 3612 1150 3658 est
1169 3619 1250 3661 reus:

157 3719 243 3772 quem
258 3700 378 3779 proinde
392 3711 502 3777 oportet
512 3709 657 3758 retractata
667 3699 817 3759 calummia
828 3699 899 3757 laeso
912 3700 1081 3758 satisfacere.

199 3804 266 3858 171.
289 3801 380 3858 Extra
401 3799 542 3878 judicium
571 3799 713 3857 calumnia
738 3817 824 3877 grave
843 3808 887 3856 est
912 3808 1060 3876 peceatum
1087 3815 1123 3855 eac
1145 3813 1253 3873 genere

157 3915 222 3966 ruo,
233 3901 275 3958 uti
287 3900 442 3973 loquuntur
455 3897 601 3976 theologi:
623 3916 675 3975 pro
694 3899 736 3956 rei
756 3906 851 3956 tamen
871 3908 978 3964 natura,
997 3897 1062 3954 leve
1083 3894 1252 3968 quandoque

157 4009 208 4054 est
251 3998 380 4057 Fuerunt
392 3999 442 4072 qui
454 4005 613 4057 assererent
631 3997 717 4076 culpa
737 3996 835 4055 lethali
858 4013 956 4053 vacare
978 3995 1149 4053 calumniam
1163 3991 1253 4052 detra·

156 4095 237 4158 henti
251 4100 415 4177 impactam,
430 4107 460 4158 ut
472 4099 536 4171 quis
549 4115 581 4157 oe
594 4096 746 4164 defendam
766 4095 818 4154 sed
830 4093 1040 4172 propositiones
1052 4112 1110 4166 qua
1121 4092 1152 4153 id
1164 4111 1253 4154 enun-

295 4285 338 4351 (l)
357 4282 432 4335 Pror.
442 4285 475 4335 ri.
488 4285 528 4334 19.
763 4282 807 4351 (2)
824 4280 925 4341 Ibidem,
936 4297 996 4333 xxv.
1009 4281 1049 4335 18

296 4371 339 4436 (3)
358 4370 514 4434 Videlogem
524 4366 765 4435 remotissimae
777 4366 857 4433 April,
869 4366 943 4417 1829.
1103 4357 1107 4366 '

257 4470 297 4541 *td
