2744 4980
137 409 194 464 1³6
419 402 477 462 DE
498 401 686 461 SEPTIMO
708 398 961 460 PRAEcEPTO.

135 573 165 629 in
179 589 243 628 arca
257 571 439 647 parcimoniae
452 569 604 644 repositam
621 568 736 633 habent,
750 577 782 624 ut
800 567 936 624 senectuti
950 577 979 623 et
991 565 1148 623 infirmitati
1161 582 1232 621 con·

134 670 236 737 sulant,
249 690 286 731 ue
300 672 330 729 in
343 672 486 747 publicum
500 686 656 744 pauperum
670 667 826 742 hospitium
839 665 1125 741 recederecogantur,
1139 664 1231 721 velut

133 770 238 828 lirneris
261 771 397 846 irnpensae
410 770 564 833 solvantur,
587 767 699 825 interim
721 785 738 821 a
756 766 872 841 privatis
892 766 1128 837 quibuscumque,
1140 781 1192 821 seu
1213 782 1230 818 a

134 870 253 927 coetibus
266 870 321 946 piis
335 869 440 945 stipem
452 868 618 943 colligentes
630 876 662 922 ut
681 863 852 938 quotidianis
866 863 1082 922 necessitatibus
1096 862 1229 937 provide·

135 980 206 1027 atur.
226 968 259 1027 Si
275 966 387 1027 modica
400 969 437 1024 sit
448 966 569 1043 pecunia
584 982 669 1036 quam
689 973 826 1020 servatam
841 972 946 1029 tenent,
961 972 990 1019 et
1002 960 1116 1020 modica
1129 972 1234 1037 petant

134 1067 270 1135 subsidia,
286 1069 334 1124 vix
347 1064 499 1124 damnandi
514 1064 655 1131 videntur,
676 1081 765 1135 quum
786 1081 884 1120 revera
904 1060 1049 1136 indigeant
1068 1062 1178 1119 auxilio
1196 1060 1230 1117 ad

136 1168 221 1223 vitam
246 1163 468 1224 sustentandam.
509 1162 655 1235 Equidem
676 1163 753 1219 brevi
774 1164 896 1238 pecunia
914 1161 964 1219 illa
982 1179 1067 1232 quarn
1090 1172 1231 1217 servatam

136 1275 233 1322 tenent
252 1264 470 1340 impenderetur,
494 1263 606 1339 ipsique
627 1264 720 1321 forent
739 1263 820 1320 oneri
839 1262 885 1318 vel
905 1261 1024 1317 cratibus
1046 1261 1171 1336 piorum,
1187 1259 1234 1316 sel

135 1364 277 1440 hospitiis.
319 1364 409 1421 Secus
429 1361 582 1420 dicendum
603 1363 626 1419 si
648 1362 799 1437 pecuniam
819 1360 940 1417 habeant
960 1377 1024 1431 quae
1037 1360 1102 1416 vitrc
1124 1367 1234 1414 susten·

136 1462 225 1521 tandae
244 1461 374 1519 sufficiat.
418 1460 489 1517 Hrec
503 1462 608 1537 pariter
629 1459 664 1517 de
686 1461 721 1518 iis
742 1461 832 1535 accipi
856 1469 988 1534 poterunt
1007 1459 1057 1530 qui
1078 1457 1233 1534 pecuniam

136 1561 277 1620 modicam
290 1559 365 1636 apud
379 1561 502 1617 amicum
515 1569 665 1636 reponunt,
688 1560 717 1617 in
737 1559 893 1635 hospitium
914 1575 945 1613 se
959 1557 1146 1622 conserentes,
1163 1565 1194 1613 ut
1206 1554 1233 1612 si

137 1669 237 1736 postea
249 1658 316 1717 inde
330 1660 408 1716 exire
422 1660 581 1735 eontigerit,
601 1677 659 1715 non
673 1659 750 1715 omni
770 1667 884 1715 careant
896 1655 1033 1723 subsidio,
1048 1655 1094 1712 vel
1107 1656 1132 1713 si
1147 1656 1234 1712 niori·

138 1768 218 1817 nrrtnr
230 1769 261 1815 ut
274 1759 425 1833 sepulturae
439 1757 608 1815 mandentur
622 1775 721 1814 eorum
735 1775 865 1834 corpora.

180 1861 246 1915 167.
269 1857 314 1914 De
330 1856 485 1933 juvenibus
508 1857 538 1912 in
557 1856 717 1913 seminariis
736 1856 821 1932 gratis
841 1854 976 1921 educatis,
990 1854 1036 1911 vel
1058 1855 1235 1931 privatorum

137 1957 288 2032 impensis,
302 1975 336 2012 ea
348 1973 400 2031 spe
414 1966 445 2012 ut
457 1953 650 2035 ecclesiastico
664 1955 820 2012 inserviant
834 1954 1002 2020 ministerio,
1013 1953 1169 2012 tenendum
1179 1963 1234 2019 est,

138 2070 188 2111 eos
201 2054 329 2113 fraudem
342 2054 435 2111 faeere
446 2055 473 2111 si
496 2054 649 2111 seminaria
662 2053 854 2130 ingrediantur
867 2054 972 2123 absque
986 2053 1082 2110 animo
1096 2072 1127 2110 se
1141 2053 1233 2110 sacris

138 2153 303 2212 muneribus
317 2152 439 2219 dicandi,
454 2164 482 2209 ct
496 2170 531 2208 eo
551 2162 659 2210 tanturn
681 2154 802 2211 consilio
822 2162 854 2210 nt
872 2151 971 2210 litteris
993 2153 1164 2218 imbuantur,
1186 2150 1233 2207 vel

138 2252 198 2309 otio
220 2250 402 2327 indulgeant3
423 2252 545 2323 ideoque
571 2249 606 2307 ad
631 2252 818 2327 reparandum
845 2250 980 2310 damnum
1007 2252 1106 2309 teneri.
1150 2251 1235 2328 Opus

139 2363 233 2409 autem
242 2369 299 2408 non
308 2360 354 2408 est
363 2359 394 2408 ut
407 2351 475 2409 certi
488 2351 606 2408 omnino
619 2351 741 2409 sintsuae
751 2350 918 2417 vocationis,
927 2370 992 2409 nam
1003 2352 1093 2409 otium
1103 2362 1234 2408 sanctum

137 2448 173 2507 iis
187 2449 252 2506 ideo
265 2447 429 2508 conceditur
442 2459 472 2506 ut
493 2448 529 2506 de
549 2458 624 2507 tanto
644 2450 759 2527 incepto
772 2449 923 2509 consilium
937 2452 1074 2509 maturius
1088 2449 1232 2508 habeant:

138 2545 190 2604 sed
203 2565 256 2604 nec
270 2559 376 2605 temere
389 2548 492 2606 debent
504 2547 625 2624 ingredi,
634 2568 687 2606 nee
698 2551 728 2607 in
742 2551 829 2607 sacris
843 2548 952 2606 aedibus
965 2551 1069 2609 morari
1082 2560 1235 2626 postquam

138 2664 221 2722 spem
235 2647 396 2723 abjecerunt
408 2658 437 2706 et
449 2649 637 2724 propositum.
665 2649 787 2714 Quodsi
801 2667 853 2705 sua
865 2649 950 2724 eulpa
963 2650 1067 2708 saciant
1080 2660 1109 2706 ut
1123 2648 1233 2724 indigni

139 2744 304 2813 habeantur,
319 2766 377 2805 non
391 2746 455 2805 ideo
470 2745 600 2804 videntur
617 2747 652 2804 ad
671 2746 875 2806 restituendum
896 2750 1021 2825 obligati,
1043 2750 1155 2821 quoties
1176 2750 1235 2806 ani·

140 2863 205 2904 mus
225 2844 371 2904 fraudandi
397 2846 534 2903 desuerit:
555 2867 609 2905 nec
629 2848 705 2905 enim
725 2846 873 2904 donatores
895 2847 1031 2906 censendi
1051 2858 1118 2906 sunt
1139 2846 1235 2905 condi·

140 2944 247 3001 tionem
268 2945 431 3003 restituendi
463 2947 630 3022 apposuisse
652 2947 689 3005 ob
715 2947 844 3004 inertiam
870 2946 916 3004 vel
942 2948 1011 3006 alias
1037 2946 1136 3024 culpas
1163 2964 1231 3004 con·

141 3038 261 3100 suetas.¹

182 3145 248 3199 168.
271 3143 328 3209 Qui
341 3145 478 3201 carbones
491 3142 631 3202 effodiunt
649 3144 834 3222 prohibentur
854 3147 888 3202 ab
906 3147 941 3204 iis
955 3149 985 3204 in
999 3148 1043 3205 sui
1056 3165 1142 3205 usum
1157 3145 1234 3203 ause·

141 3240 245 3306 randis,
259 3243 316 3300 nisi
329 3253 406 3300 certo
419 3243 542 3314 quodam
557 3245 649 3320 pretio
663 3244 774 3303 soluto:
797 3257 921 3304 attamen
940 3246 1021 3304 facile
1038 3247 1178 3323 contingit
1196 3263 1233 3301 ex

139 3341 180 3397 rei
194 3344 404 3418 opportunitate
417 3352 448 3398 ut
460 3346 597 3401 carbones
610 3344 722 3401 familiae
737 3364 795 3403 suae
809 3347 986 3404 necessarios
1000 3346 1121 3417 quisque
1131 3354 1232 3402 sumat.

141 3439 210 3495 Mos
224 3440 271 3496 ille
285 3442 401 3512 quidem
423 3441 672 3515 reprehendendus
690 3453 742 3510 est,
757 3444 808 3501 sed
829 3445 968 3502 restitutio
982 3463 1040 3502 non
1052 3443 1163 3501 videtur
1175 3444 1234 3500 exi·

140 3534 243 3610 genda,
257 3555 344 3608 quum
359 3547 433 3595 tanta
446 3539 483 3594 sit
495 3540 533 3596 ibi
558 3541 711 3597 carbonum
733 3543 827 3616 copia,
848 3553 877 3598 et
897 3542 1005 3601 domini
1025 3544 1076 3601 vix
1097 3540 1234 3601 censendi

140 3634 197 3691 sint
218 3637 335 3693 omnino
356 3636 453 3692 inuiti:
474 3655 528 3693 nec
548 3638 625 3694 enim
645 3637 780 3696 adhibent
798 3638 1007 3699 solicitudinem
1020 3640 1055 3698 ad
1068 3640 1145 3699 fures
1159 3640 1233 3698 dete·

139 3732 259 3809 gendos.
281 3735 338 3801 Qui
350 3751 388 3790 ex
401 3735 541 3792 canalium
555 3734 601 3791 vel
614 3734 764 3794 fluminum
776 3739 856 3814 ripis,
868 3738 916 3795 ubi
926 3741 1060 3798 carbones
1069 3759 1107 3799 ex
1117 3740 1233 3816 scaphis

139 3830 329 3908 deponuntur,
350 3832 479 3891 auferunt
499 3833 650 3891 nonnullos
676 3834 707 3891 iu
732 3836 777 3892 sui
795 3855 890 3903 usum,
917 3848 1044 3913 peccant,
1066 3849 1095 3897 et
1115 3837 1231 3912 quidem

139 3932 260 4007 graviter
272 3934 297 3989 si
310 3933 424 4008 copiam
445 3951 576 4010 magnam
595 3943 726 3999 sumant3
747 3936 872 4003 nonita,
893 3937 918 3993 si
937 3955 1055 4012 paucos,
1076 3938 1233 4014 prasertim
1265 3964 1273 3973 ·

139 4031 189 4102 qui
202 4030 256 4089 hac
276 4031 339 4089 illac
352 4031 473 4107 dispersi
482 4034 588 4111 jacent.
632 4031 776 4107 Craterum
790 4035 838 4106 qui
852 4047 1060 4095 consueverunt
1073 4055 1124 4114 per
1144 4045 1233 4096 totam

138 4128 273 4199 hiemem,
295 4132 339 4188 vel
361 4141 473 4207 tempus
499 4130 576 4191 aliud
594 4131 767 4200 diuturnum,
787 4134 924 4195 carbones
954 4135 996 4193 sic
1021 4137 1076 4195 sibi
1102 4153 1228 4204 sumere,

301 4334 343 4400 (t)
364 4334 428 4385 Vide
440 4334 505 4402 apud
518 4336 627 4388 (latricis
639 4336 670 4388 de
676 4337 772 4404 justitia
784 4346 809 4388 st
818 4340 881 4405 juro,
893 4338 933 4388 vol
941 4338 967 4389 ti.
979 4354 1005 4390 u.
1021 4341 1079 4390 134.
