2744 4980
343 416 401 477 DE
422 414 684 477 SENTENTIIS
704 416 1020 481 PROBABILIBUS.
1187 431 1225 484 53

131 587 174 646 nie
194 582 355 661 theologus,
368 590 397 639 et
420 581 664 659 probabilissimas
686 584 770 656 sequi
794 585 859 658 quis
878 595 974 661 potest
986 586 1094 658 absque
1114 592 1223 662 peccati

131 682 291 749 formidine,
306 683 373 755 quia
385 680 538 757 prudenter
551 682 618 757 agit,
632 690 661 738 et
673 698 708 739 ea
720 682 886 741 certitudine
906 702 969 757 qus
983 686 1014 742 iu
1026 685 1112 743 rebus
1125 685 1223 744 huma-

131 786 173 842 nis
195 782 289 859 possit
310 781 416 839 haberi.
459 778 578 856 Optimo
600 780 685 857 igitur
702 783 768 860 jure
790 781 934 841 damnavit
952 782 1116 842 Alexander
1136 784 1220 844 VIII.

132 882 371 958 propositionem:
394 889 413 915 ‘⁶
425 879 455 938 N
457 897 496 938 on
513 879 584 937 licet
601 881 684 953 sequi
704 881 870 957 ophionem
889 882 1075 958 probabilem,
1090 883 1136 941 vel
1149 885 1222 942 inter

132 980 288 1057 prohabiles
301 971 605 1054 probabilissimam.‘’¹

168 1083 216 1136 26.
237 1078 342 1136 Tutior
354 1076 412 1136 dici
425 1077 498 1135 solet
510 1077 648 1135 sentemia
660 1094 725 1150 quae
738 1076 856 1154 rigidIor
868 1088 921 1147 est,
932 1088 961 1136 et
972 1078 1126 1138 humanam
1139 1081 1221 1139 liber·

133 1187 211 1234 tatem
224 1179 337 1236 minuit
379 1177 429 1235 sic
442 1177 528 1235 tutior
547 1177 688 1234 sententia
706 1186 750 1234 est
767 1177 840 1237 nihil
860 1196 947 1256 supra
959 1187 1065 1236 sortem
1078 1179 1220 1256 accipien-

133 1275 195 1334 dum
208 1277 243 1333 ab
255 1295 292 1336 eo
304 1277 355 1350 qui
368 1277 520 1354 pecuniam
539 1275 614 1333 locat
633 1278 791 1335 mercatori.
833 1276 980 1355 Respecto
999 1279 1163 1353 penitentis
1177 1290 1218 1337 tu-

133 1377 182 1434 tior
193 1385 288 1452 potest
299 1393 363 1432 esse
377 1375 591 1448 sententiaque
605 1392 672 1433 eum
691 1393 708 1432 a
720 1386 836 1453 peceato
855 1387 993 1444 removet,
1014 1387 1140 1454 spectata
1154 1379 1217 1455 ejus

132 1473 232 1533 Indole.
274 1470 484 1532 Sithominem
498 1483 642 1532 assuetum
660 1475 792 1551 negotiis,
814 1484 842 1533 et
854 1475 895 1534 nil
914 1476 949 1534 de
971 1477 1107 1535 auctuarii
1128 1479 1218 1554 injus·

132 1574 185 1630 titia
202 1558 396 1651 auspicantem
416 1573 502 1631 tutius
522 1583 567 1630 est
586 1591 646 1633 non
665 1575 832 1648 inquietare,
853 1593 890 1634 ne
909 1575 984 1634 mala
1001 1575 1057 1633 tide
1080 1575 1217 1652 deinceps

132 1682 197 1749 egat

163 1777 214 1830 at.
236 1771 273 1829 ln
284 1773 368 1830 rebus
381 1770 415 1828 ad
427 1770 548 1829 salutem
560 1772 740 1839 necessariis,
753 1775 922 1830 sententiam
935 1773 1030 1831 minus
1043 1773 1217 1849 probabilem

130 1872 210 1942 sequi
222 1870 370 1938 nonlicet,
383 1889 446 1929 nam
458 1869 537 1929 nulla
556 1871 645 1928 nimia
663 1871 799 1929 securitas
817 1872 866 1930 ubi
880 1871 1053 1948 periclitatur
1065 1873 1215 1929 aeternitas.

129 1969 252 2027 Temere
272 1969 395 2042 quidem,
416 1979 530 2029 etcum
550 1969 700 2029 manifesto
714 1970 811 2027 salutis
831 1970 1005 2038 discrimine,
1024 1971 1088 2042 quis
1109 1970 1217 2029 leviora

129 2077 269 2127 momenta
294 2069 433 2128 rationum
455 2071 593 2143 sequitur,
616 2069 794 2147 gravioribus
816 2069 953 2146 neglectis
976 2069 1089 2128 iudiciis
1112 2069 1214 2128 divina

50 2235 52 2240 Ι
130 2155 284 2226 voluntatis.
328 2167 409 2227 Hinc
423 2170 525 2227 merito
537 2167 669 2228 damnata
681 2176 725 2227 est
745 2169 914 2246 propositio.
959 2169 1035 2227 “Ab
1048 2168 1213 2227 infidelitate

129 2268 305 2326 excusabitur
330 2266 455 2326 infidelis
478 2287 537 2327 nou
559 2266 689 2337 eredens,
712 2266 814 2327 ductus
836 2269 974 2346 opinione
997 2269 1092 2326 minus
1114 2268 1214 2344 proba·

130 2360 223 2425 bill-”²

162 2471 211 2525 28.
232 2465 267 2524 In
292 2468 479 2525 sacramentis
505 2464 734 2526 administrandis
759 2465 928 2543 plerumque
954 2485 1013 2525 non
1038 2466 1106 2524 licet
1130 2468 1213 2540 sequi

128 2567 291 2642 opinionem
304 2565 480 2642 probabiIem
500 2563 536 2622 de
556 2565 651 2624 valore
664 2566 852 2636 sacramenti,
873 2566 970 2624 relicta
983 2567 1101 2624 tutiore:
1123 2566 1214 2641 exigit

127 2667 198 2724 enim
211 2666 370 2724 reverentia
382 2682 449 2742 erga
468 2663 577 2723 Christi
597 2665 731 2733 instituta,
746 2677 778 2724 ut
795 2667 837 2724 nil
859 2667 1001 2724 omittatur
1019 2683 1077 2738 quo
1100 2665 1213 2742 pericli·

127 2776 230 2823 enarr:
252 2763 332 2837 quod
344 2774 373 2821 et
392 2763 491 2822 suadet
509 2764 630 2822 charitas
651 2783 718 2840 erga
737 2767 912 2842 proximum,
927 2765 976 2834 qui
999 2764 1068 2821 alias
1088 2781 1213 2838 expone·

127 2876 194 2922 retur
215 2863 377 2922 discrimini
399 2874 639 2923 sacramentorum
660 2863 794 2922 utilitates
808 2861 963 2921 amittendi.
1006 2860 1111 2920 Meritb
1135 2860 1212 2920 dam·

126 2966 197 3022 navit
209 2964 397 3023 Innocentius
409 2963 464 3021 XI.
475 2964 701 3038 propositionem
714 2972 897 3036 sequentem:
914 2970 934 3017 ‘.‘
944 2961 1014 3020 Nou
1027 2969 1071 3020 est
1082 2961 1213 3021 illicitum

126 3065 153 3121 in
163 3065 347 3122 sacramentis
360 3060 540 3122 conferendis
550 3063 632 3136 sequi
646 3063 814 3139 opinionem
826 3061 1000 3139 probabilem
1013 3062 1048 3120 de
1062 3061 1155 3119 valore
1169 3081 1212 3118 sa·

127 3165 269 3232 crementi,
283 3163 380 3222 relicta
398 3163 508 3228 tutiore,
522 3162 579 3220 nisi
599 3160 630 3220 id
642 3170 718 3220 vetet
736 3163 795 3233 Iex,
816 3163 979 3228 conventio,
993 3173 1041 3218 aut
1053 3160 1212 3236 periculum

126 3265 213 3340 gravis
235 3263 335 3322 damni
354 3260 532 3321 incurrendI:
554 3260 622 3319 hinc
644 3263 784 3320 sententia
802 3261 940 3337 probabili
963 3268 1071 3316 tantum
1091 3276 1149 3315 noa
1168 3267 1213 3314 est

126 3362 258 3422 nondum
271 3364 302 3421 in
323 3361 471 3421 collatione
491 3361 635 3436 baptismi,
657 3359 765 3418 ordinis
785 3357 976 3425 sacerdotalis,
999 3365 1046 3414 aut
1063 3357 1212 3433 episcopa·

126 3457 204 3520 tis.”³
243 3463 336 3540 Igitur
348 3462 378 3519 in
391 3460 605 3519 confirmatione
626 3459 698 3518 soret
716 3458 845 3517 illicitum
865 3459 947 3530 sequi
968 3457 1135 3514 sententiam
1149 3475 1212 3530 quae

126 3564 274 3622 annuam
288 3561 457 3619 sacramenti
474 3561 503 3618 in
523 3559 585 3617 sola
604 3559 786 3637 impositione
806 3575 942 3616 manuum
961 3557 1124 3625 constituit;
1145 3557 1212 3631 quia

127 3661 277 3721 omittendo
290 3661 425 3727 chrisma,
440 3678 498 3718 non
511 3659 605 3717 solum
614 3660 764 3717 violaretur
773 3656 914 3717 Ecclesia
928 3659 997 3717 ritus
1011 3667 1040 3715 et
1049 3657 1217 3733 disciplina,

126 3759 170 3818 sed
181 3770 392 3821 sacramentum
405 3761 515 3818 irritum
528 3777 591 3816 esse
605 3766 702 3835 posset
714 3777 781 3818 eum
792 3757 921 3816 fidelium
929 3757 1048 3833 jactura.
1079 3757 1212 3814 Attamen

127 3872 235 3936 urgente
255 3864 424 3920 necessitate
443 3858 596 3935 probabilis
617 3857 767 3930 aliquando
787 3857 935 3916 adhibetur
954 3856 1103 3921 sententia,
1123 3855 1165 3911 uti
1186 3853 1212 3910 si

127 3961 228 4031 quisin
248 3963 349 4021 mortis
367 3959 532 4020 discrimine
551 3958 629 4017 nulla
647 3959 810 4035 penitentis
831 3956 919 4018 animi
939 3954 1046 4014 indicia
1066 3952 1148 4011 edere
1165 3972 1212 4010 va·

127 4055 184 4117 leat.

221 4315 265 4381 (1)
279 4314 356 4366 Anno
372 4316 444 4366 loeo.
547 4311 589 4381 (2)
603 4312 679 4364 Auno
693 4312 766 4364 1679.
870 4308 911 4378 (3)
925 4307 1021 4360 Eodem
1032 4322 1106 4359 anno

599 4412 692 4474 .6*
