<?xml version="1.0" encoding="UTF-8"?>
<!DOCTYPE html PUBLIC "-//W3C//DTD XHTML 1.0 Transitional//EN"
    "http://www.w3.org/TR/xhtml1/DTD/xhtml1-transitional.dtd">
<html xmlns="http://www.w3.org/1999/xhtml" xml:lang="en" lang="en">
 <head>
  <title>
</title>
<meta http-equiv="Content-Type" content="text/html;charset=utf-8" />
  <meta name='ocr-system' content='tesseract 3.04.00' />
  <meta name='ocr-capabilities' content='ocr_page ocr_carea ocr_par ocr_line ocrx_word'/>
</head>
<body>
  <div class='ocr_page' id='page_1' title='image "./theologiaemoral00kenrgoog_0172.png"; bbox 0 0 2766 4996; ppageno 0'>
   <div class='ocr_carea' id='block_1_1' title="bbox 369 418 892 480">
    <p class='ocr_par' dir='ltr' id='par_1_1' title="bbox 369 418 892 480">
     <span class='ocr_line' id='line_1_1' title="bbox 369 418 892 480; baseline 0.004 -4"><span class='ocrx_word' id='word_1_1' title='bbox 369 418 425 477; x_wconf 86' lang='lat' dir='ltr'>DE</span> <span class='ocrx_word' id='word_1_2' title='bbox 446 418 617 478; x_wconf 82' lang='lat' dir='ltr'>00Tavo</span> <span class='ocrx_word' id='word_1_3' title='bbox 639 418 892 480; x_wconf 84' lang='lat' dir='ltr'><strong>PRAECEPTO.</strong></span> 
     </span>
    </p>
   </div>
   <div class='ocr_carea' id='block_1_2' title="bbox 448 682 827 756">
    <p class='ocr_par' dir='ltr' id='par_1_2' title="bbox 448 682 827 756">
     <span class='ocr_line' id='line_1_2' title="bbox 448 682 827 756; baseline 0.005 -18"><span class='ocrx_word' id='word_1_4' title='bbox 448 682 515 756; x_wconf 92' lang='lat' dir='ltr'>§V.</span> <span class='ocrx_word' id='word_1_5' title='bbox 548 682 595 740; x_wconf 81' lang='lat' dir='ltr'>De</span> <span class='ocrx_word' id='word_1_6' title='bbox 610 702 827 742; x_wconf 79' lang='lat' dir='ltr'>srrruearrons.</span> 
     </span>
    </p>
   </div>
   <div class='ocr_carea' id='block_1_3' title="bbox 95 858 1199 3807">
    <p class='ocr_par' dir='ltr' id='par_1_3' title="bbox 95 858 1193 2326">
     <span class='ocr_line' id='line_1_3' title="bbox 134 858 1189 930; baseline 0.008 -8"><span class='ocrx_word' id='word_1_7' title='bbox 134 869 200 922; x_wconf 90' lang='grc'><strong>197.</strong></span> <span class='ocrx_word' id='word_1_8' title='bbox 222 862 374 921; x_wconf 86' lang='lat' dir='ltr'>Simulatio</span> <span class='ocrx_word' id='word_1_9' title='bbox 394 862 466 921; x_wconf 83' lang='lat' dir='ltr'>inter</span> <span class='ocrx_word' id='word_1_10' title='bbox 488 863 635 922; x_wconf 89' lang='lat' dir='ltr'>mendacia</span> <span class='ocrx_word' id='word_1_11' title='bbox 657 867 757 922; x_wconf 90' lang='lat' dir='ltr'>merito</span> <span class='ocrx_word' id='word_1_12' title='bbox 778 875 958 924; x_wconf 86' lang='lat' dir='ltr'>recensetur:</span> <span class='ocrx_word' id='word_1_13' title='bbox 981 876 1001 902; x_wconf 91' lang='lat'>“</span> <span class='ocrx_word' id='word_1_14' title='bbox 1013 869 1094 928; x_wconf 85' lang='lat' dir='ltr'>Sicut</span> <span class='ocrx_word' id='word_1_15' title='bbox 1107 858 1189 930; x_wconf 74' lang='lat' dir='ltr'>&#39;veri-</span> 
     </span>
     <span class='ocr_line' id='line_1_4' title="bbox 95 961 1190 1042; baseline 0.007 -22"><span class='ocrx_word' id='word_1_16' title='bbox 95 965 143 1021; x_wconf 91' lang='lat' dir='ltr'>tati</span> <span class='ocrx_word' id='word_1_17' title='bbox 154 963 319 1041; x_wconf 90' lang='lat' dir='ltr'>opponitur,</span> <span class='ocrx_word' id='word_1_18' title='bbox 334 961 411 1034; x_wconf 90' lang='lat' dir='ltr'>quod</span> <span class='ocrx_word' id='word_1_19' title='bbox 421 962 524 1035; x_wconf 89' lang='lat' dir='ltr'>aliquis</span> <span class='ocrx_word' id='word_1_20' title='bbox 535 983 586 1038; x_wconf 87' lang='lat' dir='ltr'>per</span> <span class='ocrx_word' id='word_1_21' title='bbox 599 963 683 1020; x_wconf 85' lang='lat' dir='ltr'>verba</span> <span class='ocrx_word' id='word_1_22' title='bbox 695 966 836 1022; x_wconf 83' lang='lat' dir='ltr'>exteriora</span> <span class='ocrx_word' id='word_1_23' title='bbox 849 965 925 1023; x_wconf 92' lang='lat' dir='ltr'>aliud</span> <span class='ocrx_word' id='word_1_24' title='bbox 937 965 1086 1042; x_wconf 80' lang='lat' dir='ltr'>significet,</span> <span class='ocrx_word' id='word_1_25' title='bbox 1103 989 1190 1042; x_wconf 88' lang='lat' dir='ltr'>quarn</span> 
     </span>
     <span class='ocr_line' id='line_1_5' title="bbox 95 1054 1188 1146; baseline 0.006 -26"><span class='ocrx_word' id='word_1_26' title='bbox 95 1061 267 1136; x_wconf 86' lang='lat' dir='ltr'>quodhabet</span> <span class='ocrx_word' id='word_1_27' title='bbox 279 1060 355 1137; x_wconf 90' lang='lat' dir='ltr'>apud</span> <span class='ocrx_word' id='word_1_28' title='bbox 368 1080 410 1128; x_wconf 89' lang='lat' dir='ltr'>se,</span> <span class='ocrx_word' id='word_1_29' title='bbox 425 1061 502 1133; x_wconf 91' lang='lat' dir='ltr'>quod</span> <span class='ocrx_word' id='word_1_30' title='bbox 522 1062 558 1119; x_wconf 93' lang='lat' dir='ltr'>ad</span> <span class='ocrx_word' id='word_1_31' title='bbox 570 1054 756 1120; x_wconf 80' lang='lat' dir='ltr'>&#39;mendacium</span> <span class='ocrx_word' id='word_1_32' title='bbox 779 1065 917 1139; x_wconf 81' lang='lat' dir='ltr'>pertinet:</span> <span class='ocrx_word' id='word_1_33' title='bbox 939 1065 978 1120; x_wconf 92' lang='lat' dir='ltr'>ita</span> <span class='ocrx_word' id='word_1_34' title='bbox 997 1068 1082 1125; x_wconf 89' lang='lat' dir='ltr'>etiam</span> <span class='ocrx_word' id='word_1_35' title='bbox 1097 1087 1188 1146; x_wconf 93' lang='lat' dir='ltr'>oppo-</span> 
     </span>
     <span class='ocr_line' id='line_1_6' title="bbox 96 1159 1189 1238; baseline 0.007 -19"><span class='ocrx_word' id='word_1_36' title='bbox 96 1163 172 1220; x_wconf 89' lang='lat' dir='ltr'>nitur</span> <span class='ocrx_word' id='word_1_37' title='bbox 191 1161 311 1228; x_wconf 86' lang='lat' dir='ltr'>veritati,</span> <span class='ocrx_word' id='word_1_38' title='bbox 332 1159 409 1233; x_wconf 93' lang='lat' dir='ltr'>quod</span> <span class='ocrx_word' id='word_1_39' title='bbox 429 1160 531 1232; x_wconf 88' lang='lat' dir='ltr'>aliquis</span> <span class='ocrx_word' id='word_1_40' title='bbox 552 1180 602 1236; x_wconf 92' lang='lat' dir='ltr'>per</span> <span class='ocrx_word' id='word_1_41' title='bbox 622 1161 717 1232; x_wconf 88' lang='lat' dir='ltr'>aliqua</span> <span class='ocrx_word' id='word_1_42' title='bbox 737 1162 819 1238; x_wconf 87' lang='lat' dir='ltr'>signa</span> <span class='ocrx_word' id='word_1_43' title='bbox 841 1163 990 1230; x_wconf 82' lang='lat' dir='ltr'>sactorum,</span> <span class='ocrx_word' id='word_1_44' title='bbox 1014 1165 1059 1222; x_wconf 91' lang='lat' dir='ltr'>vel</span> <span class='ocrx_word' id='word_1_45' title='bbox 1081 1186 1189 1235; x_wconf 89' lang='lat' dir='ltr'>rerum,</span> 
     </span>
     <span class='ocr_line' id='line_1_7' title="bbox 96 1260 1190 1343; baseline 0.009 -27"><span class='ocrx_word' id='word_1_46' title='bbox 96 1260 202 1333; x_wconf 90' lang='lat' dir='ltr'>aliquid</span> <span class='ocrx_word' id='word_1_47' title='bbox 224 1260 367 1337; x_wconf 81' lang='lat' dir='ltr'>significet</span> <span class='ocrx_word' id='word_1_48' title='bbox 388 1261 560 1317; x_wconf 88' lang='lat' dir='ltr'>contrarium</span> <span class='ocrx_word' id='word_1_49' title='bbox 584 1262 658 1337; x_wconf 90' lang='lat' dir='ltr'>ejus,</span> <span class='ocrx_word' id='word_1_50' title='bbox 680 1260 757 1331; x_wconf 90' lang='lat' dir='ltr'>quod</span> <span class='ocrx_word' id='word_1_51' title='bbox 779 1261 864 1318; x_wconf 91' lang='lat' dir='ltr'>ineo</span> <span class='ocrx_word' id='word_1_52' title='bbox 890 1272 949 1319; x_wconf 87' lang='lat' dir='ltr'>est:</span> <span class='ocrx_word' id='word_1_53' title='bbox 978 1263 1055 1334; x_wconf 93' lang='lat' dir='ltr'>quod</span> <span class='ocrx_word' id='word_1_54' title='bbox 1075 1268 1190 1343; x_wconf 84' lang='lat' dir='ltr'><strong>proprie</strong></span> 
     </span>
     <span class='ocr_line' id='line_1_8' title="bbox 96 1357 1190 1435; baseline 0.007 -20"><span class='ocrx_word' id='word_1_55' title='bbox 96 1359 239 1420; x_wconf 83' lang='lat' dir='ltr'>simulatio</span> <span class='ocrx_word' id='word_1_56' title='bbox 252 1359 365 1417; x_wconf 88' lang='lat' dir='ltr'>dicitur.</span> <span class='ocrx_word' id='word_1_57' title='bbox 407 1357 493 1416; x_wconf 87' lang='lat' dir='ltr'>Unde</span> <span class='ocrx_word' id='word_1_58' title='bbox 507 1359 649 1416; x_wconf 83' lang='lat' dir='ltr'>simulatio</span> <span class='ocrx_word' id='word_1_59' title='bbox 663 1361 776 1435; x_wconf 84' lang='lat' dir='ltr'>proprie</span> <span class='ocrx_word' id='word_1_60' title='bbox 795 1371 839 1417; x_wconf 89' lang='lat' dir='ltr'>est</span> <span class='ocrx_word' id='word_1_61' title='bbox 851 1359 1031 1419; x_wconf 81' lang='lat' dir='ltr'><strong>mendacium</strong></span> <span class='ocrx_word' id='word_1_62' title='bbox 1044 1363 1190 1435; x_wconf 79' lang='lat' dir='ltr'><strong>quoddam</strong></span> 
     </span>
     <span class='ocr_line' id='line_1_9' title="bbox 97 1452 1190 1534; baseline 0.007 -18"><span class='ocrx_word' id='word_1_63' title='bbox 97 1460 126 1516; x_wconf 88' lang='lat' dir='ltr'>in</span> <span class='ocrx_word' id='word_1_64' title='bbox 148 1460 320 1517; x_wconf 71' lang='lat' dir='ltr'>exteriorum</span> <span class='ocrx_word' id='word_1_65' title='bbox 346 1458 437 1534; x_wconf 84' lang='lat' dir='ltr'>signis</span> <span class='ocrx_word' id='word_1_66' title='bbox 463 1456 600 1515; x_wconf 87' lang='lat' dir='ltr'>sactorum</span> <span class='ocrx_word' id='word_1_67' title='bbox 626 1452 834 1516; x_wconf 87' lang='lat' dir='ltr'>consistens.‘’¹</span> <span class='ocrx_word' id='word_1_68' title='bbox 875 1458 1021 1532; x_wconf 85' lang='lat' dir='ltr'>Equidem</span> <span class='ocrx_word' id='word_1_69' title='bbox 1054 1460 1190 1524; x_wconf 82' lang='lat' dir='ltr'>christus</span> 
     </span>
     <span class='ocr_line' id='line_1_10' title="bbox 97 1556 1190 1633; baseline 0.006 -18"><span class='ocrx_word' id='word_1_70' title='bbox 97 1557 238 1615; x_wconf 88' lang='lat' dir='ltr'>redivivus</span> <span class='ocrx_word' id='word_1_71' title='bbox 252 1560 387 1616; x_wconf 91' lang='lat' dir='ltr'>comitem</span> <span class='ocrx_word' id='word_1_72' title='bbox 400 1575 431 1613; x_wconf 87' lang='lat' dir='ltr'>se</span> <span class='ocrx_word' id='word_1_73' title='bbox 445 1557 573 1631; x_wconf 77' lang='lat' dir='ltr'>prebens</span> <span class='ocrx_word' id='word_1_74' title='bbox 586 1556 697 1614; x_wconf 89' lang='lat' dir='ltr'>duobus</span> <span class='ocrx_word' id='word_1_75' title='bbox 711 1557 859 1633; x_wconf 82' lang='lat' dir='ltr'>discipulis</span> <span class='ocrx_word' id='word_1_76' title='bbox 875 1560 1006 1616; x_wconf 90' lang='lat' dir='ltr'>euntibus</span> <span class='ocrx_word' id='word_1_77' title='bbox 1021 1560 1190 1630; x_wconf 90' lang='lat' dir='ltr'>Emmaum,</span> 
     </span>
     <span class='ocr_line' id='line_1_11' title="bbox 97 1654 1192 1733; baseline 0.006 -20"><span class='ocrx_word' id='word_1_78' title='bbox 97 1656 164 1714; x_wconf 90' lang='lat' dir='ltr'>dum</span> <span class='ocrx_word' id='word_1_79' title='bbox 178 1656 209 1714; x_wconf 92' lang='lat' dir='ltr'>hi</span> <span class='ocrx_word' id='word_1_80' title='bbox 221 1656 392 1714; x_wconf 87' lang='lat' dir='ltr'>diverterent</span> <span class='ocrx_word' id='word_1_81' title='bbox 404 1655 440 1712; x_wconf 85' lang='lat' dir='ltr'>od</span> <span class='ocrx_word' id='word_1_82' title='bbox 457 1656 690 1731; x_wconf 87' lang='lat' dir='ltr'>pernoctandum,</span> <span class='ocrx_word' id='word_1_83' title='bbox 712 1657 824 1713; x_wconf 82' lang='lat' dir='ltr'>“tinxit</span> <span class='ocrx_word' id='word_1_84' title='bbox 843 1675 873 1713; x_wconf 88' lang='lat' dir='ltr'>se</span> <span class='ocrx_word' id='word_1_85' title='bbox 894 1657 1008 1733; x_wconf 84' lang='lat' dir='ltr'>longius</span> <span class='ocrx_word' id='word_1_86' title='bbox 1028 1654 1118 1726; x_wconf 81' lang='lat' dir='ltr'>ire,”²</span> <span class='ocrx_word' id='word_1_87' title='bbox 1138 1663 1192 1720; x_wconf 89' lang='lat' dir='ltr'>sci·</span> 
     </span>
     <span class='ocr_line' id='line_1_12' title="bbox 98 1749 1192 1832; baseline 0.004 -21"><span class='ocrx_word' id='word_1_88' title='bbox 98 1755 163 1812; x_wconf 89' lang='lat' dir='ltr'>lieet</span> <span class='ocrx_word' id='word_1_89' title='bbox 184 1756 374 1832; x_wconf 86' lang='lat' dir='ltr'>“composuit</span> <span class='ocrx_word' id='word_1_90' title='bbox 387 1763 494 1811; x_wconf 89' lang='lat' dir='ltr'>motum</span> <span class='ocrx_word' id='word_1_91' title='bbox 509 1773 603 1820; x_wconf 89' lang='lat' dir='ltr'>suum,</span> <span class='ocrx_word' id='word_1_92' title='bbox 618 1755 699 1826; x_wconf 88' lang='lat' dir='ltr'>quasi</span> <span class='ocrx_word' id='word_1_93' title='bbox 712 1755 833 1811; x_wconf 88' lang='lat' dir='ltr'>volentis</span> <span class='ocrx_word' id='word_1_94' title='bbox 846 1754 961 1831; x_wconf 84' lang='lat' dir='ltr'>longius</span> <span class='ocrx_word' id='word_1_95' title='bbox 975 1749 1064 1812; x_wconf 80' lang='lat' dir='ltr'>ire.”³</span> <span class='ocrx_word' id='word_1_96' title='bbox 1098 1759 1192 1817; x_wconf 78' lang='lat' dir='ltr'>Cate-</span> 
     </span>
     <span class='ocr_line' id='line_1_13' title="bbox 98 1852 1193 1929; baseline 0.005 -18"><span class='ocrx_word' id='word_1_97' title='bbox 98 1872 162 1911; x_wconf 87' lang='lat' dir='ltr'>rum</span> <span class='ocrx_word' id='word_1_98' title='bbox 172 1853 249 1911; x_wconf 87' lang='lat' dir='ltr'>nulla</span> <span class='ocrx_word' id='word_1_99' title='bbox 258 1854 379 1912; x_wconf 87' lang='lat' dir='ltr'>hievora</span> <span class='ocrx_word' id='word_1_100' title='bbox 388 1853 533 1911; x_wconf 88' lang='lat' dir='ltr'>simulatio</span> <span class='ocrx_word' id='word_1_101' title='bbox 546 1855 694 1928; x_wconf 85' lang='lat' dir='ltr'>reperitur,</span> <span class='ocrx_word' id='word_1_102' title='bbox 708 1870 796 1924; x_wconf 90' lang='lat' dir='ltr'>quum</span> <span class='ocrx_word' id='word_1_103' title='bbox 811 1852 872 1909; x_wconf 83' lang='lat' dir='ltr'>haec</span> <span class='ocrx_word' id='word_1_104' title='bbox 886 1852 987 1929; x_wconf 82' lang='lat' dir='ltr'>agendi</span> <span class='ocrx_word' id='word_1_105' title='bbox 1000 1855 1070 1911; x_wconf 87' lang='lat' dir='ltr'>ratio</span> <span class='ocrx_word' id='word_1_106' title='bbox 1082 1858 1193 1916; x_wconf 87' lang='lat' dir='ltr'>viatori·</span> 
     </span>
     <span class='ocr_line' id='line_1_14' title="bbox 98 1951 1191 2031; baseline 0.007 -23"><span class='ocrx_word' id='word_1_107' title='bbox 98 1953 151 2009; x_wconf 88' lang='lat' dir='ltr'>bus</span> <span class='ocrx_word' id='word_1_108' title='bbox 162 1951 238 2009; x_wconf 89' lang='lat' dir='ltr'>haud</span> <span class='ocrx_word' id='word_1_109' title='bbox 250 1952 413 2026; x_wconf 85' lang='lat' dir='ltr'>infrequens</span> <span class='ocrx_word' id='word_1_110' title='bbox 422 1951 675 2028; x_wconf 83' lang='lat' dir='ltr'>indicerpergcndi</span> <span class='ocrx_word' id='word_1_111' title='bbox 690 1953 742 2009; x_wconf 88' lang='lat' dir='ltr'>iter</span> <span class='ocrx_word' id='word_1_112' title='bbox 750 1952 910 2019; x_wconf 87' lang='lat' dir='ltr'>consilium,</span> <span class='ocrx_word' id='word_1_113' title='bbox 921 1952 977 2010; x_wconf 86' lang='lat' dir='ltr'>nisi</span> <span class='ocrx_word' id='word_1_114' title='bbox 988 1951 1023 2009; x_wconf 91' lang='lat' dir='ltr'>ad</span> <span class='ocrx_word' id='word_1_115' title='bbox 1033 1952 1191 2031; x_wconf 88' lang='lat' dir='ltr'>hospitium</span> 
     </span>
     <span class='ocr_line' id='line_1_15' title="bbox 99 2050 1191 2128; baseline 0.006 -20"><span class='ocrx_word' id='word_1_116' title='bbox 99 2052 260 2109; x_wconf 82' lang='lat' dir='ltr'>invitentur.</span> <span class='ocrx_word' id='word_1_117' title='bbox 301 2052 351 2110; x_wconf 86' lang='lat' dir='ltr'>Sic</span> <span class='ocrx_word' id='word_1_118' title='bbox 364 2071 422 2110; x_wconf 90' lang='lat' dir='ltr'>non</span> <span class='ocrx_word' id='word_1_119' title='bbox 436 2062 588 2111; x_wconf 85' lang='lat' dir='ltr'>censentur</span> <span class='ocrx_word' id='word_1_120' title='bbox 600 2052 725 2119; x_wconf 90' lang='lat' dir='ltr'>mentiri,</span> <span class='ocrx_word' id='word_1_121' title='bbox 740 2052 788 2123; x_wconf 90' lang='lat' dir='ltr'>qui</span> <span class='ocrx_word' id='word_1_122' title='bbox 802 2070 838 2109; x_wconf 90' lang='lat' dir='ltr'>ne</span> <span class='ocrx_word' id='word_1_123' title='bbox 855 2051 981 2128; x_wconf 89' lang='lat' dir='ltr'>hospitio</span> <span class='ocrx_word' id='word_1_124' title='bbox 995 2050 1101 2111; x_wconf 89' lang='lat' dir='ltr'>diutius</span> <span class='ocrx_word' id='word_1_125' title='bbox 1115 2057 1191 2114; x_wconf 88' lang='lat' dir='ltr'>abuti</span> 
     </span>
     <span class='ocr_line' id='line_1_16' title="bbox 100 2149 1192 2229; baseline 0.007 -24"><span class='ocrx_word' id='word_1_126' title='bbox 100 2149 255 2218; x_wconf 85' lang='lat' dir='ltr'>videantur,</span> <span class='ocrx_word' id='word_1_127' title='bbox 277 2161 422 2229; x_wconf 88' lang='lat' dir='ltr'>separant</span> <span class='ocrx_word' id='word_1_128' title='bbox 441 2151 544 2219; x_wconf 90' lang='lat' dir='ltr'>itineri,</span> <span class='ocrx_word' id='word_1_129' title='bbox 566 2152 662 2208; x_wconf 91' lang='lat' dir='ltr'>animo</span> <span class='ocrx_word' id='word_1_130' title='bbox 685 2162 778 2209; x_wconf 85' lang='lat' dir='ltr'>tamen</span> <span class='ocrx_word' id='word_1_131' title='bbox 804 2151 841 2208; x_wconf 88' lang='lat' dir='ltr'>ita</span> <span class='ocrx_word' id='word_1_132' title='bbox 861 2150 992 2226; x_wconf 87' lang='lat' dir='ltr'>dispositi</span> <span class='ocrx_word' id='word_1_133' title='bbox 1011 2162 1042 2208; x_wconf 91' lang='lat' dir='ltr'>ut</span> <span class='ocrx_word' id='word_1_134' title='bbox 1060 2156 1192 2228; x_wconf 88' lang='lat' dir='ltr'>precibus</span> 
     </span>
     <span class='ocr_line' id='line_1_17' title="bbox 100 2249 538 2326; baseline 0 -20"><span class='ocrx_word' id='word_1_135' title='bbox 100 2249 244 2326; x_wconf 88' lang='lat' dir='ltr'>hospitum</span> <span class='ocrx_word' id='word_1_136' title='bbox 255 2251 336 2309; x_wconf 81' lang='lat' dir='ltr'>facile</span> <span class='ocrx_word' id='word_1_137' title='bbox 349 2250 458 2308; x_wconf 85' lang='lat' dir='ltr'>cessuri</span> <span class='ocrx_word' id='word_1_138' title='bbox 471 2252 538 2309; x_wconf 88' lang='lat' dir='ltr'>sint.</span> 
     </span>
    </p>

    <p class='ocr_par' dir='ltr' id='par_1_4' title="bbox 101 2347 1196 3416">
     <span class='ocr_line' id='line_1_18' title="bbox 144 2347 1194 2426; baseline 0.003 -21"><span class='ocrx_word' id='word_1_139' title='bbox 144 2353 209 2406; x_wconf 84' lang='grc'><strong>198.</strong></span> <span class='ocrx_word' id='word_1_140' title='bbox 231 2349 288 2415; x_wconf 88' lang='lat' dir='ltr'>Qui</span> <span class='ocrx_word' id='word_1_141' title='bbox 301 2358 416 2409; x_wconf 87' lang='lat' dir='ltr'>utuntur</span> <span class='ocrx_word' id='word_1_142' title='bbox 430 2360 507 2406; x_wconf 85' lang='lat' dir='ltr'>veste</span> <span class='ocrx_word' id='word_1_143' title='bbox 520 2348 638 2425; x_wconf 89' lang='lat' dir='ltr'>speciali</span> <span class='ocrx_word' id='word_1_144' title='bbox 658 2347 816 2407; x_wconf 87' lang='lat' dir='ltr'>occultandi</span> <span class='ocrx_word' id='word_1_145' title='bbox 836 2365 867 2403; x_wconf 87' lang='lat' dir='ltr'>se</span> <span class='ocrx_word' id='word_1_146' title='bbox 887 2366 981 2415; x_wconf 88' lang='lat' dir='ltr'>causa,</span> <span class='ocrx_word' id='word_1_147' title='bbox 996 2359 1025 2405; x_wconf 93' lang='lat' dir='ltr'>et</span> <span class='ocrx_word' id='word_1_148' title='bbox 1043 2348 1111 2426; x_wconf 82' lang='lat' dir='ltr'>iuga</span> <span class='ocrx_word' id='word_1_149' title='bbox 1130 2369 1194 2409; x_wconf 88' lang='lat' dir='ltr'>eva·</span> 
     </span>
     <span class='ocr_line' id='line_1_19' title="bbox 101 2446 1194 2524; baseline 0.005 -21"><span class='ocrx_word' id='word_1_150' title='bbox 101 2446 197 2516; x_wconf 89' lang='lat' dir='ltr'>dendi,</span> <span class='ocrx_word' id='word_1_151' title='bbox 211 2467 267 2507; x_wconf 88' lang='lat' dir='ltr'>non</span> <span class='ocrx_word' id='word_1_152' title='bbox 282 2447 411 2506; x_wconf 88' lang='lat' dir='ltr'>videntur</span> <span class='ocrx_word' id='word_1_153' title='bbox 423 2448 612 2506; x_wconf 84' lang='lat' dir='ltr'>simulationis</span> <span class='ocrx_word' id='word_1_154' title='bbox 625 2449 675 2516; x_wconf 89' lang='lat' dir='ltr'>rei,</span> <span class='ocrx_word' id='word_1_155' title='bbox 691 2449 821 2518; x_wconf 83' lang='lat' dir='ltr'>quamvis</span> <span class='ocrx_word' id='word_1_156' title='bbox 840 2447 917 2504; x_wconf 90' lang='lat' dir='ltr'>enirn</span> <span class='ocrx_word' id='word_1_157' title='bbox 930 2449 1057 2524; x_wconf 89' lang='lat' dir='ltr'>speciem</span> <span class='ocrx_word' id='word_1_158' title='bbox 1071 2450 1194 2509; x_wconf 91' lang='lat' dir='ltr'>alienam</span> 
     </span>
     <span class='ocr_line' id='line_1_20' title="bbox 101 2546 1193 2625; baseline 0.002 -21"><span class='ocrx_word' id='word_1_159' title='bbox 101 2547 272 2606; x_wconf 88' lang='lat' dir='ltr'>intuentibus</span> <span class='ocrx_word' id='word_1_160' title='bbox 285 2548 430 2625; x_wconf 88' lang='lat' dir='ltr'>objiciant,</span> <span class='ocrx_word' id='word_1_161' title='bbox 445 2565 480 2605; x_wconf 94' lang='lat' dir='ltr'>eo</span> <span class='ocrx_word' id='word_1_162' title='bbox 494 2548 577 2606; x_wconf 89' lang='lat' dir='ltr'>etiam</span> <span class='ocrx_word' id='word_1_163' title='bbox 591 2547 710 2604; x_wconf 89' lang='lat' dir='ltr'>consilio</span> <span class='ocrx_word' id='word_1_164' title='bbox 731 2558 761 2604; x_wconf 91' lang='lat' dir='ltr'>ut</span> <span class='ocrx_word' id='word_1_165' title='bbox 781 2546 965 2622; x_wconf 90' lang='lat' dir='ltr'>decipiantur,</span> <span class='ocrx_word' id='word_1_166' title='bbox 986 2558 1109 2608; x_wconf 89' lang='lat' dir='ltr'>attamen</span> <span class='ocrx_word' id='word_1_167' title='bbox 1123 2549 1193 2607; x_wconf 88' lang='lat' dir='ltr'>nihil</span> 
     </span>
     <span class='ocr_line' id='line_1_21' title="bbox 103 2645 1194 2724; baseline 0.005 -22"><span class='ocrx_word' id='word_1_168' title='bbox 103 2646 250 2715; x_wconf 88' lang='lat' dir='ltr'>affirmant,</span> <span class='ocrx_word' id='word_1_169' title='bbox 265 2656 294 2705; x_wconf 89' lang='lat' dir='ltr'>et</span> <span class='ocrx_word' id='word_1_170' title='bbox 306 2664 422 2724; x_wconf 84' lang='lat' dir='ltr'>gravem</span> <span class='ocrx_word' id='word_1_171' title='bbox 443 2646 547 2704; x_wconf 88' lang='lat' dir='ltr'>habent</span> <span class='ocrx_word' id='word_1_172' title='bbox 566 2665 680 2704; x_wconf 88' lang='lat' dir='ltr'>eausam</span> <span class='ocrx_word' id='word_1_173' title='bbox 700 2665 749 2703; x_wconf 90' lang='lat' dir='ltr'>cur</span> <span class='ocrx_word' id='word_1_174' title='bbox 768 2645 834 2704; x_wconf 91' lang='lat' dir='ltr'>dolo</span> <span class='ocrx_word' id='word_1_175' title='bbox 849 2655 969 2704; x_wconf 86' lang='lat' dir='ltr'>utantur.</span> <span class='ocrx_word' id='word_1_176' title='bbox 1012 2648 1062 2705; x_wconf 86' lang='lat' dir='ltr'>Sic</span> <span class='ocrx_word' id='word_1_177' title='bbox 1076 2649 1119 2705; x_wconf 90' lang='lat' dir='ltr'>vir</span> <span class='ocrx_word' id='word_1_178' title='bbox 1132 2667 1194 2707; x_wconf 92' lang='lat' dir='ltr'>mu·</span> 
     </span>
     <span class='ocr_line' id='line_1_22' title="bbox 101 2743 1196 2817; baseline 0 -16"><span class='ocrx_word' id='word_1_179' title='bbox 101 2744 177 2803; x_wconf 88' lang='lat' dir='ltr'>lieris</span> <span class='ocrx_word' id='word_1_180' title='bbox 191 2746 315 2804; x_wconf 88' lang='lat' dir='ltr'>vestibus</span> <span class='ocrx_word' id='word_1_181' title='bbox 328 2746 443 2803; x_wconf 89' lang='lat' dir='ltr'>indutus</span> <span class='ocrx_word' id='word_1_182' title='bbox 462 2764 478 2802; x_wconf 93' lang='lat' dir='ltr'>e</span> <span class='ocrx_word' id='word_1_183' title='bbox 491 2764 602 2803; x_wconf 86' lang='lat' dir='ltr'>carcere</span> <span class='ocrx_word' id='word_1_184' title='bbox 616 2743 767 2817; x_wconf 89' lang='lat' dir='ltr'>aliquando</span> <span class='ocrx_word' id='word_1_185' title='bbox 781 2745 878 2801; x_wconf 89' lang='lat' dir='ltr'>evasit.</span> <span class='ocrx_word' id='word_1_186' title='bbox 921 2744 1006 2810; x_wconf 88' lang='lat' dir='ltr'>Quod</span> <span class='ocrx_word' id='word_1_187' title='bbox 1020 2745 1045 2802; x_wconf 89' lang='lat' dir='ltr'>si</span> <span class='ocrx_word' id='word_1_188' title='bbox 1058 2747 1145 2803; x_wconf 87' lang='lat' dir='ltr'>vestis</span> <span class='ocrx_word' id='word_1_189' title='bbox 1158 2747 1196 2803; x_wconf 86' lang='lat' dir='ltr'>sit</span> 
     </span>
     <span class='ocr_line' id='line_1_23' title="bbox 102 2842 1195 2921; baseline 0.001 -21"><span class='ocrx_word' id='word_1_190' title='bbox 102 2855 184 2901; x_wconf 74' lang='lat' dir='ltr'>secte</span> <span class='ocrx_word' id='word_1_191' title='bbox 208 2847 332 2921; x_wconf 91' lang='lat' dir='ltr'>propria,</span> <span class='ocrx_word' id='word_1_192' title='bbox 357 2864 390 2901; x_wconf 90' lang='lat' dir='ltr'>v:</span> <span class='ocrx_word' id='word_1_193' title='bbox 413 2864 450 2921; x_wconf 87' lang='lat' dir='ltr'>g:</span> <span class='ocrx_word' id='word_1_194' title='bbox 473 2845 682 2911; x_wconf 86' lang='lat' dir='ltr'>Quakerorum,</span> <span class='ocrx_word' id='word_1_195' title='bbox 706 2842 817 2900; x_wconf 84' lang='lat' dir='ltr'>videtur</span> <span class='ocrx_word' id='word_1_196' title='bbox 836 2842 966 2899; x_wconf 81' lang='lat' dir='ltr'>excusari</span> <span class='ocrx_word' id='word_1_197' title='bbox 990 2860 1076 2919; x_wconf 90' lang='lat' dir='ltr'>posse</span> <span class='ocrx_word' id='word_1_198' title='bbox 1098 2844 1195 2915; x_wconf 90' lang='lat' dir='ltr'>quiea</span> 
     </span>
     <span class='ocr_line' id='line_1_24' title="bbox 104 2941 1195 3018; baseline 0.001 -18"><span class='ocrx_word' id='word_1_199' title='bbox 104 2943 133 3000; x_wconf 92' lang='lat' dir='ltr'>in</span> <span class='ocrx_word' id='word_1_200' title='bbox 154 2953 229 3000; x_wconf 89' lang='lat' dir='ltr'>tanto</span> <span class='ocrx_word' id='word_1_201' title='bbox 248 2943 410 3002; x_wconf 88' lang='lat' dir='ltr'>discrimine</span> <span class='ocrx_word' id='word_1_202' title='bbox 440 2944 535 3011; x_wconf 92' lang='lat' dir='ltr'>utitur,</span> <span class='ocrx_word' id='word_1_203' title='bbox 556 2961 644 3016; x_wconf 88' lang='lat' dir='ltr'>quum</span> <span class='ocrx_word' id='word_1_204' title='bbox 665 2943 753 3000; x_wconf 87' lang='lat' dir='ltr'>vestis</span> <span class='ocrx_word' id='word_1_205' title='bbox 775 2960 832 2999; x_wconf 90' lang='lat' dir='ltr'>non</span> <span class='ocrx_word' id='word_1_206' title='bbox 853 2941 892 2998; x_wconf 89' lang='lat' dir='ltr'>sit</span> <span class='ocrx_word' id='word_1_207' title='bbox 913 2959 964 3016; x_wconf 88' lang='lat' dir='ltr'>per</span> <span class='ocrx_word' id='word_1_208' title='bbox 992 2960 1023 2999; x_wconf 89' lang='lat' dir='ltr'>se</span> <span class='ocrx_word' id='word_1_209' title='bbox 1048 2942 1195 3018; x_wconf 80' lang='lat' dir='ltr'>religionis</span> 
     </span>
     <span class='ocr_line' id='line_1_25' title="bbox 104 3041 1194 3119; baseline 0.004 -22"><span class='ocrx_word' id='word_1_210' title='bbox 104 3050 192 3109; x_wconf 90' lang='lat' dir='ltr'>actus,</span> <span class='ocrx_word' id='word_1_211' title='bbox 206 3061 260 3100; x_wconf 89' lang='lat' dir='ltr'>nec</span> <span class='ocrx_word' id='word_1_212' title='bbox 273 3043 424 3119; x_wconf 84' lang='lat' dir='ltr'>professio,</span> <span class='ocrx_word' id='word_1_213' title='bbox 446 3044 578 3116; x_wconf 86' lang='lat' dir='ltr'>quamvis</span> <span class='ocrx_word' id='word_1_214' title='bbox 601 3042 742 3118; x_wconf 87' lang='lat' dir='ltr'>placuerit</span> <span class='ocrx_word' id='word_1_215' title='bbox 763 3051 848 3099; x_wconf 88' lang='lat' dir='ltr'>sectae</span> <span class='ocrx_word' id='word_1_216' title='bbox 869 3041 1008 3117; x_wconf 87' lang='lat' dir='ltr'>peculiari</span> <span class='ocrx_word' id='word_1_217' title='bbox 1031 3041 1123 3100; x_wconf 81' lang='lat' dir='ltr'>forma</span> <span class='ocrx_word' id='word_1_218' title='bbox 1143 3044 1194 3101; x_wconf 86' lang='lat' dir='ltr'>uti.</span> 
     </span>
     <span class='ocr_line' id='line_1_26' title="bbox 105 3140 1195 3218; baseline 0 -19"><span class='ocrx_word' id='word_1_219' title='bbox 105 3140 259 3200; x_wconf 86' lang='lat' dir='ltr'>Simularet</span> <span class='ocrx_word' id='word_1_220' title='bbox 271 3152 377 3210; x_wconf 89' lang='lat' dir='ltr'>autem,</span> <span class='ocrx_word' id='word_1_221' title='bbox 389 3153 418 3200; x_wconf 89' lang='lat' dir='ltr'>et</span> <span class='ocrx_word' id='word_1_222' title='bbox 431 3144 461 3201; x_wconf 90' lang='lat' dir='ltr'>in</span> <span class='ocrx_word' id='word_1_223' title='bbox 474 3142 560 3200; x_wconf 90' lang='lat' dir='ltr'>fidem</span> <span class='ocrx_word' id='word_1_224' title='bbox 581 3154 722 3218; x_wconf 89' lang='lat' dir='ltr'>peccaret,</span> <span class='ocrx_word' id='word_1_225' title='bbox 737 3143 798 3214; x_wconf 91' lang='lat' dir='ltr'>qui,</span> <span class='ocrx_word' id='word_1_226' title='bbox 819 3141 899 3199; x_wconf 90' lang='lat' dir='ltr'>nullo</span> <span class='ocrx_word' id='word_1_227' title='bbox 920 3141 1042 3199; x_wconf 86' lang='lat' dir='ltr'>instante</span> <span class='ocrx_word' id='word_1_228' title='bbox 1056 3142 1195 3217; x_wconf 88' lang='lat' dir='ltr'>periculo,</span> 
     </span>
     <span class='ocr_line' id='line_1_27' title="bbox 105 3239 1196 3319; baseline 0.001 -22"><span class='ocrx_word' id='word_1_229' title='bbox 105 3241 271 3319; x_wconf 89' lang='lat' dir='ltr'>hujusmodi</span> <span class='ocrx_word' id='word_1_230' title='bbox 293 3241 425 3300; x_wconf 88' lang='lat' dir='ltr'>indueret</span> <span class='ocrx_word' id='word_1_231' title='bbox 444 3252 565 3309; x_wconf 86' lang='lat' dir='ltr'>vestem,</span> <span class='ocrx_word' id='word_1_232' title='bbox 587 3252 619 3301; x_wconf 92' lang='lat' dir='ltr'>ut</span> <span class='ocrx_word' id='word_1_233' title='bbox 635 3253 720 3299; x_wconf 90' lang='lat' dir='ltr'>sectae</span> <span class='ocrx_word' id='word_1_234' title='bbox 741 3242 797 3299; x_wconf 88' lang='lat' dir='ltr'>sibi</span> <span class='ocrx_word' id='word_1_235' title='bbox 818 3239 995 3296; x_wconf 88' lang='lat' dir='ltr'>consortium</span> <span class='ocrx_word' id='word_1_236' title='bbox 1015 3251 1044 3296; x_wconf 91' lang='lat' dir='ltr'>et</span> <span class='ocrx_word' id='word_1_237' title='bbox 1057 3240 1196 3298; x_wconf 81' lang='lat' dir='ltr'>auxilium</span> 
     </span>
     <span class='ocr_line' id='line_1_28' title="bbox 105 3351 289 3416; baseline -0.005 -19"><span class='ocrx_word' id='word_1_238' title='bbox 105 3351 289 3416; x_wconf 89' lang='lat' dir='ltr'>compararet.</span> 
     </span>
    </p>

    <p class='ocr_par' dir='ltr' id='par_1_5' title="bbox 106 3435 1199 3807">
     <span class='ocr_line' id='line_1_29' title="bbox 147 3435 1198 3525; baseline -0.002 -29"><span class='ocrx_word' id='word_1_239' title='bbox 147 3443 214 3497; x_wconf 87' lang='grc'><strong>199.</strong></span> <span class='ocrx_word' id='word_1_240' title='bbox 237 3441 306 3498; x_wconf 94' lang='lat' dir='ltr'>Non</span> <span class='ocrx_word' id='word_1_241' title='bbox 320 3438 458 3499; x_wconf 88' lang='lat' dir='ltr'>dicendus</span> <span class='ocrx_word' id='word_1_242' title='bbox 472 3450 516 3497; x_wconf 86' lang='lat' dir='ltr'>est</span> <span class='ocrx_word' id='word_1_243' title='bbox 528 3438 676 3496; x_wconf 85' lang='lat' dir='ltr'>simulator</span> <span class='ocrx_word' id='word_1_244' title='bbox 695 3437 744 3509; x_wconf 89' lang='lat' dir='ltr'>qui</span> <span class='ocrx_word' id='word_1_245' title='bbox 764 3436 901 3512; x_wconf 80' lang='lat' dir='ltr'>gravioris</span> <span class='ocrx_word' id='word_1_246' title='bbox 921 3435 1030 3525; x_wconf 81' lang='lat' dir='ltr'>peccati</span> <span class='ocrx_word' id='word_1_247' title='bbox 1050 3453 1115 3492; x_wconf 91' lang='lat' dir='ltr'>reus</span> <span class='ocrx_word' id='word_1_248' title='bbox 1129 3435 1198 3494; x_wconf 88' lang='lat' dir='ltr'>illud</span> 
     </span>
     <span class='ocr_line' id='line_1_30' title="bbox 106 3534 1199 3613; baseline -0.001 -18"><span class='ocrx_word' id='word_1_249' title='bbox 106 3537 199 3596; x_wconf 90' lang='lat' dir='ltr'>studet</span> <span class='ocrx_word' id='word_1_250' title='bbox 211 3538 361 3606; x_wconf 87' lang='lat' dir='ltr'>occultare,</span> <span class='ocrx_word' id='word_1_251' title='bbox 376 3539 445 3611; x_wconf 91' lang='lat' dir='ltr'>quin</span> <span class='ocrx_word' id='word_1_252' title='bbox 458 3538 613 3597; x_wconf 88' lang='lat' dir='ltr'>sanctitatis</span> <span class='ocrx_word' id='word_1_253' title='bbox 624 3536 736 3593; x_wconf 84' lang='lat' dir='ltr'>affectet</span> <span class='ocrx_word' id='word_1_254' title='bbox 747 3534 879 3601; x_wconf 89' lang='lat' dir='ltr'>laudem;</span> <span class='ocrx_word' id='word_1_255' title='bbox 901 3553 987 3594; x_wconf 90' lang='lat' dir='ltr'>nemo</span> <span class='ocrx_word' id='word_1_256' title='bbox 997 3536 1073 3593; x_wconf 88' lang='lat' dir='ltr'>enim</span> <span class='ocrx_word' id='word_1_257' title='bbox 1088 3554 1120 3594; x_wconf 91' lang='lat' dir='ltr'>se</span> <span class='ocrx_word' id='word_1_258' title='bbox 1134 3555 1199 3613; x_wconf 93' lang='lat' dir='ltr'>pro·</span> 
     </span>
     <span class='ocr_line' id='line_1_31' title="bbox 107 3634 1199 3714; baseline 0 -20"><span class='ocrx_word' id='word_1_259' title='bbox 107 3636 171 3694; x_wconf 90' lang='lat' dir='ltr'>dere</span> <span class='ocrx_word' id='word_1_260' title='bbox 185 3646 304 3704; x_wconf 89' lang='lat' dir='ltr'>tenetur,</span> <span class='ocrx_word' id='word_1_261' title='bbox 324 3648 354 3694; x_wconf 88' lang='lat' dir='ltr'>et</span> <span class='ocrx_word' id='word_1_262' title='bbox 366 3637 519 3714; x_wconf 85' lang='lat' dir='ltr'>prudenter</span> <span class='ocrx_word' id='word_1_263' title='bbox 537 3636 609 3694; x_wconf 88' lang='lat' dir='ltr'>celat</span> <span class='ocrx_word' id='word_1_264' title='bbox 629 3636 762 3693; x_wconf 88' lang='lat' dir='ltr'>delictum</span> <span class='ocrx_word' id='word_1_265' title='bbox 782 3654 818 3692; x_wconf 86' lang='lat' dir='ltr'>ex</span> <span class='ocrx_word' id='word_1_266' title='bbox 838 3653 895 3706; x_wconf 92' lang='lat' dir='ltr'>quo</span> <span class='ocrx_word' id='word_1_267' title='bbox 915 3634 969 3692; x_wconf 88' lang='lat' dir='ltr'>sibi</span> <span class='ocrx_word' id='word_1_268' title='bbox 989 3635 1114 3702; x_wconf 85' lang='lat' dir='ltr'>infamia,</span> <span class='ocrx_word' id='word_1_269' title='bbox 1135 3636 1199 3694; x_wconf 86' lang='lat' dir='ltr'>aliis</span> 
     </span>
     <span class='ocr_line' id='line_1_32' title="bbox 107 3714 1198 3807; baseline -0.003 -13"><span class='ocrx_word' id='word_1_270' title='bbox 107 3735 227 3794; x_wconf 85' lang='lat' dir='ltr'>offensio</span> <span class='ocrx_word' id='word_1_271' title='bbox 246 3747 275 3793; x_wconf 95' lang='lat' dir='ltr'>et</span> <span class='ocrx_word' id='word_1_272' title='bbox 293 3737 374 3794; x_wconf 90' lang='lat' dir='ltr'>ruina</span> <span class='ocrx_word' id='word_1_273' title='bbox 393 3736 489 3795; x_wconf 84' lang='lat' dir='ltr'>forsan</span> <span class='ocrx_word' id='word_1_274' title='bbox 509 3746 651 3807; x_wconf 87' lang='lat' dir='ltr'>sequatur.</span> <span class='ocrx_word' id='word_1_275' title='bbox 694 3744 713 3770; x_wconf 73' lang='lat'>‘⁶</span> <span class='ocrx_word' id='word_1_276' title='bbox 726 3735 807 3792; x_wconf 87' lang='lat' dir='ltr'>Siout</span> <span class='ocrx_word' id='word_1_277' title='bbox 827 3734 929 3807; x_wconf 90' lang='lat' dir='ltr'>aliquis</span> <span class='ocrx_word' id='word_1_278' title='bbox 950 3737 1036 3793; x_wconf 84' lang='lat' dir='ltr'>verbo</span> <span class='ocrx_word' id='word_1_279' title='bbox 1057 3714 1198 3801; x_wconf 85' lang='lat' dir='ltr'>mentitur,</span> 
     </span>
    </p>
   </div>
   <div class='ocr_carea' id='block_1_4' title="bbox 107 3940 1205 4345">
    <p class='ocr_par' dir='ltr' id='par_1_6' title="bbox 107 3940 1205 4345">
     <span class='ocr_line' id='line_1_33' title="bbox 142 3940 1199 4015; baseline -0.008 -19"><span class='ocrx_word' id='word_1_280' title='bbox 142 3951 185 4015; x_wconf 89' lang='grc'>(1)</span> <span class='ocrx_word' id='word_1_281' title='bbox 205 3948 232 3997; x_wconf 87' lang='lat' dir='ltr'>S.</span> <span class='ocrx_word' id='word_1_282' title='bbox 246 3947 337 3997; x_wconf 82' lang='lat' dir='ltr'>Thom.</span> <span class='ocrx_word' id='word_1_283' title='bbox 349 3945 461 4009; x_wconf 59' lang='lat' dir='ltr'>mou.</span> <span class='ocrx_word' id='word_1_284' title='bbox 474 3944 522 3994; x_wconf 84' lang='lat' dir='ltr'>exi·</span> <span class='ocrx_word' id='word_1_285' title='bbox 534 3951 577 3994; x_wconf 75' lang='lat' dir='ltr'>art.</span> <span class='ocrx_word' id='word_1_286' title='bbox 596 3943 613 3993; x_wconf 88' lang='lat' dir='ltr'>i.</span> <span class='ocrx_word' id='word_1_287' title='bbox 631 3941 709 4009; x_wconf 82' lang='lat' dir='ltr'>Resp.</span> <span class='ocrx_word' id='word_1_288' title='bbox 736 3941 810 4004; x_wconf 85' lang='lat' dir='ltr'>Psisy</span> <span class='ocrx_word' id='word_1_289' title='bbox 823 3940 897 3990; x_wconf 67' lang='lat' dir='ltr'>dicite</span> <span class='ocrx_word' id='word_1_290' title='bbox 914 3940 961 3986; x_wconf 81' lang='lat' dir='ltr'>“A</span> <span class='ocrx_word' id='word_1_291' title='bbox 981 3953 1039 3987; x_wconf 88' lang='lat' dir='ltr'>man</span> <span class='ocrx_word' id='word_1_292' title='bbox 1058 3953 1114 4000; x_wconf 84' lang='lat' dir='ltr'>may</span> <span class='ocrx_word' id='word_1_293' title='bbox 1127 3942 1199 3988; x_wconf 78' lang='lat' dir='ltr'>orla</span> 
     </span>
     <span class='ocr_line' id='line_1_34' title="bbox 107 4021 1205 4098; baseline -0.01 -14"><span class='ocrx_word' id='word_1_294' title='bbox 107 4035 153 4092; x_wconf 83' lang='lat' dir='ltr'>lie;</span> <span class='ocrx_word' id='word_1_295' title='bbox 170 4051 196 4084; x_wconf 81' lang='lat' dir='ltr'>m</span> <span class='ocrx_word' id='word_1_296' title='bbox 208 4035 240 4097; x_wconf 82' lang='lat' dir='ltr'>by</span> <span class='ocrx_word' id='word_1_297' title='bbox 253 4032 366 4098; x_wconf 75' lang='lat' dir='ltr'>pointing</span> <span class='ocrx_word' id='word_1_298' title='bbox 377 4030 417 4080; x_wconf 85' lang='lat' dir='ltr'>his</span> <span class='ocrx_word' id='word_1_299' title='bbox 432 4029 510 4091; x_wconf 79' lang='lat' dir='ltr'>finger</span> <span class='ocrx_word' id='word_1_300' title='bbox 521 4030 547 4079; x_wconf 90' lang='lat' dir='ltr'>in</span> <span class='ocrx_word' id='word_1_301' title='bbox 560 4046 575 4077; x_wconf 85' lang='grc' dir='ltr'>ι</span> <span class='ocrx_word' id='word_1_302' title='bbox 586 4044 671 4091; x_wconf 76' lang='lat' dir='ltr'>wrong</span> <span class='ocrx_word' id='word_1_303' title='bbox 683 4028 799 4078; x_wconf 80' lang='lat' dir='ltr'>directior</span> <span class='ocrx_word' id='word_1_304' title='bbox 811 4025 883 4075; x_wconf 83' lang='lat' dir='ltr'>when</span> <span class='ocrx_word' id='word_1_305' title='bbox 903 4040 918 4071; x_wconf 80' lang='lat' dir='ltr'>a</span> <span class='ocrx_word' id='word_1_306' title='bbox 937 4022 1046 4072; x_wconf 85' lang='lat' dir='ltr'>travellor</span> <span class='ocrx_word' id='word_1_307' title='bbox 1057 4021 1165 4086; x_wconf 85' lang='lat' dir='ltr'>inquires</span> <span class='ocrx_word' id='word_1_308' title='bbox 1176 4025 1205 4073; x_wconf 84' lang='lat' dir='ltr'>ol</span> 
     </span>
     <span class='ocr_line' id='line_1_35' title="bbox 107 4104 1202 4176; baseline -0.016 -7"><span class='ocrx_word' id='word_1_309' title='bbox 107 4119 159 4169; x_wconf 89' lang='lat' dir='ltr'>him</span> <span class='ocrx_word' id='word_1_310' title='bbox 170 4118 210 4168; x_wconf 86' lang='lat' dir='ltr'>his</span> <span class='ocrx_word' id='word_1_311' title='bbox 220 4115 303 4167; x_wconf 72' lang='lat' dir='ltr'>rond-&#39;⁹</span> <span class='ocrx_word' id='word_1_312' title='bbox 315 4117 330 4167; x_wconf 88' lang='lat' dir='ltr'>l.</span> <span class='ocrx_word' id='word_1_313' title='bbox 338 4117 363 4165; x_wconf 92' lang='lat' dir='ltr'>ii.</span> <span class='ocrx_word' id='word_1_314' title='bbox 376 4130 397 4165; x_wconf 89' lang='lat' dir='ltr'>c.</span> <span class='ocrx_word' id='word_1_315' title='bbox 408 4130 450 4164; x_wconf 81' lang='lat' dir='ltr'>xv.</span> <span class='ocrx_word' id='word_1_316' title='bbox 467 4114 586 4164; x_wconf 81' lang='lat' dir='ltr'>Jeromim</span> <span class='ocrx_word' id='word_1_317' title='bbox 597 4112 691 4176; x_wconf 82' lang='lat' dir='ltr'>Taylor</span> <span class='ocrx_word' id='word_1_318' title='bbox 703 4113 773 4160; x_wconf 79' lang='lat' dir='ltr'>rerba</span> <span class='ocrx_word' id='word_1_319' title='bbox 787 4107 919 4172; x_wconf 85' lang='lat' dir='ltr'>Aquinatis</span> <span class='ocrx_word' id='word_1_320' title='bbox 935 4122 980 4156; x_wconf 86' lang='lat' dir='ltr'>sus</span> <span class='ocrx_word' id='word_1_321' title='bbox 991 4104 1055 4166; x_wconf 83' lang='lat' dir='ltr'>facit,</span> <span class='ocrx_word' id='word_1_322' title='bbox 1074 4113 1090 4137; x_wconf 77' lang='lat'>‘⁸</span> <span class='ocrx_word' id='word_1_323' title='bbox 1099 4107 1202 4159; x_wconf 66' lang='lat' dir='ltr'>beorn„</span> 
     </span>
     <span class='ocr_line' id='line_1_36' title="bbox 107 4190 1201 4268; baseline -0.01 -14"><span class='ocrx_word' id='word_1_324' title='bbox 107 4203 164 4268; x_wconf 83' lang='lat' dir='ltr'>they</span> <span class='ocrx_word' id='word_1_325' title='bbox 176 4199 514 4264; x_wconf 73' lang='lat' dir='ltr'>uerossonrblesndpions</span> <span class='ocrx_word' id='word_1_326' title='bbox 533 4230 539 4246; x_wconf 92' lang='lat'>.</span> <span class='ocrx_word' id='word_1_327' title='bbox 557 4232 563 4245; x_wconf 93' lang='lat'>.</span> <span class='ocrx_word' id='word_1_328' title='bbox 582 4230 589 4244; x_wconf 90' lang='lat'><strong>.</strong></span> <span class='ocrx_word' id='word_1_329' title='bbox 607 4197 630 4245; x_wconf 82' lang='grc' dir='ltr'><strong>Α</strong></span> <span class='ocrx_word' id='word_1_330' title='bbox 653 4211 711 4244; x_wconf 86' lang='lat' dir='ltr'>man</span> <span class='ocrx_word' id='word_1_331' title='bbox 729 4210 784 4256; x_wconf 80' lang='lat' dir='ltr'>may</span> <span class='ocrx_word' id='word_1_332' title='bbox 797 4193 853 4241; x_wconf 83' lang='lat' dir='ltr'>look</span> <span class='ocrx_word' id='word_1_333' title='bbox 873 4191 938 4251; x_wconf 86' lang='lat' dir='ltr'>alis,</span> <span class='ocrx_word' id='word_1_334' title='bbox 950 4190 998 4240; x_wconf 84' lang='lat' dir='ltr'>and</span> <span class='ocrx_word' id='word_1_335' title='bbox 1009 4191 1135 4253; x_wconf 77' lang='lat' dir='ltr'>nodulis,</span> <span class='ocrx_word' id='word_1_336' title='bbox 1152 4194 1201 4243; x_wconf 80' lang='lat' dir='ltr'>and</span> 
     </span>
     <span class='ocr_line' id='line_1_37' title="bbox 107 4275 1035 4345; baseline -0.017 -6"><span class='ocrx_word' id='word_1_337' title='bbox 107 4285 265 4338; x_wconf 77' lang='lat' dir='ltr'>smileuiis.”</span> <span class='ocrx_word' id='word_1_338' title='bbox 299 4287 395 4345; x_wconf 68' lang='lat' dir='ltr'>Ductor</span> <span class='ocrx_word' id='word_1_339' title='bbox 405 4282 596 4341; x_wconf 65' lang='lat' dir='ltr'>Dubitandum,</span> <span class='ocrx_word' id='word_1_340' title='bbox 608 4281 623 4329; x_wconf 91' lang='lat'>1.</span> <span class='ocrx_word' id='word_1_341' title='bbox 636 4280 669 4329; x_wconf 90' lang='lat' dir='ltr'>iii.</span> <span class='ocrx_word' id='word_1_342' title='bbox 683 4296 704 4329; x_wconf 88' lang='lat' dir='ltr'>c.</span> <span class='ocrx_word' id='word_1_343' title='bbox 713 4283 736 4328; x_wconf 71' lang='lat'>⁶2.</span> <span class='ocrx_word' id='word_1_344' title='bbox 749 4295 790 4341; x_wconf 90' lang='lat' dir='ltr'>qu.</span> <span class='ocrx_word' id='word_1_345' title='bbox 804 4278 835 4325; x_wconf 86' lang='lat' dir='ltr'>iv.</span> <span class='ocrx_word' id='word_1_346' title='bbox 848 4277 894 4325; x_wconf 88' lang='lat' dir='ltr'>vol.</span> <span class='ocrx_word' id='word_1_347' title='bbox 907 4276 932 4325; x_wconf 88' lang='lat' dir='ltr'>ii.</span> <span class='ocrx_word' id='word_1_348' title='bbox 941 4292 966 4341; x_wconf 91' lang='lat' dir='ltr'>p.</span> <span class='ocrx_word' id='word_1_349' title='bbox 981 4275 1035 4324; x_wconf 84' lang='grc'><strong>104.</strong></span> 
     </span>
    </p>
   </div>
   <div class='ocr_carea' id='block_1_5' title="bbox 144 4359 1320 4710">
    <p class='ocr_par' dir='ltr' id='par_1_7' title="bbox 144 4359 1320 4710">
     <span class='ocr_line' id='line_1_38' title="bbox 144 4359 1320 4710; baseline -0.012 -288"><span class='ocrx_word' id='word_1_350' title='bbox 144 4373 186 4440; x_wconf 76' lang='lat'>(2)</span> <span class='ocrx_word' id='word_1_351' title='bbox 205 4371 268 4424; x_wconf 82' lang='lat' dir='ltr'>Luc.</span> <span class='ocrx_word' id='word_1_352' title='bbox 280 4373 347 4424; x_wconf 80' lang='lat' dir='ltr'>xxiv.</span> <span class='ocrx_word' id='word_1_353' title='bbox 360 4374 401 4420; x_wconf 79' lang='lat'>28.</span> <span class='ocrx_word' id='word_1_354' title='bbox 653 4366 693 4431; x_wconf 86' lang='grc'>(3)</span> <span class='ocrx_word' id='word_1_355' title='bbox 713 4363 740 4412; x_wconf 81' lang='lat' dir='ltr'>S.</span> <span class='ocrx_word' id='word_1_356' title='bbox 751 4363 842 4412; x_wconf 87' lang='lat' dir='ltr'>Thom.</span> <span class='ocrx_word' id='word_1_357' title='bbox 856 4362 897 4411; x_wconf 91' lang='lat' dir='ltr'>ubi</span> <span class='ocrx_word' id='word_1_358' title='bbox 910 4377 990 4427; x_wconf 88' lang='lat' dir='ltr'>supra,</span> <span class='ocrx_word' id='word_1_359' title='bbox 999 4359 1034 4411; x_wconf 83' lang='lat' dir='ltr'>od</span> <span class='ocrx_word' id='word_1_360' title='bbox 1039 4360 1166 4429; x_wconf 82' lang='lat' dir='ltr'>primum.</span> <span class='ocrx_word' id='word_1_361' title='bbox 1237 4396 1320 4710; x_wconf 60' lang='grc' dir='ltr'><strong><em>ι</em></strong></span> 
     </span>
    </p>
   </div>
   <div class='ocr_carea' id='block_1_6' title="bbox 0 0 1406 4996">
    <p class='ocr_par' dir='ltr' id='par_1_8' title="bbox 0 0 1406 4996">
     <span class='ocr_line' id='line_1_39' title="bbox 0 0 1406 4996; baseline 0 0"><span class='ocrx_word' id='word_1_362' title='bbox 0 0 1406 4996; x_wconf 95' lang='lat' dir='ltr'> </span> 
     </span>
    </p>
   </div>
  </div>
 </body>
</html>
