2744 4980
191 409 229 461 58
525 403 581 463 DE
603 403 716 462 LEGE
739 403 939 463 NATURAE.

191 580 299 626 aetcrnae
313 568 343 625 in
356 567 483 625 rationali
504 560 683 626 ereatura:”¹
704 570 734 626 in
753 587 798 634 oo,
812 569 930 635 scilieet,
945 571 1036 645 posita
1055 579 1108 636 est,
1123 570 1199 641 quod
1213 572 1279 642 quis

190 678 287 725 noscat
296 666 450 725 discrimen
462 667 539 739 quod
552 667 699 725 intercedit
707 669 808 725 vitium
822 668 894 724 inter
906 678 934 724 et
946 670 1087 735 virtutem,
1098 680 1127 724 et
1140 669 1203 725 ideo
1215 668 1283 740 quid

190 767 228 823 sit
240 766 399 823 necessario
412 765 622 833 declinandum,
632 777 730 842 utpote
743 785 794 843 per
806 784 838 821 se
851 778 880 822 et
892 768 1060 824 intrinsecus
1075 767 1190 833 malum,
1202 765 1285 840 quid·

191 882 246 936 que
260 865 296 921 sit
309 865 469 921 necessario
483 864 644 922 faciendum
657 864 693 922 ad
712 867 799 922 finem
819 874 924 922 naturae
943 866 1086 923 rationalis
1107 884 1282 937 consequen·

191 960 270 1019 dum.
313 963 362 1019 Ex
374 962 482 1018 lumine
496 963 611 1019 rationis
623 964 671 1021 lex
684 965 745 1021 haec
759 974 862 1020 naturae
887 965 1045 1030 innotescit,
1060 975 1232 1039 quapropter
1250 983 1286 1021 eo

192 1061 292 1116 saltem
306 1078 392 1116 sensu
407 1059 535 1117 Verbum
548 1061 686 1119 Divinum
706 1071 727 1096 ‘⁴
738 1073 781 1118 ost
792 1062 844 1119 lux
856 1081 923 1119 vera
942 1081 1004 1134 quae
1018 1063 1157 1120 illuminat
1168 1081 1283 1120 omnem

194 1158 341 1216 hominem
355 1159 516 1216 venientem
538 1161 568 1217 in
590 1159 666 1218 huno
686 1160 822 1218 mundum
832 1153 879 1226 ;''²
898 1180 984 1233 quam
997 1161 1051 1218 sibi
1065 1160 1200 1236 affulgere
1215 1161 1284 1236 ipsae

194 1267 293 1334 gentes
307 1258 428 1313 barbare
441 1257 571 1332 plurimis
584 1276 681 1315 eorum
692 1259 797 1315 actibus
811 1258 949 1333 produnt;
971 1260 1076 1335 quippe
1091 1260 1150 1331 qui,
1165 1269 1283 1316 testante

193 1355 352 1430 Apostolo:
375 1364 395 1388 “
405 1354 557 1413 ostendunt
568 1375 641 1431 opus
654 1357 725 1431 legis
738 1356 874 1430 scriptum
889 1357 918 1413 in
931 1356 1062 1414 cordibus
1076 1352 1187 1413 suis.”³

232 1458 262 1509 4.
283 1451 347 1509 Lex
360 1462 463 1508 naturae
477 1453 617 1528 imprimis
630 1454 745 1529 respicit
757 1453 881 1509 hominis
902 1472 969 1530 erga
988 1454 1083 1512 Deum
1097 1454 1211 1521 officia;
1234 1473 1289 1512 nec

193 1551 270 1607 enirn
282 1568 374 1606 nexus
388 1560 431 1606 est
443 1551 516 1607 ullus
530 1552 665 1608 interum
685 1562 782 1608 natura
803 1553 925 1609 sanctior
947 1554 1081 1610 arctiorve
1095 1572 1130 1610 eo
1151 1556 1200 1625 qui
1216 1555 1290 1609 iuter

193 1649 339 1706 homiuem
352 1660 380 1704 et
393 1646 557 1705 Creatorem
571 1668 655 1707 suum
668 1649 831 1706 intercedit:
853 1649 918 1708 ideo
931 1652 959 1707 vi
979 1653 1041 1727 ipsa
1055 1662 1160 1708 natura
1175 1662 1286 1707 tenetur

194 1746 291 1805 Deum
304 1764 439 1818 quaerere,
453 1747 536 1819 eique
549 1748 650 1825 gratias
664 1747 699 1805 de
712 1749 857 1805 beneficiis
868 1768 961 1824 agere,
975 1760 1003 1806 et
1016 1751 1112 1806 omnia
1125 1749 1288 1824 persolvere

195 1864 387 1917 muneraque
402 1845 509 1903 infinita
522 1846 660 1903 Numinis
674 1846 808 1921 perfectio
829 1849 863 1903 ab
885 1866 929 1913 eo,
953 1866 1004 1922 pro
1018 1850 1119 1904 virium
1144 1850 1287 1912 tenuitate,

195 1945 293 2019 exigit.
335 1944 403 2019 Ipso
416 1944 548 2001 instinctu
571 1943 654 1999 debet
674 1944 760 2001 homo
783 1943 848 2001 Deo
861 1946 995 2002 revelanti
1016 1946 1128 2020 plenam
1151 1945 1284 2003 adhibere

195 2041 291 2108 fidem,
305 2042 367 2116 ejus
381 2061 453 2098 cmrae
468 2060 499 2098 se
512 2041 722 2109 commendare,
740 2054 768 2098 et
790 2043 939 2118 implorare
962 2044 1118 2110 auxilium3
1139 2063 1205 2101 eum
1229 2063 1287 2101 am·

195 2140 281 2215 plecti
294 2158 407 2196 amore:
429 2141 492 2216 ejus
509 2141 599 2216 jussa,
614 2159 792 2212 quacumque
813 2142 919 2197 ratione
942 2142 1121 2209 innotuerint,
1146 2143 1284 2217 implere:

196 2239 262 2295 etsi
275 2238 345 2295 forte
364 2239 458 2312 aliqua
470 2237 627 2311 deliquerit,
643 2239 754 2295 veniam
777 2239 924 2313 poenitenti
937 2241 1031 2296 animo
1044 2249 1149 2315 petere,
1164 2242 1290 2299 testimo·

196 2337 252 2394 niis
275 2336 370 2394 afllieti
393 2336 485 2394 cordis
507 2337 650 2394 exhibitis.
700 2336 793 2393 Debet
817 2355 882 2393 eum
909 2356 1021 2394 summo
1043 2339 1176 2412 prosequi
1200 2339 1287 2403 cultu,

196 2436 278 2510 eujus
304 2436 442 2493 eximium
467 2434 603 2492 indicium
626 2435 797 2492 sacrificium
822 2442 875 2500 est,
899 2435 976 2507 quod
1001 2454 1165 2510 supremum
1191 2454 1286 2493 rerum

195 2532 326 2591 omnium
344 2534 486 2590 arbitrium
507 2542 630 2589 testatur.
672 2533 786 2588 Veritas
809 2531 904 2588 divina
926 2534 1010 2589 etiam
1033 2533 1212 2608 agnoscenda
1234 2544 1287 2599 est,

196 2631 261 2706 ipso
274 2640 344 2686 teste
357 2632 387 2688 in
399 2632 482 2687 rebus
505 2630 678 2687 difficillimis
697 2631 848 2695 invocato3
869 2650 954 2702 quem
968 2629 1108 2688 mendacii
1129 2642 1227 2688 testem
1242 2649 1290 2688 ex·

197 2727 304 2794 hibere,
318 2729 411 2804 gravis
424 2729 496 2786 foret
509 2729 619 2805 injuria,
633 2737 737 2785 naturae
749 2727 805 2803 legi
819 2728 902 2802 plane
916 2728 1041 2785 adversa.

238 2831 267 2883 5.
290 2826 418 2885 Tenetur
430 2828 551 2900 quisque
559 2827 642 2883 etiam
650 2827 712 2902 lege
722 2835 825 2882 naturae
840 2826 875 2882 ad
885 2845 952 2883 suos
963 2825 1174 2901 componendos
1185 2844 1289 2891 mores,

198 2923 269 2980 adeo
282 2926 355 2980 utin
371 2926 450 2992 cibis,
465 2926 598 2991 vestibus,
613 2926 795 3001 corporisque
815 2924 860 2980 vel
874 2925 975 2981 animae
998 2925 1224 2996 quibuscumque
1241 2927 1290 2981 ob·

196 3021 382 3089 lectamentis,
396 3023 436 3078 nil
450 3021 585 3088 admittat,
600 3042 656 3094 quo
670 3024 771 3078 mentis
785 3022 828 3078 vis
842 3022 993 3098 frangatur,
1004 3023 1050 3079 rel
1063 3021 1200 3097 cupiditas
1215 3025 1291 3079 exci-

197 3128 278 3176 tetur.
321 3119 469 3177 Moderate
493 3121 577 3195 igitur
598 3121 681 3176 robus
694 3120 734 3176 uti
757 3130 875 3195 oportet,
890 3130 918 3176 ct
939 3119 1053 3176 delicias
1067 3120 1168 3176 nimias
1182 3120 1291 3194 fugere,

198 3227 229 3274 ut
240 3217 310 3274 ratio
323 3218 426 3294 vigeat,
439 3228 467 3275 et
479 3217 617 3274 desideria
630 3219 701 3274 intra
709 3219 780 3294 justi
793 3220 918 3289 rectique
931 3219 1035 3274 limites
1048 3219 1253 3275 contineantur.

239 3320 268 3373 6.
290 3316 438 3374 Societatis
460 3316 554 3374 officia
567 3317 650 3373 etiam
673 3316 735 3391 lege
758 3328 862 3373 namne
885 3326 1028 3392 reguntur,
1042 3335 1108 3373 uam
1131 3327 1158 3371 et
1170 3317 1293 3375 marium

198 3415 434 3487 feminarumque
454 3414 667 3473 contubernium
687 3416 770 3470 certis
792 3415 901 3490 legibus
925 3415 1060 3490 subjacet,
1084 3433 1119 3471 ne
1138 3434 1242 3489 vagum
1256 3416 1293 3472 sit

197 3530 263 3570 cum
293 3513 380 3588 prolis
401 3514 577 3579 detrimento,
598 3512 642 3569 vol
665 3513 792 3569 instabile
819 3532 883 3569 eum
907 3514 1037 3589 conjugis
1058 3514 1168 3588 injuria,
1188 3512 1235 3568 rel
1256 3512 1292 3569 ad

198 3610 293 3685 plures
316 3611 402 3669 simul
424 3610 598 3678 extendatur,
613 3630 678 3667 eum
701 3611 779 3685 pacis
802 3610 960 3685 dispendio.
1003 3612 1088 3677 Quod
1108 3613 1192 3687 igitur
1205 3612 1292 3668 bomo

197 3708 355 3780 mulierque
381 3709 487 3767 foedere
510 3711 665 3787 jungantur
690 3718 827 3783 perpetuo
853 3718 881 3764 et
907 3728 1001 3775 tuneo,
1029 3708 1064 3764 ad
1090 3708 1292 3786 procreandam

197 3807 318 3882 prolem,
333 3807 367 3864 ad
380 3808 473 3884 legem
486 3820 591 3865 natura¹
606 3808 705 3864 merito
719 3806 854 3863 refertur:
877 3808 918 3863 sic
938 3808 1015 3863 enim
1034 3806 1119 3865 ebetat
1131 3809 1201 3865 ratio
1214 3818 1292 3864 natu-

197 3904 264 3961 ralis
278 3909 473 3982 propagationi
487 3908 598 3983 generis
612 3906 728 3962 humani
741 3924 805 3962 esse
819 3904 1034 3963 consulendum.

237 4008 267 4062 7.
290 4004 393 4063 Civilis
406 4007 525 4064 societas
533 4024 571 4061 ex
581 4008 683 4062 naturae
693 4005 758 4081 jure
769 4003 917 4070 derivatur,
928 4004 1292 4062 ltomincsscilicetnaturae

127 4124 136 4149 ·
198 4102 332 4161 instinctu
345 4104 477 4164 inunum
496 4104 676 4171 conveniunt,
691 4103 781 4161 mutui
804 4103 902 4161 auxilii
914 4111 943 4159 et
956 4103 1140 4180 jucunditatis
1154 4122 1248 4170 causa,
1265 4112 1292 4158 et

235 4292 276 4359 (l)
296 4292 346 4345 ta.
358 4311 399 4359 qu·
412 4296 459 4347 xci.
478 4304 521 4347 ert.
532 4295 559 4346 ii.
702 4293 743 4360 qe)
762 4294 827 4344 Joan
838 4292 854 4343 i.
867 4296 890 4343 9.
1043 4294 1086 4359 (3)
1098 4293 1170 4342 Rom.
1181 4294 1207 4343 ii.
1219 4292 1259 4340 15.
