2744 4980
564 1101 707 1164 CAPUT
727 1104 782 1164 111.

523 1320 571 1359 DE
602 1320 705 1360 LEGE
739 1319 863 1360 ΝΟΜ.

164 1501 214 1555 23.
235 1496 302 1555 Lux
316 1513 405 1564 nova,
419 1514 470 1554 seu
484 1497 667 1575 evangeliea,
681 1517 715 1555 sa
733 1498 834 1558 dicitur
854 1517 916 1572 que
930 1518 946 1554 a
960 1494 1077 1556 Christo
1091 1496 1220 1554 Domino

125 1605 169 1652 est
182 1596 246 1661 lata,
259 1607 288 1653 et
301 1597 335 1653 ab
348 1597 494 1672 Apostolis
517 1597 701 1673 promulgata.
744 1597 833 1655 Nulla
852 1598 914 1673 lege
939 1597 1028 1655 teneri
1048 1595 1147 1653 fideles
1162 1594 1220 1652 Lu-

126 1693 224 1751 therus
238 1713 323 1752 ausus
336 1705 380 1751 est
391 1711 535 1752 asserere:
558 1696 681 1754 “Nullo
694 1713 791 1771 opere,
805 1696 882 1753 nulla
893 1696 956 1770 lege
975 1695 1085 1753 homini
1100 1692 1221 1749 Christi-

127 1810 184 1850 ano
197 1810 273 1868 opus
286 1803 339 1860 est,
352 1812 415 1851 cunr
428 1793 580 1869 perfidem
593 1795 630 1850 sit
641 1794 712 1851 liber
731 1795 765 1850 ab
778 1794 855 1852 omni
868 1788 979 1868 lege.’'l
1021 1790 1093 1848 Haec
1107 1799 1222 1848 novato·

125 1909 192 1948 rum
217 1901 375 1949 commenta
391 1891 567 1950 anathemate
591 1893 729 1968 percussit
751 1892 902 1950 concilium
916 1888 1136 1948 Tridentinum:
1159 1888 1222 1946 “Si

126 1990 193 2061 quis
207 1988 319 2056 dixerit,
333 1990 403 2048 nihil
416 2001 589 2067 preceptum
602 2009 665 2048 esse
685 1991 715 2047 in
728 1990 887 2067 Evangelio
900 1999 1000 2064 praeter
1012 1987 1108 2055 fidem,
1123 1996 1223 2044 caetera

127 2106 192 2144 esse
204 2087 402 2156 indifferentia,
416 2108 508 2161 neque
528 2099 676 2166 precepta,
698 2108 790 2161 neque
811 2087 959 2164 prohibita,
980 2086 1031 2145 sed
1050 2086 1154 2153 libera;
1176 2094 1224 2143 aut

128 2185 228 2243 decem
240 2197 383 2264 praecepta
391 2188 461 2246 nihil
472 2189 611 2264 pertinere
621 2188 657 2246 ad
665 2187 844 2245 Christianos
856 2206 864 2254 ;
887 2185 1035 2243 anathema
1048 2183 1115 2241 sit.”
1159 2191 1178 2218 ‘⁸
1190 2183 1223 2240 st

129 2286 194 2356 quis
218 2284 366 2344 hominem
383 2287 579 2364 justificatum,
593 2299 622 2344 et
642 2286 847 2358 quantumlibet
868 2283 1024 2361 perlectum
1045 2282 1148 2340 dixerit
1166 2300 1224 2340 non

129 2385 217 2441 teneri
231 2383 267 2441 ad
279 2384 487 2443 observantiam
499 2385 697 2445 mandatorum
710 2385 776 2452 Dei,
791 2395 819 2441 et
832 2382 983 2450 Ecclesiae,
997 2381 1049 2439 sed
1063 2391 1169 2438 tantum
1189 2379 1223 2438 ad

129 2481 311 2549 credendum,
326 2486 488 2555 quasivero
511 2485 700 2561 Evangelium
721 2485 758 2541 sit
780 2483 854 2541 nuda
875 2493 904 2540 et
923 2482 1049 2540 absoluta
1071 2479 1223 2557 promissio

130 2581 193 2637 vitre
216 2592 326 2638 aeternae
350 2584 412 2640 sine
432 2582 591 2640 conditione
610 2583 812 2641 observationis
833 2580 1046 2646 mandatorum
1074 2579 1224 2636 anathema

131 2679 201 2736 sit.”
244 2681 308 2737 “Si
322 2682 385 2753 quis
408 2680 521 2749 dixerit,
543 2680 690 2739 Christum
712 2680 813 2739 Jesunr
837 2679 930 2737 aDeo
944 2678 1106 2738 hominibus
1128 2675 1223 2732 datum

131 2778 218 2835 fuisse
232 2790 264 2835 ut
286 2779 516 2856 Redemptum,
531 2781 577 2839 oui
591 2780 687 2846 fidant,
710 2797 769 2837 non
791 2779 875 2835 etiam
896 2787 928 2835 ut
949 2776 1156 2852 Leghlatorem
1179 2774 1225 2830 cui

132 2876 271 2945 obediant,
287 2878 435 2936 anathema
447 2872 531 2935 sit.‘’²
572 2878 613 2936 Hi
626 2896 749 2936 canones
763 2876 833 2934 adeo
853 2875 1001 2934 manifesta
1013 2875 1225 2950 Scripturamm

132 2987 160 3031 et
172 2987 283 3051 patrum
303 2978 463 3035 auctoritate
483 2977 644 3046 fulciuntur,
658 2986 690 3036 ut
711 2978 740 3034 in
763 2977 798 3034 iis
822 2975 973 3052 probandis
997 2974 1143 3032 immorari
1165 2988 1226 3061 non

127 3076 217 3149 juvet.
261 3075 357 3133 Pauca
369 3087 463 3136 tamen
477 3077 655 3135 recitabimus
669 3076 839 3134 testimonia.
1184 3064 1236 3139 Y'?

172 3177 222 3230 24.
244 3173 289 3231 De
303 3173 420 3231 Christo
442 3176 517 3253 apud
539 3176 643 3233 isaiam
664 3175 805 3250 legimus:
829 3182 848 3208 “
860 3172 1004 3230 Dominus
1014 3168 1104 3246 judex
1119 3170 1228 3234 noster‚'

133 3271 277 3329 Dominus
285 3273 387 3350 legiler
398 3285 503 3343 noster,
518 3274 662 3332 Dominus
675 3290 727 3330 rex
740 3262 883 3327 noster.”³
923 3269 990 3344 lpse
1004 3266 1138 3323 Christus
1153 3263 1227 3341 apud

132 3371 274 3428 loannem
288 3373 343 3429 ait:
367 3382 385 3408 “
397 3374 454 3439 Qui
467 3374 551 3431 habet
563 3370 693 3430 mandata
715 3388 788 3436 mea,
812 3379 840 3425 et
859 3376 952 3425 servat
973 3385 1016 3435 ea,
1040 3364 1088 3423 ille
1111 3372 1158 3420 est
1179 3364 1228 3437 qui

134 3469 225 3546 diligit
235 3466 331 3528 me.”⁴
370 3473 516 3548 Apostolis
530 3474 615 3530 etiam
628 3470 752 3548 injunxit
763 3478 795 3526 ut
806 3469 868 3545 ejus
878 3465 1007 3524 mandata
1016 3463 1229 3542 promulgarent

134 3570 273 3626 universis
287 3572 435 3646 gentibus:
458 3580 476 3608 ‘⁴
488 3571 621 3629 docentes
635 3587 686 3629 cos
708 3586 819 3625 servare
833 3567 928 3624 omnia
942 3582 1128 3638 quecumque
1147 3582 1227 3621 man·

135 3666 199 3724 davi
213 3665 343 3726 vobis.”⁵
382 3670 569 3747 Distinguunt
582 3680 676 3728 tamen
685 3667 764 3726 Novi
777 3666 955 3724 Testamenti
969 3665 1121 3740 scriptores
1134 3663 1228 3737 legem

136 3768 269 3842 agratia3
287 3768 359 3844 legis
379 3772 485 3846 quippe
509 3771 623 3827 nomine
637 3767 712 3846 apud
734 3785 833 3824 omnes
856 3764 1045 3841 accipiebatur
1066 3759 1159 3817 codex
1176 3758 1229 3815 -ille

136 3867 313 3924 sanctionum
327 3887 412 3940 quem
432 3868 526 3926 Judaei
538 3869 756 3927 venerabantur:
778 3866 859 3942 cujus
872 3865 932 3922 vim
945 3861 1065 3919 desiisse
1078 3867 1110 3914 nt
1122 3855 1229 3973 θ’θ-

205 4053 248 4119 (l)
268 4052 298 4102 L.
309 4054 339 4104 de
351 4055 425 4109 libert.
437 4055 518 4107 christ.
753 4050 794 4116 (9)
815 4049 880 4098 Sese.
892 4048 923 4097 vi.
933 4061 987 4097 can.
997 4046 1047 4096 xir.
1059 4059 1099 4094 rx.
1111 4043 1163 4095 xri.

207 4140 249 4204 (3)
269 4140 300 4189 ls.
312 4140 399 4192 xxxiii.
411 4145 452 4191 22.
755 4134 797 4201 (4)
815 4133 886 4183 ioan.
898 4134 946 4183 xiv.
961 4131 1002 4181 21.

533 4226 576 4291 (5)
595 4222 669 4273 Mitt.
680 4219 764 4272 xxviii.
776 4235 797 4269 v.
807 4220 850 4270 ult.
