2744 4980
415 392 473 452 DE
494 390 660 460 QUINTO
679 390 933 453 PRAEOEPTO.
1165 402 1218 457 121

130 559 306 634 privatorum
320 559 389 616 vitio
398 577 411 615 z.
428 555 505 629 quod
518 555 672 617 dicendum
685 559 803 616 omnino
816 556 852 614 de
865 557 986 616 Henrioi
999 559 1054 617 lll.
1064 569 1093 616 et
1102 559 1224 619 Henrici

129 656 181 714 IV.
194 657 276 735 apud
297 656 398 716 Gallos
418 654 622 714 interlectione.
664 655 714 713 Ex
735 656 837 714 animis
857 657 950 714 surore
970 658 1090 716 lanatico
1103 660 1148 717 vel
1161 661 1224 717 infi-

132 753 243 814 delitate
265 755 402 821 efferatis,
417 753 523 812 Oarolo
535 752 561 811 l.
581 752 740 831 Anglorum
761 764 789 811 et
807 754 955 813 Ludovico
973 756 1058 813 XVl.
1076 756 1223 816 Gallorum

132 855 254 930 regibus,
268 871 349 912 mors
368 853 486 929 contigit
502 851 627 910 infanda.
669 851 816 925 Equidem
841 872 900 911 non
925 854 1078 912 diffitemur
1100 856 1223 928 aliquem

133 951 281 1010 tradidisse
288 951 374 1008 licere
385 951 549 1009 invasorem
561 952 653 1027 regni,
667 953 714 1010 cui
728 952 806 1009 nulla
818 952 987 1029 suffragatur
990 955 1064 1031 juris
1073 957 1194 1030 species,
1208 975 1225 1015 e

134 1049 226 1109 medio
239 1050 339 1108 tollere
352 1061 384 1106 ut
395 1051 492 1125 patrie
514 1069 659 1125 oppresse
682 1051 887 1118 subveniretur,
910 1053 959 1124 qui
980 1061 1073 1109 tamen
1095 1052 1228 1114 dixerunt

137 1149 356 1207 “necessarium
370 1166 444 1215 esse,
457 1157 489 1206 ut
502 1157 611 1205 constet
631 1149 711 1206 illum
733 1167 797 1207 esse
821 1150 959 1226 injustum
981 1150 1150 1210 invasorem.
1193 1155 1227 1212 Si

135 1248 208 1307 nim
222 1245 340 1319 aliquod
353 1246 495 1322 probabile
504 1248 553 1324 jus
573 1247 667 1315 habet,
681 1267 739 1306 non
759 1256 889 1306 censetur
908 1257 1056 1324 tyrannus,
1071 1250 1148 1309 unde
1169 1272 1227 1311 non

132 1345 197 1404 licet
209 1339 420 1403 interficere.'’¹
460 1345 506 1402 De
521 1364 588 1422 rege
600 1347 740 1423 legitimo,
754 1349 836 1424 cujus
856 1356 981 1421 potestas
1003 1349 1033 1405 in
1047 1350 1226 1424 tyrannidem

132 1443 248 1512 desinit,
264 1445 333 1501 alias
346 1442 438 1511 docet,
452 1445 508 1501 nisi
527 1446 556 1502 in
578 1445 711 1521 legitimis
732 1446 891 1521 reipublice
905 1446 1027 1504 comitiis
1042 1447 1127 1505 luerit
1138 1468 1228 1526 regno

126 1543 294 1620 depositus,
316 1553 344 1599 et
362 1542 452 1599 hostis
474 1544 570 1618 patriar
592 1543 757 1611 declaratus,
778 1547 827 1616 qui
846 1544 955 1601 scilicet
975 1548 1068 1622 pergit
1080 1547 1134 1603 sibi
1148 1550 1228 1625 regni

121 1645 196 1720 jura
209 1659 359 1717 usurpare,
373 1651 401 1697 et
413 1641 580 1699 conculcare
600 1644 693 1700 cives:
716 1641 826 1701 “Adde
847 1641 871 1698 si
895 1652 1000 1700 tantum
1015 1656 1164 1703 excrescat
1185 1657 1228 1723 ty·

125 1741 267 1809 tannis,”
282 1740 376 1812 inquit
394 1739 524 1808 lessius,
546 1749 605 1798 “ut
624 1759 683 1799 non
702 1740 829 1799 videatur
847 1742 969 1817 amplius
993 1742 1155 1811 tolerabilis,
1175 1764 1229 1801 nec

129 1841 225 1899 ullum
249 1839 325 1896 aliud
348 1838 506 1896 remedium
528 1841 661 1915 supersit,
681 1842 805 1914 primum
829 1860 845 1896 a
866 1840 1020 1915 republica,
1043 1841 1089 1898 vel
1107 1842 1228 1899 comitiis

128 1942 227 2016 regni,
243 1938 289 1996 vel
302 1937 356 1995 alio
370 1937 492 1995 habente
506 1939 707 2006 auctoritatem,
722 1956 785 1995 esse
804 1937 1002 2014 deponendum
1017 1950 1046 1996 et
1057 1940 1170 1997 hostem
1183 1939 1230 1998 de·

136 2037 313 2103 curandum,
326 2037 400 2093 utin
413 2037 504 2113 ipsius
517 2055 668 2113 personam
684 2036 767 2094 liceat
786 2036 939 2108 quidquam
959 2047 1102 2096 attentare.
1144 2038 1229 2097 Tunc

139 2139 215 2194 enim
229 2135 336 2194 desinit
347 2153 411 2192 esse
424 2128 609 2212 princeps.''²
648 2135 721 2193 Haec
735 2146 829 2194 tamen
851 2137 953 2211 placita
971 2146 1067 2195 nostra
1079 2156 1137 2196 non
1159 2138 1225 2194 saci·

139 2255 209 2293 mus.

510 2454 608 2531 §Vll
642 2450 689 2511 Dn
711 2450 847 2513 Dusnno.

181 2625 247 2679 136.
270 2617 416 2679 Duellum
430 2620 532 2678 dicitur
546 2621 665 2679 duorum
678 2621 793 2688 bellum,
812 2641 863 2679 seu
883 2631 1023 2680 certamen
1045 2641 1082 2678 ex
1100 2622 1231 2681 condicto

145 2720 253 2779 sactum.
297 2720 405 2778 Mediis
432 2720 544 2778 saeculis
571 2722 733 2778 innocentia
754 2721 798 2778 vel
827 2721 920 2778 scelus
943 2722 1063 2797 alicujus
1083 2739 1120 2777 err
1145 2720 1232 2777 duelli

144 2833 240 2877 eventu
255 2818 472 2896 dijudicabatur,
486 2820 630 2895 plerisque
644 2838 722 2876 vanae
736 2819 890 2876 credulitati
904 2818 1125 2894 indulgentibus,
1136 2818 1231 2875 Deum

145 2919 287 2977 innocenti
308 2920 444 2994 pugnanti
464 2918 633 2985 adfuturum,
648 2936 684 2974 ne
706 2918 916 2975 interficeretur.
959 2918 1165 2994 Superstitione
1180 2917 1233 2974 hac

142 3018 193 3090 jum
208 3036 344 3083 excussa,
358 3017 475 3073 lionoris
489 3018 620 3092 specioso
634 3018 749 3075 nomine
763 3017 891 3092 plerique
902 3019 1063 3075 certaminis
1077 3017 1131 3075 hoc
1142 3035 1233 3094 genus

145 3114 336 3174 detestandum
350 3125 496 3173 excusant.
538 3115 661 3174 Ilcttrm
671 3114 804 3174 duellum
815 3116 944 3173 nonnulli
959 3117 1184 3191 putabantlicere
1199 3114 1232 3172 a¹³

147 3215 283 3273 vitandam
298 3214 466 3272 infamiam:
481 3233 581 3272 eorum
596 3225 688 3272 tamen
702 3217 869 3273 sententiam
879 3216 977 3290 rejecit
988 3207 1235 3271 ClemensVlll.³

143 3314 261 3372 vetando
282 3313 376 3370 duella
398 3317 484 3371 etiarn
505 3333 563 3371 non
588 3314 689 3371 satalia.
731 3314 771 3370 Et
790 3332 819 3369 re
842 3311 957 3383 quidem
972 3312 1189 3387 verafingentes
1203 3329 1235 3369 se

142 3414 277 3490 singulari
291 3413 448 3470 certamine
462 3431 590 3489 pugnare
604 3413 666 3469 aliis
680 3423 746 3470 sunt
758 3411 901 3478 scandalo,
912 3409 980 3467 dum
987 3430 1102 3487 pravam
1117 3429 1236 3470 consue·
1279 3483 1283 3490 Ι

139 3512 269 3570 tudinem
283 3531 337 3569 suo
350 3512 485 3587 exemplo
496 3512 618 3568 firmant.

182 3616 249 3670 137.
272 3612 382 3669 Verum
402 3610 528 3668 duellum
542 3610 693 3682 aliquando
712 3611 797 3667 licere
817 3627 855 3666 ex
877 3609 989 3684 publica
1009 3611 1180 3678 auctoritate,
1200 3611 1237 3668 ob

138 3729 257 3768 causam
273 3710 428 3787 publicam,
443 3709 479 3767 ad
493 3710 598 3767 bellum
613 3711 733 3767 duorum
747 3709 910 3765 discrimine
923 3707 1126 3778 definiendum,
1141 3709 1239 3767 existi·

138 3822 220 3866 rnant
232 3808 376 3877 nonnulli,
391 3809 512 3867 Davidis
536 3809 673 3887 singulari
696 3808 849 3867 certamine
869 3827 934 3865 cum
956 3808 1070 3866 Goliath
1092 3806 1238 3882 congressi

142 3911 280 3985 exemplo
294 3909 380 3968 moti:
401 3909 469 3968 licet
480 3907 587 3986 quippe
601 3909 742 3966 fortunam
755 3906 822 3965 belli
844 3906 910 3964 inde
933 3908 1068 3982 experiri,
1088 3923 1177 3978 quum
1195 3904 1237 3962 sic

312 4138 323 4200 (
330 4138 354 4200 l)
370 4135 479 4196 Loesius,
488 4134 520 4186 tls
528 4135 625 4201 justitia
635 4142 660 4183 st
667 4134 731 4198 jure,
744 4134 757 4190 ξ
770 4131 795 4180 ii.
806 4145 828 4179 c·
839 4129 873 4178 ix·
884 4127 941 4177 dub.
953 4127 984 4176 iv.
996 4142 1014 4175 n
1028 4129 1051 4174 s.

294 4198 358 4288 ⁸(·2)
372 4221 473 4280 ibidem,
485 4237 509 4270 n.
524 4223 561 4267 rs.

313 4308 355 4372 (³)
370 4306 398 4357 ln
411 4306 496 4356 Const.
508 4303 581 4358 illius
593 4303 664 4355 circs.

231 4411 315 4473 Vos.
335 4411 444 4476 1.-1c
