2744 4980
559 1182 701 1245 CAPUT
720 1184 776 1246 Ill.

393 1415 431 1454 DE
453 1416 555 1456 isauri
575 1417 711 1459 curruum
731 1417 947 1458 ossismorum.

161 1594 209 1647 15.
233 1589 377 1653 Cousrar
390 1613 427 1652 ex
440 1593 543 1652 divinis
557 1595 712 1673 Scripturis
726 1595 802 1654 civili
815 1596 948 1671 potestati
962 1593 1215 1671 obtemperandum

117 1706 202 1756 esse3
225 1690 268 1746 sic
280 1691 357 1748 enim
371 1691 455 1751 docet
467 1693 671 1770 Apostolorum
685 1695 836 1773 princeps:
858 1700 879 1730 ‘⁸
889 1694 1024 1775 subjecti
1032 1704 1122 1752 estote
1135 1693 1214 1752 omni

119 1786 253 1844 bumana
268 1800 401 1849 creaturae
415 1802 530 1868 propter
544 1792 658 1850 Deum:
680 1793 741 1851 sive
754 1793 825 1868 regi,
840 1793 921 1867 quasi
942 1792 1133 1869 precellenti3
1154 1791 1214 1848 sive

120 1883 253 1954 ducibus,
268 1897 411 1960 tamquam
424 1891 459 1947 ab
472 1909 508 1948 eo
525 1891 621 1950 missis
641 1890 677 1948 ad
691 1891 842 1950 vindictam
862 1890 1083 1958 malestatomm,
1104 1887 1217 1948 laudem

120 1984 190 2042 verd
204 1985 361 2046 bonorum:
384 1989 451 2061 quia
464 1989 504 2046 sic
518 2002 562 2046 est
580 1989 709 2047 voluntas
730 1989 797 2057 Dei,
811 2000 843 2047 ut
855 1988 1064 2048 benefacientes
1075 1990 1217 2049 obmutes-

119 2101 185 2140 cere
206 2083 314 2142 faciatis
334 2086 556 2164 impmdentium
576 2088 726 2147 hominum
753 2080 990 2166 ignorantiam.''¹
1031 2087 1152 2146 Crimen
1172 2098 1216 2144 est

120 2183 322 2258 gravissimum
336 2185 469 2262 legitime
481 2186 626 2263 potestatis
640 2187 731 2246 civilis
744 2188 882 2245 exercitio
901 2187 1043 2253 resistere,
1058 2185 1216 2263 prasertim

121 2298 185 2338 cum
206 2281 315 2341 ordinis
336 2285 600 2359 tranquillitatisque
617 2287 779 2345 communis
800 2286 987 2344 detrimento:
1011 2295 1029 2321 ‘⁶
1042 2284 1144 2343 Omnis
1158 2287 1216 2344 ani·

123 2379 201 2447 ma,’'
218 2382 310 2455 inquit
324 2384 488 2459 Apostolus,
505 2384 718 2461 “potestatibus
731 2385 940 2443 sublimioribus
961 2381 1071 2441 subdita
1083 2386 1136 2451 sit;
1158 2403 1215 2443 non

122 2490 165 2535 est
176 2481 256 2538 enim
271 2493 406 2557 potestas,
420 2482 476 2541 nisi
490 2503 507 2539 a
520 2482 602 2541 Deo:
624 2501 687 2555 quae
702 2492 793 2541 autem
802 2493 877 2551 sunt,
887 2502 903 2539 a
913 2481 978 2540 Deo
991 2482 1124 2541 ordinatae
1139 2494 1213 2541 sunt.

123 2575 221 2649 ltaque
230 2580 279 2652 qui
293 2581 399 2638 resistit
411 2582 552 2659 potestati,
567 2580 624 2638 Dei
637 2581 807 2641 ordinationi
817 2583 940 2640 resistit:
963 2581 1012 2655 qui
1023 2592 1116 2640 autem
1131 2583 1215 2642 resis-

122 2686 192 2741 tunt,
222 2679 278 2754 ipsi
306 2679 358 2736 sibi
385 2679 595 2738 damnationem
618 2682 777 2753 acquirunt.
819 2681 888 2740 ldeo
915 2681 1082 2739 necessitate
1109 2682 1214 2742 subditi

122 2786 221 2843 estote,
234 2796 292 2834 non
303 2778 394 2835 solum
402 2789 518 2857 propter
527 2779 608 2846 iram,
619 2778 670 2835 sed
680 2791 796 2856 propter
805 2771 1059 2841 conscientiam.’'²
1080 2779 1216 2838 Perduel-

120 2874 158 2932 lio
172 2877 333 2951 praesertim
347 2897 382 2935 eo
391 2878 448 2937 loci
460 2890 576 2945 vetatur,
591 2897 654 2949 quae
664 2877 818 2936 admittitur
827 2879 937 2952 quoties
947 2879 1064 2953 singuli,
1076 2878 1122 2935 vel
1132 2884 1215 2953 pauci

119 2972 251 3050 legitimo
274 2977 394 3051 imperio
417 2987 591 3054 repugnant:
614 2975 735 3049 quodsi
762 2978 862 3055 populi
882 2976 1032 3035 multitudo
1055 2977 1165 3036 enormi
1187 2993 1216 3040 et

120 3074 275 3132 manifesto
290 3076 388 3135 abusui
402 3076 547 3154 potestatis
561 3077 681 3144 resistat,
692 3076 747 3152 ipsi
761 3076 891 3153 potestati
901 3077 1032 3134 resistere
1041 3078 1090 3134 vix
1100 3077 1214 3138 dicendi
1316 3046 1346 3119 ·⁹

117 3182 203 3238 sunt,
233 3191 284 3231 nec
312 3175 388 3232 enirn
408 3197 425 3232 a
444 3175 509 3233 Deo
528 3185 652 3251 potestas
673 3174 813 3233 derivatur
839 3173 1017 3251 tyrannidem
1036 3171 1215 3234 exercendi.³

119 3278 139 3304 ‘⁶
148 3270 355 3347 lmperantium
367 3273 508 3347 siquidem
522 3273 591 3332 nulli
605 3272 747 3341 licuerit,’'
769 3275 861 3346 inquit
875 3273 1011 3340 Gravina,
1033 3282 1052 3307 ‘⁸
1065 3273 1213 3349 perfractis

121 3369 248 3445 publicis
261 3372 381 3448 legibus,
396 3383 520 3430 evertere
534 3372 563 3430 id
584 3373 665 3449 cujus
686 3391 771 3429 causa
790 3374 920 3449 imperat.
963 3369 1050 3427 Omni
1071 3370 1147 3429 enim
1161 3371 1216 3449 pri·

117 3468 228 3544 vilegio
242 3471 336 3527 statim
350 3471 464 3530 excidet
477 3472 607 3545 quisquis
621 3481 736 3547 accepta
749 3481 885 3547 potestate
895 3471 1024 3527 abutatur
1037 3480 1134 3527 contra
1144 3488 1216 3528 rem·

119 3567 277 3643 publicam,
292 3588 355 3641 quae
369 3573 528 3629 communis
549 3570 659 3638 salutis,
680 3571 897 3642 communisque
910 3568 1028 3627 honoris
1042 3587 1127 3626 causa
1141 3569 1216 3647 prin·

120 3666 216 3740 cipem
252 3670 370 3743 peperit,
402 3682 431 3726 ct
456 3670 622 3736 honoratim
651 3668 907 3727 exhaeredationem
939 3686 1063 3741 namque
1093 3678 1216 3726 meretur

121 3765 252 3836 quisquis
261 3766 384 3825 filiomm
393 3778 539 3843 parentem
548 3763 770 3844 oppresserit.''⁴
797 3767 941 3826 Caeterum
951 3777 1044 3825 motus
1053 3765 1214 3842 populares,

121 3865 208 3920 etiam
223 3882 259 3921 ex
273 3867 440 3941 gravissima
449 3867 640 3926 dominatione
654 3866 718 3935 orti,
733 3869 782 3925 vix
795 3885 920 3940 unquam
931 3865 1096 3938 contingrurt
1109 3864 1214 3935 absque

123 3971 251 4036 peccato,
261 3982 350 4035 quum
363 3966 530 4042 plerumque
545 3964 639 4024 clades
653 3975 682 4023 et
694 3965 863 4024 calamitates
874 3983 925 4023 eos
938 3970 1099 4034 sequantur.
1144 3960 1216 4020 Gra·

160 4129 200 4193 (l)
225 4133 231 4175 1
252 4130 302 4180 Pet.
315 4132 339 4181 ii.
355 4131 392 4180 13.
697 4136 737 4197 (2)
755 4129 825 4179 Rom.
837 4129 888 4178 xiii.
903 4128 955 4188 l,2,
967 4130 990 4176 5.

160 4215 201 4277 (3)
222 4213 286 4264 Vide
298 4215 324 4262 S.
336 4214 427 4266 Thom.
439 4215 464 4266 2.
475 4215 499 4264 2.
512 4233 553 4280 qu.
566 4217 616 4267 xlii.
630 4226 672 4267 art.
683 4216 707 4266 ii
720 4217 759 4266 eit.
772 4232 795 4280 p.
809 4213 865 4264 12⁰·
1146 4228 1181 4295 9

162 4299 205 4362 (4)
225 4297 255 4348 L.
267 4300 331 4362 sing.
342 4300 373 4350 ds
385 4301 456 4351 Rom.
467 4303 550 4366 imp.§
564 4300 640 4351 xxvii.

652 4397 710 4452 24*

1230 4374 1354 4702 A
