2744 4980
608 1112 750 1173 CAPUT
771 1112 811 1170 ll.

463 1333 502 1372 m:
523 1329 721 1372 PECCATORUM
741 1325 968 1368 nls‘rmo'rtottn.

493 1548 546 1622 §L
589 1546 637 1605 Dn
658 1564 762 1604 snecta
783 1562 920 1603 ntvnnss.

205 1729 254 1784 11.
276 1727 461 1784 Senonsnnn
475 1723 606 1783 doctores
620 1732 750 1796 querum
760 1721 837 1782 unde
856 1729 1039 1798 peccatorum
1052 1721 1167 1797 species
1179 1735 1254 1796 repe·

165 1822 255 1883 tende
276 1825 351 1881 sint:
373 1841 492 1898 quorum
511 1823 599 1896 aliqui
619 1840 684 1881 cum
705 1822 738 1880 S.
753 1821 869 1880 Thoma
887 1820 1030 1893 Aquinate
1048 1837 1084 1877 ea
1096 1836 1136 1877 ex
1149 1817 1256 1895 objecto

164 1920 362 1999 distinguenda
369 1922 495 1980 tradunt:
511 1931 611 1981 “actito
620 1921 769 1980 voluntarii
776 1919 985 1997 distinguuntur
993 1918 1091 1995 specie
1099 1915 1255 1976 secundum

163 2020 281 2096 objecta,
304 2019 380 2077 unde
393 2021 520 2093 sequitur
532 2021 610 2092 quod
623 2029 738 2096 peccata
751 2019 866 2095 proprie
879 2017 1196 2094 distinguanturspeoie
1216 2034 1257 2074 se·

165 2116 289 2176 nundum
312 2115 469 2194 objecta.”¹
510 2117 585 2177 Haec
606 2118 642 2176 de
659 2119 770 2194 objecto
789 2116 899 2185 morali,
914 2116 1008 2194 potius
1022 2132 1110 2188 qnam
1123 2115 1257 2192 physico,

165 2215 347 2294 intelligenda
359 2224 434 2274 sunt.
475 2216 534 2274 Alii
546 2216 756 2275 distinctionem
769 2215 934 2292 specificam
945 2223 1078 2291 repemnt
1089 2230 1129 2272 ex
1142 2214 1258 2291 opposi-

164 2314 241 2372 tione
255 2323 334 2372 actus
346 2315 441 2372 virtuti
454 2313 584 2383 diverse,
603 2314 650 2373 vel
669 2313 763 2373 eidem
784 2314 889 2381 virtuti,
909 2313 1059 2379 contrario,
1080 2311 1128 2370 vel
1148 2311 1259 2370 diverso

165 2409 267 2478 modo;
288 2411 334 2468 vel
347 2412 475 2487 ejusdem
489 2414 597 2470 vnmtis
611 2413 747 2470 exercitio
760 2410 872 2468 diversa
884 2411 1003 2468 ratione.
1044 2410 1095 2468 Sic
1108 2409 1258 2468 infidelitas

163 2506 259 2565 differt
271 2507 306 2564 ab
317 2507 395 2575 odio,
410 2507 545 2580 quiahoc
565 2510 702 2575 charitati,
716 2509 766 2566 illa
785 2507 854 2565 fidei
874 2507 1055 2566 adversatur:
1076 2507 1257 2584 prodigalitas

163 2616 192 2662 et
203 2606 331 2682 penuria,
346 2623 409 2678 quac
423 2608 561 2665 contrario
574 2606 661 2665 modo
679 2607 836 2664 liberalitati
856 2615 1025 2683 repugnant,
1045 2607 1145 2683 specie
1165 2605 1257 2665 differ·

163 2715 230 2762 unt:
252 2704 356 2762 lurtum
369 2713 397 2762 et
409 2704 552 2762 calumnia
561 2704 673 2764 diverso
685 2702 773 2762 modo
782 2705 900 2780 justitie
914 2702 1106 2781 opponuntur.
1149 2705 1208 2763 Alii
1225 2703 1258 2762 ad

163 2803 244 2879 leges
257 2820 309 2861 seu
322 2813 472 2879 precepta,
483 2821 546 2874 quae
560 2803 671 2861 diversa
677 2804 784 2861 ratione
798 2804 933 2871 nituntur,
942 2803 1067 2861 reserum
1080 2812 1257 2878 peccatomm

164 2900 301 2976 speciem.
344 2901 394 2957 Sic
413 2900 581 2958 clericorum
603 2902 750 2978 percussio
770 2901 893 2960 violenta
912 2901 969 2978 legi
989 2901 1109 2959 naturali
1130 2901 1257 2960 eteocle·

164 2997 284 3056 siasticae
292 3008 438 3073 repugnat:
450 2998 561 3065 etide0‚
570 3010 670 3075 prater
680 3000 855 3075 injustitiam,
865 2999 1006 3077 sacrilegii
1016 2998 1108 3058 induit
1114 3000 1257 3065 malitiam,

164 3093 241 3168 quod
253 3095 301 3153 lex
314 3096 442 3152 ecclesia
456 3112 519 3153 eam
533 3106 608 3153 vetet
620 3099 657 3155 ob
673 3098 861 3156 reverentiam
871 3117 951 3156 sacro
965 3097 1058 3157 ordini
1071 3097 1204 3157 debitam.
1230 3097 1255 3156 E

164 3202 271 3262 contra,
280 3194 395 3251 violatio
406 3194 510 3272 jejunii
520 3196 634 3254 sabbato
644 3204 764 3270 quatuor
773 3207 933 3273 temporum
946 3198 976 3255 in
990 3196 1068 3270 quod
1080 3197 1179 3273 vigilia
1191 3198 1257 3256 inci·

163 3290 245 3361 derit,
265 3295 383 3352 unicum
405 3303 449 3351 est
470 3304 627 3371 peccatum,
655 3296 722 3368 quia
743 3305 894 3368 nutumque
917 3296 1057 3353 Ecclesia
1084 3306 1256 3372 preceptum

163 3389 264 3448 eadem
286 3393 383 3450 nititur
403 3393 521 3461 ratione,
543 3411 645 3470 nempe
667 3405 700 3451 ut
712 3394 844 3453 homines
857 3395 1028 3470 poenitentioe
1043 3395 1179 3470 operibus
1193 3412 1256 3471 pec·

163 3496 224 3543 cata
237 3491 363 3563 expient,
378 3499 407 3545 et
419 3492 527 3548 animas
541 3490 606 3550 Deo
619 3503 719 3568 parent
731 3493 933 3552 habitaculum.

443 3695 518 3767 §IL
540 3695 588 3753 Dn
610 3715 734 3756 nonno
753 3717 963 3759 enoceronnrs.

205 3856 251 3910 12.
272 3852 307 3910 ln
323 3872 443 3913 numero
463 3868 644 3933 peccatorum
664 3860 866 3938 distinguendo
885 3882 920 3920 ea
942 3882 1004 3937 que
1025 3874 1108 3922 extra
1129 3864 1254 3922 animum

162 3967 220 4008 non
233 3951 374 4026 prodeunt
388 3955 422 4011 ab
435 3956 496 4013 aliis
510 3975 572 4028 quae
584 3960 707 4018 exterius
722 3970 964 4030 consummantur,
978 3961 1169 4021 discernenda
1181 3972 1253 4021 sunt

161 4046 284 4108 Peccata
297 4071 360 4126 quae
373 4052 505 4112 dicuntur
518 4055 621 4125 cordis,
641 4078 703 4132 quae
718 4059 829 4117 scilicet
847 4061 919 4118 intra
939 4062 1068 4121 animum
1086 4061 1254 4125 consistunt,

453 4243 496 4306 (l)
515 4242 542 4290 Β.
554 4241 666 4294 Thomas
680 4249 701 4293 1.
714 4249 739 4295 2.
750 4261 792 4311 qu.
805 4246 875 4297 lxxii.
886 4254 929 4297 art
941 4247 958 4297 i.
