2766 4996
413 414 470 473 DE
492 415 682 476 SEPTlMO
704 414 960 478 PRAECEPTO.
1160 412 1234 479 ‘las

137 580 172 639 ad
184 581 330 657 mancipia
343 580 488 640 traducere
503 583 588 640 licet:
610 584 714 654 quibus
736 591 767 642 ut
784 601 801 640 e
821 602 875 641 suo
896 582 1020 659 peculio,
1036 584 1060 640 si
1075 582 1146 640 sorte
1166 584 1235 656 quid

137 680 259 738 habeant
271 699 309 738 ex
323 680 505 739 dominorum
519 683 612 749 venia,
627 681 699 739 13113
711 681 876 758 hujusmodi
887 691 1073 758 compensent
1085 683 1234 760 injungere

138 779 239 837 durum
254 779 374 847 videtur,
389 799 478 852 quum
499 797 614 839 onmem
635 800 717 839 suam
737 799 854 858 operam
874 782 950 839 heris
970 801 1022 858 per
1042 791 1127 841 totam
1148 784 1234 841 vitant

138 878 295 937 conferant.

181 982 248 1036 158.
272 979 355 1036 Uxor
368 980 469 1037 marito
482 980 637 1054 surripiens
650 981 813 1056 pecuniam,
827 980 872 1037 vel
892 980 946 1037 alia
965 982 1038 1041 bona
1058 983 1232 1048 communia,

138 1095 229 1148 esque
250 1079 280 1134 in
299 1095 369 1134 usus
383 1097 473 1135 vanos
491 1077 536 1134 vel
550 1097 653 1154 pravos
673 1079 852 1154 impendens,
867 1088 974 1154 peccat,
992 1091 1021 1135 et
1032 1078 1067 1135 ad
1086 1081 1234 1138 restituen-

139 1175 207 1233 dum
229 1187 354 1243 tenetur3
375 1175 581 1234 administratio
601 1177 677 1234 enim
692 1179 832 1235 bonorum
846 1178 1041 1235 communium
1052 1195 1141 1254 penes
1155 1180 1237 1235 mari·

140 1286 201 1333 tum
215 1285 268 1331 est.
311 1274 457 1332 Caeterum
471 1277 587 1334 maritus
608 1275 717 1334 facilius
738 1278 870 1352 injuriam
891 1276 1056 1352 hujusmodi
1075 1277 1236 1335 condonare

140 1384 282 1441 censetur,
307 1375 362 1431 nisi
383 1374 467 1432 valde
489 1375 618 1432 notabilis
641 1376 686 1432 sit.
739 1376 901 1433 Excusatur
920 1376 1004 1432 ctiam
1025 1394 1107 1443 uxor,
1128 1377 1152 1433 si
1173 1377 1234 1433 viro

140 1474 262 1550 prodigo
283 1492 317 1530 ea
329 1473 475 1531 subtrahat
495 1474 681 1532 conservandi
701 1494 797 1541 causa,
811 1475 855 1531 vel
876 1474 910 1532 ad
930 1475 1141 1532 sustentandam
1155 1476 1234 1532 sami·

139 1572 220 1641 liam,
235 1573 281 1630 vel
294 1572 329 1628 ad
350 1590 384 1629 ea
404 1572 595 1649 comparanda
615 1592 678 1645 quac
698 1575 761 1642 sibi,
776 1573 821 1632 vel
843 1574 920 1640 filiis,
935 1586 1000 1630 sunt
1021 1576 1180 1632 necessaria
1193 1592 1236 1630 se·

141 1673 268 1731 eundum
283 1690 366 1728 suum
380 1681 492 1729 statum.
535 1673 634 1729 Potest
646 1673 728 1731 etiarn
750 1673 822 1748 proli
842 1691 878 1731 ex
892 1673 947 1729 3110
961 1675 1139 1730 matrimonio
1152 1685 1235 1740 natae,

142 1772 187 1828 vel
204 1772 276 1848 patri
290 1771 335 1828 vel
348 1772 439 1838 matri,
454 1772 605 1829 moderatis
619 1771 753 1830 subsidiis
766 1790 938 1835 succurrere,
949 1789 985 1827 ne
999 1771 1095 1846 inopia
1107 1790 1236 1846 preman-

144 1886 198 1928 tur.
243 1870 468 1944 Eleemosynam
482 1870 547 1927 dare
564 1871 591 1926 ei
610 1870 678 1927 licet
696 1889 747 1946 pro
768 1888 846 1927 more
860 1879 1023 1926 0310131313
1042 1887 1164 1925 uxorum
1178 1888 1236 1928 suoe

143 1968 328 2034 conditionis,
343 1967 452 2040 aliaque
473 1971 563 2026 lacere
584 1987 679 2025 earum
699 1970 795 2033 instar,
809 1970 862 2025 etsi
881 1980 1018 2043 repugnet
1036 1968 1143 2039 absque
1159 1970 1238 2045 justa

145 2086 233 2125 causa
246 2069 370 2124 maritus.
404 2067 449 2125 De
464 2069 498 2124 iis
513 2080 606 2125 autern
620 2086 682 2139 quae
696 2086 746 2124 sua
763 2068 938 2144 comparavit
950 2066 1095 2133 industria,
1109 2067 1155 2124 vel
1168 2086 1237 2141 quo·

143 2186 208 2224 rum
228 2165 386 2224 dominium
407 2178 436 2224 et
454 2166 658 2224 administratio
677 2186 765 2243 penes
785 2168 876 2243 ipsam
896 2176 972 2232 sunt,
992 2166 1079 2223 libere
1100 2168 1163 2242 ipsa
1182 2167 1238 2224 dis·

147 2267 234 2341 ponit.

188 2370 254 2423 159.
277 2365 348 2431 Qus
362 2369 398 2425 sit
411 2367 476 2426 furti
490 2370 583 2445 gravis
594 2370 713 2427 materia
725 2367 800 2445 apud
812 2366 959 2443 theologos
973 2367 1001 2423 in
1015 2366 1171 2439 quaestione
1184 2376 1237 2423 est.

147 2464 291 2537 Equidem
305 2478 381 2524 certa
400 2468 497 2542 regula
517 2487 572 2539 qua
592 2487 706 2545 semper
724 2469 872 2527 definiatur
890 2467 974 2524 statui
995 2485 1052 2525 non
1072 2475 1175 2542 potest,
1187 2465 1238 2525 sed

146 2565 315 2639 plerumque
329 2585 366 2623 ex
380 2565 519 2641 adjunctis
532 2567 718 2643 judicandum
732 2579 789 2625 est:
811 2578 943 2624 ceterum
957 2566 1085 2639 quasdam
1100 2584 1160 2642 pro
1170 2582 1238 2625 ocu·

145 2663 180 2720 lis
195 2664 324 2722 habenda
337 2677 413 2732 suut,
428 2676 459 2721 ut
473 2665 612 2740 judic-ium
627 2667 675 2723 1131
688 2667 858 2732 verosimile,
879 2669 903 2723 si
917 2685 975 2723 non
988 2666 1105 2724 omnino
1118 2674 1238 2725 certum.

189 2768 254 2821 too.
277 2764 401 2822 Materia
415 2765 444 2821 in
458 2783 489 2820 se
503 2767 596 2839 gravis
610 2765 780 2823 admittenda
799 2776 851 2831 est,
872 2767 953 2841 qu‘us
967 2764 1069 2821 ablatio
1089 2766 1182 2838 gravis
1195 2770 1241 2820 est

146 2864 240 2938 culpa,
264 2864 294 2920 in
318 2864 543 2935 quibuscumque
571 2883 665 2921 rerum
692 2863 842 2940 adjunctis,
863 2865 960 2920 aviro
986 2863 1053 2919 licet
1078 2861 1238 2920 ditissimo:

148 2979 214 3018 nam
228 2963 345 3018 interest
357 2963 424 3020 boni
438 2964 599 3021 communis
612 2973 643 3021 ut
655 2964 762 3021 nemini
776 2962 916 3025 auserattu
925 2980 971 3019 res
984 2978 1080 3037 perse
1093 2963 1197 3038 gravis,
1212 2970 1241 3020 et

149 3061 203 3116 uisi
224 3059 251 3117 id
266 3060 389 3118 districte
410 3062 617 3138 prohiberetur,
639 3061 739 3120 divites
760 3061 842 3121 lacile
858 3062 919 3121 suis
939 3063 1021 3120 bonis
1042 3062 1238 3139 spoliarentur.

148 3160 283 3232 Quinque
298 3163 409 3219 nummi
423 3163 558 3238 argentei,
573 3181 623 3220 seu
644 3181 717 3219 unus
738 3181 849 3229 aureus,
863 3172 928 3218 suut
940 3163 1036 3231 utique
1050 3164 1166 3219 materia
1179 3180 1241 3235 gra·

149 3260 209 3325 vis;
231 3278 284 3317 nec
297 3261 376 3316 eninr
391 3260 550 3318 ditissimus
564 3279 613 3317 eos
627 3262 680 3317 sibi
695 3263 797 3335 injuria
816 3259 916 3316 auferri
937 3260 992 3315 nisi
1006 3261 1151 3334 egerrime
1166 3268 1241 3332 pate·

153 3370 238 3415 retur.
282 3359 420 3424 Quaenam
435 3370 526 3417 autem
549 3360 641 3416 minor
654 3377 765 3415 summa
784 3359 821 3414 sit
840 3358 956 3414 materia
975 3359 1067 3431 gravis
1082 3375 1140 3415 non
1160 3356 1242 3414 130110

97 3438 99 3447 ¹
148 3475 201 3514 300
215 3468 292 3515 00110
312 3459 395 3515 statui
409 3469 520 3534 potest:
542 3456 593 3513 sed
607 3457 690 3515 nobis
713 3457 822 3514 videtur
843 3473 977 3513 nummus
997 3474 1070 3514 uuus
1093 3465 1241 3533 argenteus

149 3555 317 3631 plerumque
340 3556 483 3615 sufficere.
524 3557 626 3622 Quoad
648 3557 799 3633 plerosque
820 3554 926 3613 divitiis
940 3554 1015 3612 haud
1029 3566 1125 3615 auctos
1139 3555 1243 3615 sufficit

150 3655 299 3713 dimidium
314 3656 425 3713 nummi
438 3657 580 3732 argentei:
609 3655 702 3729 quoad
724 3673 863 3732 pauperes
882 3656 982 3732 viginti
1003 3658 1129 3729 quinque
1148 3658 1240 3716 oboli:

150 3755 242 3825 quoad
256 3753 408 3813 mendicos
422 3757 547 3828 quinque
562 3755 648 3813 oboli.

183 3857 248 3911 161.
262 3854 408 3912 Damnum
417 3853 533 3912 domino
542 3854 649 3913 illatum
657 3857 780 3912 materiae
789 3856 950 3930 gravitatem
959 3866 1052 3929 auget,
1062 3872 1127 3911 uam
1136 3871 1244 3927 pauper

152 3954 258 4012 amisso
272 3953 391 4012 dimidio
403 3972 522 4011 nummo
535 3965 668 4031 argenteo
688 3954 823 4011 damnum
843 3972 926 4029 grave
941 3953 1053 4028 patitur,
1067 3950 1189 4022 ideoque
1203 3951 1217 4008 l
1233 3981 1244 3994 ·

152 4070 215 4109 raus
229 4054 352 4129 graviter
365 4071 483 4128 peecare
497 4053 656 4111 censendus
676 4064 728 4110 est.
771 4050 932 4122 Aliquando
952 4048 1090 4125 contingit
1102 4059 1133 4106 ut
1145 4068 1174 4107 re
1186 4045 1244 4109 levi

152 4151 242 4208 ablata
255 4170 340 4228 grave
354 4153 458 4209 oriatur
468 4151 678 4217 detrimentum,
689 4150 844 4227 presertim
858 4150 882 4205 si
896 4148 933 4204 sit
940 4149 1157 4207 instrumentum
1168 4148 1244 4223 qnod

152 4268 211 4307 uon
224 4254 318 4326 possit
331 4250 413 4308 lacile
427 4251 595 4328 comparari.
638 4249 716 4307 Hine
729 4265 812 4304 acum
827 4248 926 4304 sartori
941 4248 1080 4325 surripere
1094 4247 1245 4321 aliquando

151 4361 197 4405 est
209 4351 302 4497 graplvis
316 4350 409 4427 culpa,
425 4349 536 4409 scilicet
548 4349 572 4406 si
587 4348 659 4408 alius
672 4347 698 4404 ei
712 4344 794 4414 desit,
808 4365 861 4406 nec
876 4356 958 4420 queat
978 4346 1061 4408 fac-ile
1073 4348 1180 4406 haberi:
1202 4348 1246 4404 sic

275 4454 325 4498 01..
343 4437 453 4500 1.-13
