2766 4996
361 425 418 486 DE
441 426 593 486 LEGUM
615 427 916 490 OBLIGATIONE.
1128 438 1182 494 les

91 604 201 651 tescat:
223 580 258 648 v':
281 611 316 669 g:
340 591 557 669 “Praecipimus
570 593 623 649 snb
636 592 829 670 indignatione
850 594 976 661 nostra,'’
999 597 1082 654 “sub
1102 598 1185 656 inter·

92 694 252 751 minatione
265 691 355 748 divini
365 689 498 768 judicii‚”
521 701 540 726 “
550 693 580 749 in
601 693 702 750 virtute
724 704 826 752 sancta
847 694 1046 752 obedientiae.”
1088 697 1185 755 Poenae

96 803 192 851 autem
207 791 324 868 adjecta
338 789 409 866 legis
424 791 588 867 gravitatem
608 790 751 848 indicant:
774 794 815 851 sic
828 795 1084 852 excommunicatio
1096 796 1185 853 inten-

96 902 172 950 tatur
198 889 409 966 negligentibus
435 890 666 947 communionem
693 891 871 959 Pascbalem,
898 892 943 949 vel
975 893 1185 952 confessionem

96 1007 240 1048 annuam:
263 988 419 1064 suspensio
432 990 467 1047 ab
489 990 568 1045 omni
582 1007 698 1046 munere
712 1008 793 1046 sacro
806 990 956 1049 intentatur
968 992 1070 1049 alicubi
1084 994 1189 1053 clerico

94 1090 189 1147 alieno
203 1089 326 1147 Missam
341 1088 449 1158 absque
461 1087 575 1144 licentia
589 1086 730 1146 Ordinarii
741 1089 901 1146 celebranti.
928 1091 1100 1163 Aliquando,
1110 1092 1186 1151 nulla

94 1188 227 1265 apposita
240 1205 334 1263 prena,
348 1186 396 1243 lex
410 1184 597 1244 nihilominus
611 1188 733 1262 graviter
746 1188 866 1265 obligat:
889 1189 930 1247 sic
949 1190 997 1247 lex
1013 1191 1185 1249 abstinentiae

94 1298 123 1344 et
131 1288 236 1364 jejunii
251 1303 368 1362 gravem
390 1303 488 1342 secum
511 1285 563 1342 sert
585 1285 793 1361 obligationem.
836 1287 885 1345 Ex
905 1289 1108 1348 consuetudine
1122 1308 1185 1362 quae

96 1395 116 1422 ‘⁶
127 1397 171 1443 est
194 1386 301 1461 optima
320 1383 417 1460 legum
439 1375 614 1462 interpres”¹
634 1385 753 1460 gravitm
768 1387 902 1462 precepti
915 1387 1066 1446 innotescit
1077 1399 1105 1447 et
1117 1388 1185 1447 defi·

91 1487 176 1543 nitur.

140 1587 189 1640 19.
210 1583 304 1658 Leges
319 1601 396 1660 saepe
417 1583 543 1642 seruntur
563 1584 596 1641 ad
617 1584 740 1660 pericula
760 1584 925 1655 amovenda,
939 1604 1028 1660 eaque
1046 1587 1080 1645 de
1101 1606 1187 1646 causa

97 1684 191 1740 irritos
205 1681 346 1738 declarant
359 1691 437 1739 actus
452 1682 590 1754 quosdam
604 1684 749 1756 inquibus
766 1684 842 1742 fraus
856 1684 936 1742 sacile
953 1687 1125 1763 contingere,
1141 1686 1186 1744 vel

96 1801 135 1839 ex
148 1782 252 1854 quibus
261 1779 396 1839 damnum
407 1781 474 1839 oriri
483 1784 583 1857 possit.
599 1781 740 1840 Dicuntur
748 1783 799 1840 niti
807 1785 1041 1861 praesumptione
1046 1784 1185 1862 periculi,

93 1892 124 1938 et
143 1882 201 1937 vim
215 1880 342 1937 obtinent
353 1881 464 1938 etiamsi
485 1879 593 1938 nullum
612 1881 643 1938 in
663 1899 730 1938 casu
743 1882 860 1958 speciali
880 1882 917 1937 sit
929 1883 1094 1958 periculum.
1137 1883 1186 1940 Sic

96 1980 211 2037 irritum
224 1978 383 2040 habendum
398 1979 607 2037 matrimonium
621 1977 827 2038 clandestinum
841 1990 1010 2039 censuerunt
1020 1991 1111 2058 patres
1122 1981 1187 2040 Tri·

99 2077 221 2144 dentini,
235 2077 272 2134 ob
285 2079 441 2153 periculum
456 2079 550 2154 palam
568 2078 688 2136 ducendi
707 2098 835 2148 uxorem,
851 2080 905 2138 alia
919 2081 978 2157 jam
1000 2082 1073 2138 clam
1087 2080 1185 2139 ducta:

92 2195 161 2249 quae
174 2177 221 2233 lex
241 2178 299 2234 vim
322 2180 431 2236 obtinet
451 2179 482 2235 in
503 2177 575 2235 locis
596 2178 624 2235 in
646 2179 749 2252 quibus
772 2179 947 2255 promulgata
960 2189 1012 2246 est,
1025 2179 1091 2236 licet
1103 2197 1187 2237 omne

97 2274 257 2350 periculum
281 2275 447 2354 hujusmodi
469 2295 546 2352 saepe
569 2277 648 2335 absit.
690 2278 784 2354 Leges
803 2278 954 2352 prohibent
972 2277 1105 2335 librorum
1119 2294 1188 2349 quo·

97 2372 227 2430 rumdam
241 2374 403 2444 lectionem,
418 2394 454 2432 ne
468 2375 540 2433 fides
553 2375 707 2452 legentium
720 2376 848 2435 vacillet:
871 2377 971 2448 quibus
985 2386 1078 2434 tamen
1092 2387 1188 2434 tenen·

99 2482 145 2529 tur
157 2471 288 2530 homines
304 2477 422 2534 scientia
435 2484 463 2531 et
475 2474 530 2532 fide
544 2476 656 2543 muniti,
669 2475 738 2534 adeo
752 2485 783 2533 ut
795 2484 913 2552 peccent
925 2486 1021 2533 contra
1033 2477 1149 2534 vetitum
1158 2476 1188 2533 in

96 2571 168 2628 locis
181 2572 211 2629 in
225 2573 326 2644 quibus
340 2575 446 2650 rigent,
468 2575 492 2630 si
512 2574 620 2647 absque
640 2577 723 2633 venia
745 2594 795 2633 eos
815 2575 918 2652 legant.
961 2575 1055 2654 Leges
1069 2576 1129 2635 aliae
1143 2575 1189 2633 vel

96 2668 227 2745 judicum
249 2672 349 2730 saltem
370 2674 516 2731 sententiae
547 2672 657 2750 legibus
680 2676 795 2741 innixae,
811 2674 895 2755 sacti
921 2674 1189 2753 presumptionem

97 2782 269 2841 sequuntur:
292 2789 355 2843 quae
369 2774 392 2830 si
407 2771 448 2828 rei
470 2773 578 2829 veritati
601 2791 658 2830 non
679 2772 858 2848 respondeat,
879 2773 936 2829 vim
957 2773 1062 2830 nullam
1076 2774 1105 2829 in
1122 2789 1189 2828 con·

97 2870 216 2927 scientia
239 2870 376 2939 obtinent,
399 2871 454 2928 nisi
477 2871 607 2946 publicus
621 2871 700 2937 ordo,
714 2890 749 2927 ea
761 2870 897 2946 neglecta,
918 2871 1098 2947 periclitetur.
1138 2869 1188 2928 Sic

95 2965 160 3042 loge
183 2981 211 3023 et
229 2967 335 3043 judicis
356 2970 495 3026 sententia
516 2971 626 3045 cogitur
646 2971 689 3027 vir
709 2968 744 3026 ad
767 2969 894 3026 mulieris
916 2970 1188 3043 consortium-quam

96 3084 191 3123 coram
205 3066 337 3124 Ecclesia
350 3067 446 3125 duxit:
470 3067 545 3140 quod
559 3069 584 3125 si
598 3069 738 3126 occultum
759 3069 850 3126 obstet
871 3070 1051 3128 matrimonio
1071 3069 1189 3145 impedi·

95 3173 232 3232 mentum,
255 3165 338 3223 debet
359 3168 454 3242 potius
477 3169 778 3226 excommunicationis
799 3167 891 3225 subire
912 3169 1079 3226 sententiam
1102 3185 1188 3238 quam

97 3281 160 3320 cum
176 3283 209 3321 ea
222 3265 307 3322 coire.

134 3367 183 3420 20.
206 3363 301 3440 Leges
314 3364 513 3424 ecclesiastica
534 3366 700 3442 plerumque
721 3382 778 3422 non
798 3362 923 3439 obligant
936 3381 1001 3421 curn
1015 3363 1094 3440 gravi
1107 3360 1190 3419 detri-

96 3472 202 3531 mento,
217 3482 270 3520 nec
283 3464 361 3520 enim
375 3474 507 3523 censetur
520 3464 651 3523 Ecclesia
671 3463 745 3520 velle
762 3481 829 3520 suos
850 3460 924 3519 filios
945 3481 1010 3520 cum
1031 3481 1134 3539 magno
1147 3479 1190 3520 re·

96 3580 158 3619 rum
172 3581 288 3619 suarum
301 3561 417 3630 damno,
441 3563 486 3620 vel
508 3561 644 3640 periculo,
660 3562 694 3619 ad
709 3573 786 3620 actus
806 3581 858 3639 per
874 3581 905 3619 se
919 3560 994 3621 haud
1014 3562 1189 3622 necessarios

98 3660 281 3738 adstringere.
325 3660 403 3719 Hinc
416 3661 463 3719 lex
478 3662 513 3720 de
534 3660 671 3721 audienda
692 3661 785 3720 Missa
799 3663 827 3720 in
847 3662 893 3720 die
916 3662 987 3721 festo
1007 3683 1065 3723 non
1086 3663 1191 3738 obligat

99 3778 164 3817 eum
180 3762 230 3832 qui
243 3761 353 3818 muneri
370 3779 432 3828 suo,
448 3780 504 3833 quo
518 3762 728 3820 sustentationis
749 3761 875 3820 subsidia
887 3773 1094 3838 comparantur,
1109 3760 1191 3816 debet

99 3857 209 3928 deesse,
225 3877 290 3919 cum
304 3860 367 3936 ejus
382 3859 526 3918 amittendi
540 3861 676 3937 periculo.
707 3860 765 3920 Sed
779 3880 934 3931 numquam
946 3861 1013 3917 licet
1024 3860 1116 3933 legem
1131 3856 1190 3912 vio·

97 3957 155 4016 larc
178 3977 243 4018 curn
267 3958 370 4035 injuria
387 3959 432 4017 vel
453 3969 616 4036 contemptu
638 3959 782 4036 potcstatis
803 3949 1026 4016 ecclesiasticae.¹
1067 3954 1144 4041 ilinc
1164 3954 1189 4010 si

130 4159 172 4225 (l)
193 4158 259 4226 Cap.
270 4162 319 4213 viii.
334 4160 516 4214 deconsnetud.

130 4246 173 4311 (2)
190 4246 310 4297 Jeremiss
321 4245 415 4311 Tsylor
426 4248 452 4298 in
465 4247 511 4297 bec
523 4244 661 4305 con'ntit:
678 4252 692 4276 ‘¹
701 4239 730 4293 ln
748 4240 788 4293 the
799 4258 855 4293 case
871 4240 901 4292 oi
913 4241 1019 4301 scandal,
1030 4258 1057 4291 or
1068 4242 1149 4308 injury
1162 4251 1187 4293 to

98 4327 220 4392 Religion,
232 4347 260 4381 or
270 4333 311 4382 the
321 4334 459 4383 confession
472 4334 501 4383 of
513 4347 559 4382 our
572 4331 640 4390 saith,
651 4346 688 4380 we
698 4345 738 4379 are
755 4330 850 4392 obliged
862 4338 886 4380 to
897 4329 944 4388 die,
956 4328 1035 4379 rather
1046 4328 1104 4378 then
1116 4329 1189 4377 break

96 4416 225 4481 apositivs
237 4417 283 4466 lew
295 4419 324 4468 os
337 4418 393 4468 God
405 4434 431 4468 or
444 4416 526 4468 mnn.'’
544 4418 640 4468 Ductor
649 4413 840 4476 onerantium,
852 4416 898 4466 sol.
910 4417 934 4467 ii.
947 4431 969 4482 p.
982 4418 1022 4465 30.

258 4570 274 4599 ὖ
