2744 4980
294 408 351 468 DE
373 408 553 467 MEDIGAE
575 409 699 467 ARTIS
720 408 1000 468 CUL'l'ORlbUS.
1130 412 1189 468 403

96 581 163 652 quin
179 580 260 655 periti
273 580 463 637 necessariam
483 581 667 638 attentionem
687 598 744 638 nou
765 578 899 637 adhibent
918 578 954 636 ad
973 580 1187 657 intelligendum

95 680 193 754 egroti
207 677 399 736 conditionem
411 688 440 736 et
462 679 612 739 morbum:
635 677 713 751 quod
732 679 761 737 in
782 678 955 754 pauperibus
972 678 1102 736 curandis
1111 698 1188 756 sepe

95 779 199 835 evenit.
232 778 359 835 Peccaut
371 779 420 849 qui
434 776 502 850 quid
515 776 634 835 suadent
645 787 742 835 contra
754 776 811 835 Dei
824 777 928 854 legem,
939 786 969 834 et
980 776 1186 836 medicamenta

96 877 224 951 prebent
242 876 277 933 ad
291 877 387 935 sotum
402 874 615 951 expellendum,
629 876 674 933 vel
688 875 724 935 ad
737 875 947 953 impediendam
962 877 1185 951 generationem.

95 974 327 1044 Peccantetiam,
348 975 398 1046 qui
420 974 519 1032 foetum
537 975 644 1042 vivum,
664 974 759 1051 egredi
782 974 885 1032 frustra
904 985 1064 1043 conantem,
1083 964 1187 1035 iustru-

95 1075 199 1131 mentis
213 1075 242 1130 iu
256 1083 349 1150 partes
362 1083 469 1141 secant,
483 1084 514 1131 ut
526 1074 608 1131 matri
630 1074 817 1141 subveniant;
838 1093 896 1133 uon
915 1075 993 1133 enim
1012 1074 1080 1132 licet
1098 1075 1185 1135 vitam

95 1173 237 1230 nascimro
250 1174 369 1248 cripere,
383 1174 468 1231 etiam
482 1171 518 1230 ad
530 1171 697 1231 servandam
711 1192 728 1229 a
740 1181 831 1231 morte
851 1182 984 1235 matrem.
1001 1172 1126 1231 Peccant
1137 1176 1187 1247 qui

94 1273 265 1346 pauperibus
276 1266 466 1330 necessariam
478 1270 619 1349 denegant
628 1290 756 1349 operam,
767 1272 940 1344 ubicumque
949 1289 1008 1330 nou
1017 1280 1085 1330 sunt
1097 1272 1185 1350 depu-

93 1371 141 1427 tati
151 1370 255 1429 medici
269 1371 381 1446 publica
393 1370 565 1438 auctoritate,
573 1378 686 1428 etcerto
695 1370 849 1446 stipendio,
860 1369 894 1427 ad
903 1369 932 1428 id
942 1372 1068 1428 muneris
1078 1373 1184 1430 obeun-

96 1467 174 1526 dum.
216 1469 274 1535 Qui
294 1470 408 1527 morbos
431 1466 579 1545 pudendos
592 1485 691 1525 eorum
705 1486 777 1540 quos
791 1478 889 1526 curant
902 1478 1007 1526 temere
1027 1468 1183 1546 divulgant,

93 1566 160 1624 fidei
174 1567 268 1625 fracta
283 1568 367 1644 plane
380 1565 517 1644 arguendi
530 1576 612 1623 sunt:
634 1575 767 1624 catorum
781 1586 839 1624 non
860 1565 992 1624 videntur
1004 1585 1122 1643 peccaro
1135 1568 1185 1642 qui

92 1667 255 1742 interrogati
277 1685 327 1724 eos
347 1666 528 1724 manifestant
550 1664 612 1722 aliis
634 1665 805 1738 inquorum
828 1676 964 1741 potestate
988 1667 1086 1744 aegroti
1107 1678 1182 1727 sunt.

92 1764 142 1821 Sic
155 1764 225 1823 hero
236 1766 351 1822 morbus
364 1765 508 1840 mancipii,
523 1764 605 1821 matri
618 1763 720 1839 puellm
730 1763 856 1823 conditio
867 1763 1069 1822 manifestatur.
1109 1764 1180 1824 Jure

92 1864 214 1939 Anglico
234 1863 381 1939 chirurgus
396 1863 514 1938 cogitur,
529 1882 545 1918 a
562 1862 662 1938 judice
685 1863 881 1940 interrogatus,
901 1865 997 1920 omnia
1017 1882 1081 1936 quoe
1104 1864 1184 1924 novit

94 1958 224 2020 reserre.¹

134 2065 202 2120 161.
225 2062 273 2119 Ex
293 2062 357 2137 lege
377 2060 527 2128 Ecclesia,
547 2060 603 2117 lata
622 2061 651 2119 in
672 2061 796 2119 concilio
816 2061 1003 2118 Lateranensi
1015 2061 1065 2129 iv.‚
1079 2061 1185 2121 debent

91 2159 195 2219 medici
209 2169 329 2236 egrotos
342 2176 458 2217 monere
472 2169 501 2216 et
513 2157 656 2228 inducere,
667 2157 834 2217 utmcdicos
848 2159 987 2218 advocent
1000 2156 1185 2220 animarum-¹

93 2257 304 2317 Constitutione
318 2258 435 2335 speciali
449 2257 478 2315 id
487 2258 576 2334 jussit
588 2258 658 2315 Pius
673 2258 722 2325 V.,
736 2268 834 2316 vetans
849 2277 884 2316 nc
898 2259 970 2317 ultra
980 2259 1092 2316 tertium
1106 2258 1184 2318 diem

90 2369 225 2434 agrotum
239 2358 396 2416 inviserent
407 2358 464 2416 nisi
478 2354 513 2413 de
532 2357 594 2433 ejus
615 2357 794 2415 consessione
816 2367 947 2416 constet:
969 2356 1019 2415 sed
1040 2357 1116 2434 apud
1128 2378 1182 2418 nos

91 2476 180 2529 quum
194 2457 342 2515 acatholici
362 2458 511 2524 nobiscum
525 2457 659 2531 permixti
678 2455 792 2532 degant,
806 2475 864 2515 nou
877 2466 921 2514 ost
932 2457 980 2514 lex
993 2456 1042 2514 illa
1054 2458 1181 2516 moribus

90 2565 214 2631 recepta.
256 2556 347 2632 Igitur
359 2557 426 2613 satis
440 2554 552 2613 videtur
561 2555 585 2612 ei
595 2553 722 2612 medicus
733 2554 886 2612 catholicus
896 2564 1035 2612 nostrates
1043 2555 1181 2625 invisens,

91 2674 141 2712 eos
155 2661 278 2721 moneat,
293 2656 371 2730 gravi
384 2663 501 2730 urgente
515 2653 653 2728 periculo,
668 2663 698 2708 ut
711 2653 917 2710 confessarium
931 2665 1083 2711 arcessant.

133 2757 200 2810 162.
223 2754 347 2811 Peccaut
355 2752 458 2810 medici
469 2752 619 2809 honoraria
632 2750 774 2826 exigendo
784 2753 891 2827 majora
901 2751 1062 2808 consuetis:
1085 2754 1195 2823 quam-⁸

90 2853 133 2908 vis
154 2863 246 2910 autem
260 2852 399 2928 accipiant
411 2852 518 2921 absque
531 2857 646 2924 peccato
657 2866 843 2922 quacumque
850 2850 936 2907 libere
950 2848 1059 2919 dantur,
1074 2869 1179 2922 neque·

90 2962 141 3008 unt
153 2952 268 3027 exigere
282 2949 442 3007 mercedem
456 2948 621 3023 ampliorem
635 2964 669 3002 ea
682 2965 767 3018 quam
780 2949 853 3024 legis
877 2946 987 3005 delectu
1005 2947 1181 3007 consuetudo

91 3050 194 3106 statuit.

132 3151 198 3204 163.
221 3147 293 3213 Qum
307 3145 342 3203 de
356 3144 474 3203 medicis
488 3144 623 3210 diximus,
637 3141 672 3200 de
693 3142 843 3220 chirurgis,
858 3143 1095 3220 pharmacopoeis,
1110 3145 1180 3203 den·

90 3247 159 3302 tium
173 3245 358 3311 curatoribus,
372 3254 401 3300 et
420 3244 528 3302 caeteris
549 3242 725 3320 hujusmodi,
740 3240 833 3299 debita
855 3243 1036 3317 proportione
1056 3253 1177 3310 servata,

89 3354 156 3400 sunt
169 3343 368 3420 intelligenda:
390 3361 490 3399 omnes
505 3342 614 3398 scilicet
626 3341 772 3398 scientiam
793 3340 896 3397 debent
909 3339 1012 3397 habere
1025 3359 1084 3398 suae
1098 3344 1177 3408 artis,

88 3452 116 3497 et
129 3442 304 3517 diligentiam
318 3439 450 3498 adbibere
470 3450 498 3497 et
516 3440 664 3506 cautelam,
678 3449 707 3496 ct
719 3437 850 3496 mercede
866 3440 945 3515 justa
963 3441 1178 3498 contentiosae.

87 3539 145 3605 Qui
159 3541 243 3615 igitur
256 3540 362 3612 aliquid
383 3537 548 3614 hujusmodi
569 3536 728 3614 aggreditur
749 3537 864 3613 ignarus
884 3546 912 3592 et
931 3537 1078 3612 imperitus
1092 3538 1179 3613 plane

87 3648 196 3713 peccat,
211 3648 240 3694 et
251 3637 286 3694 ad
299 3637 402 3695 damna
421 3634 576 3713 reparanda
595 3636 752 3712 obligatur:
774 3637 848 3692 sieut
860 3645 889 3691 et
908 3635 958 3706 qui
971 3636 1180 3695 medicamenta

88 3734 213 3793 venditat
227 3737 328 3808 quibus
343 3737 472 3792 virtutem
487 3753 619 3810 maguam
632 3734 703 3791 salso
718 3734 822 3791 tribuit.

130 3837 197 3890 164.
219 3834 264 3890 De
278 3834 399 3911 singulis
413 3833 562 3909 opificibus
583 3833 731 3908 speciatim
745 3831 884 3889 disserere
898 3849 956 3888 nou
970 3841 1059 3888 vacat.
1102 3831 1136 3890 ld
1148 3834 1180 3892 in

88 3933 252 3990 universum
266 3930 532 3999 animadvertemus,
547 3947 646 3987 omnes
656 3928 758 3986 debere
768 3930 906 4006 justitiam
917 3929 1020 3996 colere,
1035 3940 1064 3986 et
1076 3948 1180 4006 magno

86 4048 245 4106 precavere
259 4027 352 4086 studio
365 4045 401 4085 ne
414 4028 485 4085 lucri
498 4046 594 4086 amore
614 4027 720 4099 aliquid
740 4026 886 4084 admittant
904 4028 1001 4085 minus
1015 4027 1179 4087 honestum.

187 4221 227 4282 (l)
248 4217 310 4266 Vide
322 4215 461 4265 Blackston.
470 4231 526 4266 cum
538 4215 618 4265 adnot.
629 4216 643 4264 l.
655 4215 687 4265 iii
699 4232 725 4267 u.
738 4215 795 4264 ³⁷0.
808 4224 858 4266 not.
871 4220 912 4264 32.

188 4304 231 4365 (2)
250 4301 310 4363 Cap.
323 4300 389 4347 Cum
401 4297 548 4363 iufirmitas.
