2744 4980
191 396 229 449 48
465 384 522 447 DE
544 387 833 448 CONSOIENTIA
856 390 995 451 DUBIA.

193 566 259 613 sunt
272 552 404 610 habendi.
446 553 603 610 Praetieam
624 572 740 626 quoqne
760 556 958 614 certitudinem
972 557 1067 614 haberi
1082 576 1177 634 posse,
1193 557 1274 613 dubi·

192 655 295 712 tatione
309 651 483 728 speculativa
495 664 639 718 manente,
653 662 773 720 constat,
788 656 812 710 si
827 657 977 713 accesserit
994 658 1203 714 circumstantia
1217 674 1275 726 qua

190 752 337 812 dubitandi
356 751 427 809 ratio
448 748 583 808 tollatur.l
625 752 675 808 Sic
695 751 814 810 dubitari
835 765 928 829 potest
940 766 1034 812 utrum
1055 758 1084 812 in
1106 755 1151 811 die
1169 755 1275 831 jejunii

192 851 419 911 collatiuncnlam
433 869 517 907 mane
537 869 651 908 sumere
671 850 770 908 liceat:
798 853 848 909 sed
869 864 977 911 certum
997 865 1040 910 est
1059 854 1144 911 licere
1165 856 1189 909 si
1210 855 1275 923 quis

191 949 351 1009 valetudine
366 951 403 1006 sit
422 950 588 1025 impeditus,
603 949 649 1006 vel
669 961 792 1022 nequeat
810 953 947 1025 prandere
961 954 1016 1009 nisi
1031 954 1192 1027 vespertino
1206 964 1275 1008 tem·

191 1069 271 1128 pore,
292 1049 329 1107 ob
349 1048 475 1124 negotia,
497 1050 542 1106 vel
562 1047 797 1107 consuetudinem
819 1049 972 1107 inductam.
1014 1052 1167 1126 Principiis
1190 1053 1276 1107 etiam

189 1149 304 1208 reflexis
315 1148 376 1205 tolli
386 1165 472 1223 posse
484 1146 684 1205 dubitationem
704 1148 832 1223 plerique
844 1149 967 1223 theologi
978 1151 1167 1217 consentiunt,
1179 1168 1275 1220 quam·

190 1249 233 1308 vis
257 1267 320 1320 quae
341 1248 398 1304 sint
420 1245 603 1314 admittenda,
626 1248 654 1303 in
677 1250 898 1304 controversiam
920 1244 1049 1305 vocent²
1089 1249 1153 1306 Nos
1174 1249 1205 1303 S.
1227 1248 1275 1304 Al·

190 1347 295 1424 phonsi
308 1345 343 1402 de
357 1345 476 1421 Ligerio
490 1346 616 1420 vestigiis
630 1345 810 1402 inhaercmus

232 1451 278 1503 16.
301 1444 367 1502 Lex
376 1443 469 1502 dubio
481 1462 543 1501 uon
551 1449 651 1522 potest
665 1450 774 1501 certam
783 1462 891 1520 parcre
904 1441 1147 1520 obligatienctn.³
1179 1445 1276 1509 Quum

191 1548 239 1603 lex
252 1565 268 1600 a
281 1542 394 1618 ligando
408 1542 523 1609 dicatur,
538 1541 572 1598 de
592 1542 704 1599 vinculo
724 1554 834 1599 constet
853 1561 969 1599 necesse
987 1554 1038 1610 est,
1052 1555 1083 1601 ut
1096 1545 1159 1615 quis
1173 1544 1277 1616 obliga·

192 1644 267 1702 tione
282 1642 370 1698 teneri
387 1652 551 1698 censeatur:
573 1649 593 1676 “
603 1639 707 1698 Nullus
720 1641 822 1717 ligatur
834 1660 885 1716 per
897 1652 1071 1717 preceptum
1094 1641 1207 1714 aliquod
1222 1641 1277 1697 nisi

191 1740 333 1799 mediante
347 1740 463 1796 scicntia
476 1739 550 1796 illius
563 1732 745 1814 precepti.'’⁴
771 1739 813 1797 lta
826 1741 979 1815 Angelicus
993 1740 1109 1798 Doctor.
1131 1740 1277 1811 Equidem

192 1850 223 1897 ut
241 1839 289 1896 lex
310 1839 510 1905 conscientiam
530 1838 608 1913 liget,
631 1847 660 1894 ct
681 1837 835 1896 libertatem
862 1839 1016 1895 humanam
1042 1839 1129 1895 limite
1153 1838 1277 1909 quodam

193 1948 323 2004 coarctet,
338 1936 420 1994 debet
432 1939 622 1995 innotescere:
639 1955 701 2007 quae
716 1949 808 1994 autem
822 1936 906 1993 dubia
918 1936 1036 2003 videtur,
1052 1957 1108 1994 non
1118 1937 1276 1994 innotescit.

192 2024 282 2114 Igitur
295 2036 405 2107 quoties
418 2036 452 2093 de
473 2036 535 2112 lege
557 2055 614 2092 non
633 2036 810 2101 constetne]
831 2035 866 2092 de
886 2053 971 2093 onere
986 2036 1107 2107 quodam
1123 2036 1212 2109 alege
1226 2035 1278 2090 im·

191 2136 296 2214 posito,
310 2152 395 2193 nemo
410 2134 445 2192 ad
458 2153 530 2192 onus
543 2135 589 2191 vel
600 2134 693 2209 legem
708 2143 825 2191 tenetur.
868 2134 913 2191 De
927 2144 992 2190 voto
1000 2136 1103 2209 pariter
1115 2134 1277 2199 dicendum,

190 2255 258 2295 nam
271 2234 343 2312 legis
357 2235 508 2299 instarem,
523 2251 607 2304 qnam
621 2232 684 2304 quis
698 2233 751 2290 sibi
765 2233 895 2308 imponit.
938 2232 1026 2307 Igitur
1046 2235 1070 2289 si
1084 2235 1147 2304 quis
1160 2233 1275 2296 dubitet,

191 2345 284 2393 utrum
299 2346 363 2391 voto
374 2352 405 2390 se
417 2332 544 2408 ligaverit
557 2330 592 2388 ad
604 2331 708 2388 donum
723 2331 847 2389 dandum
862 2333 890 2388 in
904 2331 1030 2388 ecelesiae
1046 2332 1204 2396 aedilicium,
1220 2349 1278 2386 non

190 2442 300 2491 tenetur
322 2430 356 2487 ad
377 2431 446 2489 illud
467 2431 606 2487 dandum:
628 2430 653 2486 si
673 2439 769 2487 votum
793 2431 925 2487 castitatis
946 2449 977 2486 se
997 2432 1126 2487 emisisse
1147 2449 1278 2495 noscens

190 2532 296 2589 dubitet
320 2540 415 2587 utrum
440 2548 471 2585 se
504 2528 630 2586 ordinem
662 2529 825 2604 religiosum
859 2530 1050 2604 ingrcssumm
1083 2530 1198 2593 voverit,
1222 2548 1278 2584 non

189 2630 328 2687 tenebitur
357 2628 391 2685 ad
416 2627 621 2704 professionem
648 2627 817 2702 religiosam.
861 2629 909 2683 Sic
935 2639 963 2683 et
989 2629 1037 2700 qui
1057 2628 1164 2684 dubitat
1185 2640 1277 2682 utrum

190 2730 227 2785 sit
242 2728 345 2804 jejunii
370 2727 441 2793 dies,
468 2746 520 2784 nec
540 2737 633 2802 potest
651 2727 690 2782 rei
717 2727 912 2784 certitudinem
933 2725 1061 2801 adipisci,
1082 2726 1116 2782 ad
1135 2727 1278 2802 jejunium

191 2846 226 2884 eo
252 2826 297 2883 die
326 2846 383 2883 uon
410 2836 528 2883 tenetur.
570 2824 643 2883 llaec
665 2824 858 2901 intelliguntur
877 2836 942 2902 post
967 2827 1069 2882 seriam
1096 2826 1217 2881 veritatis
1238 2828 1279 2880 in·

189 2925 332 3001 daginem,
355 2926 465 2996 quotics
488 2924 573 2982 dubia
594 2925 641 2982 lex
664 2935 768 2991 manet,
792 2943 844 2980 ncc
864 2937 967 3000 praesto
990 2935 1033 2980 cst
1052 2925 1121 2980 ratio
1135 2943 1190 2994 qun
1204 2923 1278 2978 certe

188 3026 351 3081 innotescat.

233 3127 279 3181 17.
302 3121 456 3179 Contendit
476 3133 569 3179 tamen
594 3120 694 3179 Gerdil
712 3120 806 3196 legem
829 3120 941 3178 dubiam
961 3139 1059 3197 parcre
1079 3120 1279 3195 obligationem

192 3231 305 3288 certam,
320 3240 377 3277 non
390 3220 493 3277 directe
508 3221 535 3276 vi
552 3240 612 3289 sua,
627 3232 655 3278 et
667 3222 791 3297 propria,
806 3220 897 3277 sedni
913 3221 985 3296 legis
1005 3219 1143 3297 generalis
1163 3221 1280 3275 vetantis

193 3339 229 3377 ne
250 3321 313 3392 quis
333 3330 457 3396 exponat
476 3339 506 3377 se
528 3319 683 3376 discrimini
704 3313 844 3395 pcccati:⁵
864 3319 914 3375 scd
927 3339 997 3395 paee
1011 3320 1078 3376 tanti
1096 3320 1158 3385 tiri,
1173 3320 1219 3374 lex
1235 3319 1282 3373 illa

192 3419 331 3496 generalis
345 3418 379 3475 de
394 3428 508 3494 peccato
522 3429 598 3474 certo
618 3430 646 3476 et
665 3418 821 3495 explorato,
836 3419 954 3492 ejusque
975 3418 1100 3494 periculo
1114 3418 1225 3474 vitando
1240 3419 1280 3473 in-

192 3517 343 3594 telligenda
356 3529 408 3582 est,
423 3519 516 3593 potius
538 3536 622 3587 quum
638 3517 672 3573 de
686 3537 715 3574 re
731 3517 850 3582 vitanda,
865 3517 1035 3590 qum-sorsan
1049 3516 1105 3590 legi
1118 3515 1192 3571 lmud
1205 3514 1281 3571 cerui

192 3617 309 3695 cognitae
324 3615 494 3674 adversetur.
538 3616 643 3689 Utique
664 3629 771 3673 vetatur
792 3636 826 3672 ne
847 3617 911 3686 quis
931 3635 962 3672 se
982 3626 1085 3672 tcmcrc
1100 3615 1212 3689 objiciat
1225 3613 1280 3669 dis-

228 3829 270 3892 (1)
285 3825 348 3875 Vide
361 3823 445 3872 Gerdil
458 3824 488 3872 de
498 3825 592 3872 actibus
604 3823 720 3871 humanis
731 3838 771 3885 qu.
782 3824 807 3872 ii.
820 3839 870 3886 esp.
883 3824 898 3872 i.

225 3911 266 3975 (2)
287 3909 418 3959 Consentit
434 3908 552 3957 Jcrcmins
570 3907 676 3970 Teylor:
694 3905 845 3968 “Although
858 3907 898 3955 the
915 3908 1056 3957 conscience
1068 3909 1098 3955 be
1116 3908 1241 3956 uncertain
1254 3907 1278 3953 in

188 3996 231 4047 the
241 3996 316 4046 direct
327 3995 423 4059 nct,'yet
433 3995 453 4043 it
469 4010 525 4057 may
537 3995 567 4042 be
583 3993 682 4051 certem,
695 3992 766 4053 right,
779 3992 826 4041 end
839 3992 987 4042 determined
1002 3995 1026 4042 in
1039 3993 1079 4042 the
1091 3993 1164 4041 resser
1178 3991 1224 4039 und
1245 4007 1282 4038 se-

188 4079 339 4131 conuectos
347 4076 502 4143 judgment.”
515 4077 607 4127 Ductor
617 4077 681 4127 Dub.
690 4077 705 4125 l.
719 4076 740 4126 l.
752 4092 775 4126 c.
787 4079 811 4124 2.
823 4092 845 4140 p.
858 4078 897 4123 39.

222 4164 260 4224 (3)
277 4163 341 4213 Vide
352 4164 380 4211 S.
391 4163 555 4226 Alpheum,
565 4161 594 4210 1..
603 4162 619 4210 i.
628 4169 695 4212 treet.
706 4161 736 4210 de
748 4160 912 4210 Conscientia.

226 4250 268 4316 (4)
288 4249 379 4314 Opuse
393 4249 423 4297 de
436 4248 510 4296 Verit.
526 4264 567 4311 qu.
579 4249 637 4296 xvii.
647 4257 683 4297 art
694 4248 728 4296 iii.

227 4336 268 4400 (5)
288 4333 327 4384 De
345 4334 438 4383 actibus
448 4332 564 4383 humenis
575 4348 596 4382 e.
606 4348 627 4378 v.
640 4348 707 4397 prop.
719 4333 735 4381 i.
