2766 4996
328 407 386 467 os
408 406 595 469 sumnus
615 409 781 470 iesum
801 409 1004 497 nemone,
1026 416 1039 467 ·.
1130 440 1137 451 ·
1201 422 1220 476 r
1258 364 1297 483 ,Ῐ

130 593 198 652 erga
210 569 310 642 filios,¹
324 570 400 632 haud
414 573 536 648 cogitant
549 583 684 647 quantum
708 573 773 631 inde
793 574 898 635 doloris
919 540 1057 642 nascami,
1071 575 1140 635 dum
1152 576 1221 639 altr

44 717 54 726 .
130 674 167 732 de
181 673 293 731 alterius
307 673 410 730 affectu
424 669 538 739 dubitat,
550 673 595 730 vel
609 675 671 749 ejus
685 672 761 730 dolet
770 674 932 733 infortunio.
975 675 1122 733 Falluntur
1135 677 1220 738 etiam

132 774 232 846 quiin
253 772 415 830 facultatum
436 771 538 827 mentis
558 772 603 828 vel
629 773 732 831 virium
751 775 876 849 corporis
898 774 1033 832 exercitio
1048 775 1222 835 coustimunt
1298 816 1302 821 -

131 863 329 939 felicitatem?
348 869 479 943 quamvis
491 869 568 927 enim
583 869 648 927 inde
657 869 798 928 derivemr
806 871 942 930 nonnulla
950 872 1089 948 voluptas,
1098 872 1220 949 plerum·

131 989 189 1042 que
203 988 291 1046 parva
304 980 348 1028 est
361 979 390 1027 et
410 967 584 1026 admiscetur
604 969 792 1027 solicitudini.
835 969 1016 1047 Occupatum
1037 971 1103 1043 quis
1125 981 1222 1048 potest

132 1079 229 1127 tenere
244 1069 382 1136 animum,
398 1068 468 1138 quin
483 1067 521 1123 sit
540 1068 651 1137 beatus,
666 1068 708 1124 uti
732 1068 899 1139 quotidiano
920 1087 1016 1127 rerum
1039 1086 1095 1127 usu
1117 1069 1219 1142 liquet.

132 1167 180 1226 Ad
194 1169 320 1226 altiorem
332 1165 516 1224 beatitudinis
530 1166 640 1225 sontem
650 1166 854 1225 recurrendum
865 1176 909 1224 est
921 1186 929 1234 3
951 1178 980 1224 et
992 1167 1220 1244 agnoscendum,

133 1267 262 1323 animum
276 1275 405 1324 nostmm
419 1265 535 1322 nonnisi
556 1265 586 1322 in
607 1265 672 1323 Deo
694 1284 807 1323 summe
831 1266 947 1325 beatum
968 1285 1033 1324 esse
1056 1285 1154 1343 posse,
1170 1271 1221 1342 qui

134 1365 214 1423 solus
235 1367 333 1424 omnia
350 1373 449 1423 nostra
469 1362 611 1421 desideria
631 1364 706 1421 valet
728 1365 856 1440 explere,
872 1366 980 1440 quique
1003 1366 1132 1431 animum
1153 1367 1222 1426 facit

133 1460 361 1536 tranquillum'et
373 1465 499 1530 beatum,
515 1464 601 1521 etiam
623 1465 653 1521 in
674 1463 810 1532 haesita,
825 1464 1029 1541 componendo
1044 1474 1073 1522 et
1092 1466 1220 1542 regendo

134 1573 240 1632 motus,
254 1573 283 1622 et
296 1563 472 1623 voluntatem
486 1562 640 1620 humanam
653 1561 757 1621 divina
772 1563 801 1620 in
816 1564 902 1620 variis
916 1581 1012 1622 rerum
1028 1564 1139 1622 vicibus
1154 1566 1221 1625 sub-

129 1665 236 1740 jectam
252 1660 386 1730 tenendo,
401 1661 524 1734 ideoque
538 1661 643 1720 laetam.
685 1659 792 1719 Meritis
807 1663 989 1738 Augustinus
1003 1663 1061 1720 ait:
1086 1671 1105 1697 “
1116 1674 1150 1721 ut
1162 1666 1222 1723 vita

134 1763 228 1823 earnis
243 1763 339 1819 anima
353 1770 406 1828 est,
421 1761 461 1819 ita
473 1760 555 1817 beata
568 1762 625 1818 vita
640 1760 767 1818 hominis
782 1759 864 1818 Deus
878 1755 972 1819 est.”³
1014 1761 1154 1822 “Fecisti
1167 1781 1222 1823 uos

134 1860 171 1918 ad
185 1870 222 1928 te,
238 1870 266 1917 et
281 1861 439 1932 inquietum
453 1869 498 1917 est
510 1877 561 1917 cor
574 1868 716 1926 uostmm,
731 1857 823 1916 donec
838 1860 1000 1930 requiescat
1013 1860 1043 1914 in
1057 1853 1135 1915 te.”⁴

178 1961 206 2014 5.
229 1958 365 2023 Quamvis
379 1968 471 2016 autern
485 1958 514 2015 in
529 1957 594 2015 Deo
607 1954 760 2027 beatitudo,
775 1974 860 2028 quam
874 1955 1035 2014 necessario
1048 1958 1221 2032 expetimus,

135 2057 297 2133 reperiatur,
313 2055 389 2114 nulla
402 2069 496 2115 tamen
510 2065 615 2115 naturae
632 2055 799 2114 necessitate
822 2055 852 2113 in
872 2074 938 2113 eum
952 2055 1087 2125 serimur3
1109 2057 1160 2115 sed
1174 2075 1222 2117 vo·

133 2156 247 2213 luntatis
258 2154 395 2213 electione
405 2157 481 2213 varia
491 2155 688 2233 amplectimur
698 2153 823 2212 subsidia
833 2155 935 2227 quibus
950 2154 1047 2216 felices
1058 2155 1220 2216 evadamus.

134 2254 279 2327 Equidem
292 2255 317 2311 si
331 2254 412 2312 Deus
425 2253 498 2312 clare
512 2253 661 2321 videretur,
673 2253 714 2310 uti
728 2254 832 2311 sanetis
846 2254 875 2311 in
890 2253 963 2311 coelo
976 2271 1008 2309 se
1021 2251 1069 2310 dat
1081 2254 1147 2322 frui,
1160 2254 1222 2314 fieri

134 2371 194 2410 non
207 2363 304 2428 posset
316 2364 347 2411 ut
360 2371 426 2410 eum
442 2361 500 2410 toto
514 2352 664 2411 voluntatis
685 2351 787 2409 affectu
807 2350 883 2408 haud
897 2350 1148 2427 amplecteremur;
1172 2350 1223 2411 sed

136 2449 295 2509 “videmus
308 2470 384 2510 nunc
398 2469 449 2528 per
469 2451 627 2528 speculum,
643 2452 673 2510 in
694 2444 899 2529 anigmate;”⁵
919 2448 1041 2522 ideoque
1058 2470 1111 2528 pro
1124 2452 1222 2511 volun·

134 2551 199 2607 tatis
213 2550 334 2618 arbitrio,
350 2570 412 2623 quie
427 2551 556 2608 sensibus
570 2552 673 2608 nostris
687 2551 833 2626 subjacent
845 2549 929 2617 bona,
940 2566 991 2607 seu
1005 2567 1081 2619 vera,
1093 2569 1144 2609 seu
1158 2568 1222 2632 spe·

133 2650 207 2707 ciem
223 2650 442 2725 praeseferentia,
457 2650 663 2725 persequimur.

176 2752 204 2805 6.
226 2748 387 2817 Beatitudo,
402 2766 465 2820 quac
485 2749 571 2824 justis
593 2767 701 2807 merces
723 2757 832 2805 servata
851 2757 904 2815 est,
920 2747 949 2803 in
963 2745 1020 2805 Dei
1040 2748 1152 2806 visione
1166 2766 1222 2820 qna

135 2847 271 2914 fruentur,
296 2847 389 2923 posita
411 2859 464 2914 est,
480 2865 543 2919 qua
570 2864 620 2905 eos
647 2847 704 2923 ipsi
729 2846 837 2903 similes
862 2842 1073 2915 quodammodo
1096 2845 1219 2903 efficiet:

136 2944 284 3002 “Scimus
299 2946 432 3016 quoniam
446 2964 510 3003 cum
525 2946 694 3022 apparuerit,
707 2945 815 3003 similes
829 2945 855 3002 ei
869 2944 985 3013 erimus,
997 2944 1132 3015 quoniam
1146 2943 1221 3004 vide·

135 3045 229 3102 bimus
243 3062 309 3101 eum
325 3044 408 3101 sicuti
422 3035 514 3100 est.”⁶

175 3148 206 3201 7.
228 3143 336 3200 Praeter
355 3142 443 3201 finem
463 3143 594 3201 ultimum
609 3162 694 3216 quern
716 3142 804 3202 homo
824 3139 936 3220 agendo
955 3142 1065 3213 quaerit,
1080 3143 1153 3203 fines
1174 3142 1221 3201 alii

133 3252 203 3298 sunt
222 3242 271 3313 qui
291 3242 477 3318 propinquius
498 3243 680 3319 attinguntur,
700 3242 750 3298 sed
770 3241 870 3299 ultimo
893 3239 944 3297 fini
967 3241 1130 3299 inserviunt.
1174 3239 1223 3297 Sic

136 3341 313 3396 conservatio
326 3341 451 3398 sanitatis
465 3341 530 3398 finis
544 3349 587 3396 est
600 3342 636 3396 ob
651 3359 738 3410 quem
759 3340 822 3410 quis
843 3338 970 3393 animum
990 3357 1007 3392 a
1027 3337 1116 3394 nimio
1129 3336 1224 3394 studio

136 3437 341 3508 aliquantulum
363 3440 479 3498 relaxat.
523 3436 581 3494 Sed
602 3435 636 3493 ad
650 3437 768 3514 gloriam
788 3435 845 3494 Dei
869 3442 963 3511 potest
984 3434 1091 3504 referri,
1114 3435 1224 3509 siquis

135 3535 245 3594 scilieet
258 3537 352 3614 cupiat
365 3537 524 3596 valetudine
538 3536 593 3593 hui
607 3538 729 3605 robusta,
744 3547 776 3594 ut
789 3536 854 3595 Deo
868 3525 1045 3594 famuletru.⁷

173 3724 185 3788 (
190 3724 216 3789 1)
235 3722 320 3790 Palsy,
331 3726 411 3776 Moral
422 3720 583 3791 Philosophy.
595 3726 603 3775 l
623 3725 639 3774 i.
650 3740 670 3774 c.
682 3722 715 3772 vi.
896 3719 939 3785 (2)
959 3719 1059 3770 ibidem.

172 3806 215 3873 (³)
235 3807 266 3857 L.
276 3808 329 3859 xix.
340 3806 371 3858 de
382 3807 428 3857 civ.
440 3804 488 3857 Dei
498 3822 519 3856 e
530 3807 597 3856 xxvi.
898 3797 940 3861 (⁴)
960 3797 989 3851 Ia.
1001 3800 1017 3851 i.
1029 3800 1142 3852 Censen.
1153 3818 1175 3853 c.
1187 3803 1203 3852 i·

174 3893 214 3958 (5)
229 3894 240 3939 l
255 3891 313 3941 Cor.
324 3892 377 3942 xiii.
392 3895 430 3940 ta.
900 3884 942 3948 (6)
956 3882 1028 3934 Josn.
1039 3886 1075 3935 iii.
1085 3891 1109 3936 2.

172 3978 215 4043 (7)
229 3977 323 4028 “Bran
341 3977 373 4027 he
389 3984 456 4027 must
472 3975 534 4026 have
551 3990 626 4038 msny
643 3972 712 4032 ends,
728 3972 822 4022 besides
838 3965 1015 4036 tbssoemde'
1029 3971 1074 4017 but
1091 3967 1150 4017 then
1167 3967 1225 4033 they

135 4063 186 4113 will
197 4062 304 4113 conduct
314 4070 340 4112 to
351 4060 412 4120 that,
422 4062 452 4110 be
463 4059 625 4116 subordinate,
634 4057 682 4107 and
694 4058 720 4108 in
732 4073 800 4107 some
810 4073 865 4120 way
878 4072 905 4106 or
916 4056 985 4106 other
996 4054 1094 4120 capable
1111 4053 1140 4104 oi
1152 4054 1226 4118 being

138 4147 241 4198 referred
254 4156 279 4197 to
291 4145 367 4197 that.’'
402 4144 500 4210 Peley's
511 4145 590 4195 Morsl
602 4142 761 4208 Philosophy,
771 4143 787 4191 l.
802 4144 822 4190 1.
833 4140 912 4191 obvi.
