2766 4996
172 408 228 464 ros
252 388 320 511 ο
486 399 542 460 on
563 399 689 461 mssa
708 340 940 459 sonim.

171 569 240 630 undi
253 569 309 626 sibi
328 567 523 626 servantibus:
544 576 677 624 ostentm
697 584 795 623 curare
815 563 920 623 debent
940 574 972 622 ut
991 561 1145 634 aliquando
1164 565 1260 624 saltatu

172 688 236 728 eam
251 666 374 734 aud'nnt,
389 686 425 726 ue
438 684 539 725 sensus
553 667 665 740 pietatis
678 666 796 724 omnino
810 674 969 731 evanescat,
983 672 1012 719 et
1023 663 1049 720 si
1070 663 1174 722 Missas
1186 664 1259 723 audi·

171 767 251 828 ends
274 767 420 842 copiosis
442 766 557 842 penitus
583 764 747 841 denegetur,
770 765 981 841 quamprimum
1002 762 1091 821 alium
1113 762 1260 823 dominum

171 885 296 942 querere
310 870 429 942 oportet.
471 865 579 923 Matres
594 882 657 935 quar
670 864 813 941 parvulos,
834 864 896 921 sine
915 860 1054 940 periculo,
1067 861 1203 930 salvitas,
1216 862 1260 920 sel

171 985 296 1032 morum,
311 965 390 1024 domi
412 965 571 1037 relinquere
591 974 746 1035 nequeunt,
768 981 876 1035 eosque
896 962 933 1019 ad
955 961 1110 1021 ecclesian
1127 961 1260 1020 adductos
1302 944 1309 959 ⁹

172 1066 409 1141 perturbationem
424 1066 578 1122 astantibus
591 1064 713 1120 facturos
733 1063 842 1129 timent,
857 1073 1038 1126 excusantur,
1052 1061 1079 1117 si
1092 1060 1174 1119 domi
1186 1081 1260 1120 man·

172 1166 270 1222 serint.

217 1268 263 1321 18.
286 1262 390 1319 Gravis
409 1260 528 1319 aliomm
548 1260 671 1317 offensio
692 1277 728 1315 ex
752 1259 845 1317 Missa
867 1257 961 1316 audita
982 1259 1089 1315 oritura
1110 1268 1205 1333 potest
1217 1259 1262 1317 ali·

174 1361 287 1434 quando
300 1359 490 1417 excusationis
502 1359 598 1416 locum
611 1359 753 1414 obtinere:
778 1367 891 1434 prestat
910 1358 989 1416 enim
1007 1375 1081 1433 opus
1094 1357 1202 1416 bonum
1216 1359 1263 1416 ali·

175 1457 288 1530 quando
313 1456 452 1525 enitere,
478 1475 563 1529 quam
590 1455 662 1523 aliis,
689 1458 767 1532 gravi
793 1457 878 1514 etiam
904 1476 970 1515 eum
996 1456 1041 1512 sui
1066 1456 1262 1525 incommodo,

156 1557 299 1635 *babere
314 1554 449 1632 peccandi
462 1555 654 1614 occasionem.
696 1555 746 1613 Sic
759 1566 909 1614 excusatur
920 1573 1078 1627 aaronque
1096 1575 1134 1615 ex
1148 1576 1264 1615 accessu

174 1656 210 1715 ad
222 1656 372 1714 ecclesiam
386 1656 512 1732 zelotypi
526 1657 618 1714 mariti
632 1654 816 1712 vehementes
826 1657 1005 1731 suspiciones
1016 1655 1112 1713 timet:
1134 1667 1165 1713 et
1176 1656 1264 1714 lamu-

169 1755 228 1824 δε,
243 1757 293 1829 qui
307 1754 528 1831 indignationem
542 1755 658 1813 nimiam
672 1754 781 1813 domiui
794 1764 914 1823 veretur,
929 1753 1087 1831 presertim
1100 1756 1125 1814 si
1140 1757 1264 1813 ministo-

174 1857 248 1915 rium
262 1857 309 1914 cui
322 1855 400 1913 domi
413 1873 511 1912 vacare
524 1854 616 1921 debet,
630 1855 667 1911 sit
679 1853 888 1925 quodammodo
901 1854 1105 1911 necessarium.

217 1959 263 2013 19.
285 1954 357 2020 Qum
371 1952 501 2011 distantia
514 1955 548 2010 ab
560 1954 681 2010 ecclesia
693 1962 986 2028 excusetapraeoepto
1002 1953 1104 2011 Missae
1118 1952 1264 2011 audienda

174 2053 315 2110 servando
328 2061 404 2107 certa
416 2052 510 2123 aliqua
522 2069 622 2108 norma
641 2053 723 2109 statui
737 2069 794 2108 non
808 2061 910 2127 potest.
953 2051 1101 2118 Personas,
1116 2053 1263 2128 temporis,

174 2151 362 2223 locorumque
386 2147 517 2225 adjuncta
546 2158 613 2206 sunt
638 2149 814 2208 attendenda.
857 2149 1007 2218 Foramina,
1031 2151 1137 2222 aliique
1161 2152 1266 2208 valetu·

173 2250 248 2310 dinis
261 2249 449 2317 baudrinus,
463 2248 573 2307 facilius
586 2249 694 2306 ceteris
707 2258 895 2307 excusantur:
917 2250 967 2307 sed
978 2249 1107 2326 plerique
1117 2251 1168 2322 qui
1177 2252 1264 2308 tribus

171 2351 298 2409 millibus
312 2367 449 2426 passuum
462 2350 497 2407 ab
510 2348 643 2407 Ecclesia
655 2349 768 2416 distant,
782 2350 909 2406 excusati
923 2349 1071 2417 habentur,
1085 2350 1111 2406 si
1125 2349 1264 2426 iterpedi·

174 2448 227 2505 bus
241 2450 277 2504 sit
289 2446 461 2505 faciendum.
503 2448 561 2514 Qui
574 2466 649 2519 equo
662 2449 708 2506 vel
721 2467 804 2506 curru
818 2448 958 2506 vehuntur
967 2447 1167 2524 haudsemper
1180 2468 1266 2507 exou-

174 2557 270 2602 santur
279 2546 332 2602 etsi
342 2544 616 2603 decemmilliaribus
624 2545 746 2604 distent:
768 2549 904 2605 iterenim
914 2546 1078 2626 hujusmodi
1087 2549 1265 2624 negotiorum

173 2663 290 2703 suorum
303 2662 389 2701 causa
401 2642 527 2717 quotidie
536 2645 771 2704 sereconlioiunt:
793 2647 844 2703 sed
854 2648 1022 2724 plemmque
1032 2665 1084 2704 sex
1093 2657 1142 2704 aut
1154 2658 1265 2723 septem

173 2745 305 2803 milliaria
317 2745 492 2803 excusationi
500 2754 565 2803 sunt
578 2744 713 2811 leminis,
725 2747 830 2822 pueris,
844 2748 890 2805 vel
900 2748 964 2805 aliis
972 2747 1020 2819 qui
1032 2745 1155 2822 longiori
1169 2747 1265 2805 itineri

174 2864 232 2903 non
241 2854 432 2903 assueverunt.
475 2844 532 2910 Qui
541 2864 605 2902 rure
619 2843 726 2921 degunt
735 2861 763 2903 et
774 2845 926 2904 sacerdotis
936 2845 1117 2922 copiasemel
1127 2847 1266 2904 inmense

173 2942 309 3010 fruuntur,
325 2945 353 3001 in
367 2944 488 3002 eeclesia
501 2963 562 3015 quae
577 2945 612 3002 iis
627 2946 663 3002 sit
675 2946 763 3002 instar
776 2946 955 3022 parochialis,
965 2963 1022 3003 non
1033 2944 1165 3003 videntur
1176 2947 1265 3002 teneri

173 3040 209 3097 ad
223 3043 275 3098 iter
287 3040 342 3097 alio
356 3040 516 3099 faciendum
531 3044 559 3099 in
573 3042 672 3100 dicbus
686 3044 767 3102 festis
781 3044 826 3101 vel
845 3045 997 3103 dominicis
1009 3046 1040 3102 in
1054 3046 1159 3116 quibus
1175 3046 1263 3102 abest.

174 3140 284 3198 Omnes
299 3149 393 3198 autem
408 3140 457 3212 qui
471 3142 608 3198 remotius
623 3142 657 3198 ab
670 3143 797 3200 ecclesiis
811 3143 945 3211 habitant,
960 3144 1065 3202 debent
1077 3144 1180 3201 saltem
1193 3163 1264 3202 non·

172 3259 318 3314 nunquam
332 3241 361 3298 in
376 3258 460 3306 anno,
475 3239 520 3298 vel
534 3241 639 3316 saepius
654 3261 705 3318 per
720 3243 815 3310 vitam,
830 3244 981 3302 ecelesiam
994 3244 1118 3316 aliquam
1134 3243 1221 3311 adire,
1235 3253 1267 3300 ut

172 3342 312 3400 sacrificio
333 3340 428 3399 Deum
450 3341 561 3399 colant:
584 3351 613 3398 et
625 3343 737 3401 interim
751 3344 863 3418 pietatis
883 3344 1026 3401 exercitiis
1040 3344 1100 3401 suis
1113 3344 1144 3401 in
1157 3342 1265 3401 aedibus

171 3459 280 3498 vacare.
743 3513 746 3518 .

211 3542 260 3593 20.
282 3536 469 3595 Consuetudo
483 3538 584 3596 alicubi
597 3540 681 3596 habet
692 3553 723 3597 nt
735 3541 826 3599 vidum
841 3542 1014 3615 aliquamdiu
1028 3551 1156 3617 tempore
1170 3543 1264 3600 luctus

172 3652 223 3710 per
233 3642 295 3688 octo
304 3631 375 3699 dies,
384 3643 413 3690 et
422 3636 556 3692 mulieres
566 3649 633 3711 post
642 3650 751 3712 partum
761 3658 812 3714 per
821 3661 874 3699 sex
882 3640 1074 3700 hebdomadas
1082 3660 1141 3699 non
1149 3652 1263 3700 exeant.

171 3732 311 3800 Quamvis
326 3731 492 3789 damnandae
505 3751 563 3789 non
576 3737 633 3792 sint
652 3755 715 3806 quar
734 3757 797 3795 eam
817 3752 975 3812 sequnntur
993 3742 1042 3799 ubi
1062 3742 1148 3818 viget,
1163 3760 1265 3799 caven·

170 3835 237 3895 dum
252 3843 347 3890 umen
360 3851 396 3890 ne
410 3840 521 3906 tempus
535 3834 722 3908 protrahatur.
765 3837 872 3896 Puella·
893 3860 956 3912 quae
976 3841 1077 3898 rubore
1097 3858 1134 3898 ne
1154 3840 1264 3898 suffun-

169 3935 270 3993 dantur
283 3933 351 3992 dum
365 3930 601 4010 proclamationes
614 3935 785 3994 matrimonii
800 3937 829 3994 in
842 3940 963 3998 ecclesia
976 3940 1056 4006 liunt,
1063 3940 1112 3997 ubi
1123 3940 1172 3997 ille
1187 3940 1268 4017 viget

169 4054 243 4102 mos,
258 4036 368 4102 absunt,
383 4032 458 4091 haud
471 4032 553 4092 facile
567 4045 752 4093 excusantur:
775 4039 824 4094 vix
845 4040 922 4097 enim
942 4039 1027 4096 rubor
1046 4039 1094 4096 ille
1114 4040 1209 4116 gravis
1223 4040 1265 4096 in-

168 4134 311 4191 commodi
325 4152 430 4191 nomen
444 4144 576 4193 meretur.
620 4134 774 4212 Disputant
794 4136 921 4215 theologi
941 4147 1034 4195 uuum
1055 4139 1152 4215 puella
1163 4136 1266 4196 debeat

168 4230 297 4287 omittere
317 4231 447 4298 Sacrum,
461 4251 499 4293 uo
508 4218 618 4310 juveni,
633 4254 719 4308 aquo
733 4238 813 4294 novit
825 4255 856 4294 se
871 4237 978 4314 perdite
990 4248 1125 4305 amatum,
1139 4238 1265 4313 praebeat
