2766 4996
863 134 896 155 -o

834 160 877 212 i'
975 196 980 203 -

238 274 297 336 ns
318 273 583 336 sonuusmus
603 254 974 363 ostresmertrotts.
1052 232 1152 347 'aar

57 459 124 500 cum
139 442 242 520 majori
254 441 417 515 reipublice
431 441 532 505 civilis,
546 440 592 497 vel
604 439 764 500 christiano
777 442 914 518 pernicie.
955 434 1152 503 siccescens

58 558 179 615 pravum
193 538 316 616 prodens
336 541 473 607 animum,
487 537 533 595 vel
555 542 648 613 praed
660 540 808 615 principia,
827 541 921 599 statim
941 535 1170 619 denuntiandus.
1216 518 1220 525 Ι
1277 560 1283 571 ·

58 651 103 695 est
114 639 263 714 episcopo,
277 655 313 696 ne
327 657 392 695 cum
406 638 564 695 animarum
577 635 681 695 murno
690 655 802 695 sacrum
809 639 997 697 ministerium
1010 646 1150 701 exerceat,
1222 634 1228 647 '
1245 654 1249 663 ·

58 754 95 794 eo
109 737 296 813 perniciosius
311 755 368 808 quo
380 735 529 794 occultius.
572 735 659 801 Quod
672 738 697 794 si
716 754 801 813 grave
816 737 924 815 nonsit
936 736 1041 812 publici
1054 734 1166 794 damni·
1191 724 1199 739 ’
1259 762 1262 767 ·
1293 784 1304 819 ·.

58 834 221 903 discrimen,
236 834 408 911 disceptatur
419 845 513 892 utrum
527 845 660 910 peccetur
672 836 768 894 statim
787 833 945 893 accusando
958 852 1050 900 rcum,
1064 836 1152 893 omis·
1215 890 1227 904 „

57 953 91 991 sa
103 934 261 993 monitione
274 952 312 990 ex
325 953 381 1006 qua
398 943 526 1009 speretur
538 933 655 990 fructus.
698 933 878 1009 Negantibus
887 932 997 991 videtur
1003 931 1152 1008 suffragari
1180 990 1184 997 ,

60 1032 93 1088 S.
109 1032 259 1093 Thomasr
282 1032 473 1090 “Dicendum
487 1030 644 1090 secundum
664 1033 745 1101 alios,
760 1030 838 1105 quod
850 1033 880 1090 in
898 1030 1076 1090 accusatione
1094 1049 1152 1088 non

59 1131 152 1206 agitur
164 1131 199 1188 ad
211 1131 439 1190 emendationem
453 1132 606 1205 peccantis,
626 1131 678 1189 sed
697 1131 733 1189 ad
745 1133 852 1190 bonum
866 1144 1029 1196 commune,
1044 1128 1152 1187 scilicet

55 1229 196 1305 justitiam
208 1229 429 1288 conservandam
443 1247 495 1305 per
508 1230 686 1305 punitionem
697 1229 898 1303 delinquentis.
940 1228 982 1286 Et
994 1228 1058 1285 ideo
1071 1244 1152 1286 accu-

60 1329 133 1385 satio
146 1329 176 1386 in
195 1328 307 1405 judicio
326 1330 400 1386 bona
421 1329 594 1386 conscientia
616 1338 709 1404 potest
728 1330 800 1397 lieri,
822 1329 933 1388 etiamsi
952 1327 1071 1385 monitio
1092 1345 1151 1385 non
1243 1320 1254 1339 ⁸

61 1426 209 1501 precedat
261 1427 326 1485 Nec
347 1437 390 1484 est
409 1436 507 1485 contra
526 1437 700 1502 preceptum
722 1427 851 1493 Domini,
878 1425 955 1499 qnod
974 1426 1150 1502 urtelligitur,

61 1525 177 1597 quando
190 1527 281 1602 agitur
294 1525 328 1582 ad
341 1523 570 1582 emendationem
583 1518 774 1600 peccantis.”J
815 1523 960 1595 Equidem
970 1540 1006 1579 eo
1019 1523 1152 1598 Euange-

61 1623 95 1681 lii
107 1622 172 1683 loeo
186 1623 320 1683 Christus
334 1623 478 1681 Dominus
492 1623 635 1698 precipue
656 1623 781 1700 loquitur
800 1623 836 1680 de
850 1629 967 1698 peccato
989 1621 1020 1678 in
1038 1638 1092 1678 nos
1106 1621 1153 1678 ad·

61 1722 161 1790 misso,
175 1723 252 1795 quod
265 1724 299 1780 ad
313 1721 456 1798 publicum
471 1721 589 1779 tribunal
603 1739 661 1779 non
674 1730 718 1777 est
730 1720 926 1787 deferendum,
940 1718 996 1777 nisi
1010 1728 1074 1795 post
1084 1737 1152 1777 con·

61 1831 123 1878 atus
136 1821 172 1879 ed
191 1822 303 1880 fratrem
324 1820 507 1878 lucrandum:
528 1818 579 1876 sed
602 1819 637 1877 de
658 1821 782 1895 peccatis
805 1838 868 1892 que
891 1819 920 1876 in
942 1818 1152 1876 communitatis

62 1917 261 1979 detrimentum
274 1919 379 1978 cedunt
391 1919 459 1978 alias
482 1917 634 1977 dicendum
645 1937 653 1984 3
674 1937 751 1994 sepe
771 1919 849 1977 enim
865 1917 980 1994 plurimi
991 1917 1109 1975 interest
1122 1928 1153 1976 ut

60 2020 155 2077 statim
169 2019 379 2085 denuntientur,
393 2027 422 2076 et
433 2018 585 2094 puniantur
597 2017 632 2074 ad
649 2035 742 2075 mores
755 2015 921 2082 servandos,
935 2016 980 2074 vel
999 2015 1153 2074 emendan-

60 2116 125 2174 dos.
169 2120 239 2177 Non
252 2119 336 2192 igitur
354 2118 441 2174 nimis
461 2116 546 2174 anxie
560 2114 771 2188 inquirendum,
792 2125 886 2172 utrum
905 2115 1013 2188 privata
1032 2115 1152 2171 monitio

60 2216 99 2272 sit
112 2213 324 2290 praemittenda:
346 2232 422 2290 saepe
435 2215 511 2272 enim
525 2213 642 2290 prodest
660 2215 802 2273 accusatio
821 2212 942 2289 publicis
956 2212 1092 2277 moribus,
1107 2213 1153 2268 vel

62 2315 224 2372 innocentis
235 2313 327 2371 famae.

106 2416 172 2470 116.
194 2412 315 2480 Quando
325 2412 390 2484 quis
401 2411 500 2485 nequit
512 2413 629 2488 probare
639 2412 783 2479 delictum,
791 2408 940 2470 licetcertd
950 2408 1021 2468 illud
1031 2410 1151 2476 noverit,

62 2529 122 2571 nou
135 2520 244 2571 tenetur
256 2511 291 2568 ad
300 2511 370 2570 illud
382 2511 577 2579 deferendum,
591 2531 628 2570 ne
641 2513 703 2588 ipse
713 2512 855 2586 malignus
869 2510 1013 2567 videatur:
1035 2508 1088 2573 sed
1101 2509 1152 2565 im·

63 2611 189 2668 minente
203 2610 306 2667 damno
320 2610 443 2677 alterius,
458 2592 504 2666 vel
516 2609 691 2684 reipublice,
705 2608 789 2666 debet
802 2609 979 2678 aliquatenus
1000 2604 1070 2663 illud
1082 2603 1153 2663 iudi·
1249 2628 1255 2637 ·

62 2727 137 2775 care,
152 2720 183 2766 ut
195 2718 327 2766 caveatur
340 2707 509 2782 periculum.

438 2985 523 3061 §tlt
543 2985 592 3046 Ds
613 3003 767 3045 recursus.

106 3193 173 3249 117.
196 3189 300 3246 Testes
314 3185 371 3245 duo
391 3187 491 3244 saltem
511 3186 679 3262 plerumque
699 3184 880 3258 requiruntur
898 3190 930 3240 ut
949 3201 993 3240 res
1007 3181 1155 3258 injudicio

66 3288 182 3361 probata
193 3287 336 3344 habeatur.
378 3285 427 3342 Sic
440 3285 469 3342 in
482 3284 546 3359 lege
560 3284 648 3341 veteri
661 3283 696 3340 de
710 3302 796 3341 causa
808 3281 946 3338 criminali
960 3282 1155 3357 praescriptum

66 3395 127 3441 est:
150 3394 169 3420 “
182 3385 251 3444 Non
267 3385 351 3441 stabit
364 3385 442 3440 testis
456 3400 530 3440 unus
549 3392 647 3441 contra
666 3381 800 3453 aliquem,
815 3380 951 3459 quicquid
964 3378 1032 3437 illud
1047 3380 1157 3456 peccati

67 3492 96 3540 et
108 3482 241 3541 facinoris
255 3482 359 3540 fuerit:
381 3480 432 3538 sed
445 3482 475 3538 in
488 3499 536 3538 ore
549 3481 670 3538 duorum
683 3489 732 3537 aut
750 3479 835 3537 trium
848 3481 961 3538 testium
976 3480 1058 3537 stabit
1070 3497 1156 3537 omne

68 3574 235 3638 verbum.”²
275 3579 424 3638 Consonat
438 3580 486 3656 jus
506 3580 606 3650 civile:
630 3580 756 3638 “Unius
776 3580 927 3655 responsio
946 3580 1025 3636 testis
1039 3579 1156 3635 omnino

68 3697 125 3737 non
151 3670 328 3738 audiatur.’'³
367 3679 499 3737 Attamen
521 3678 556 3737 ad
579 3677 792 3756 impediendum
815 3677 1025 3749 matrimonium
1050 3671 1156 3729 sufficit

67 3796 141 3835 unus
154 3779 242 3844 testis,
257 3779 306 3851 qui
316 3778 437 3852 probatas
447 3776 514 3835 fidei
527 3774 589 3834 sit.⁴
629 3777 678 3833 Sic
688 3785 717 3834 et
725 3776 847 3832 leviores
858 3791 949 3847 ponne
960 3773 1153 3844 imponuntur,

67 3894 124 3935 uno
138 3886 208 3933 teste
230 3875 450 3952 suffragantem
473 3874 508 3932 iis
530 3875 687 3951 presertim
707 3873 794 3931 rebus
814 3871 844 3926 in
866 3870 968 3942 quibus
988 3867 1083 3944 plures
1106 3868 1155 3924 vix

104 4076 146 4141 (l)
166 4076 196 4126 ln
207 4076 238 4125 iv.
246 4075 300 4125 diet.
312 4091 336 4124 x.
348 4083 391 4126 nrt.
401 4074 432 4125 iii.
446 4090 487 4138 qn.
499 4074 555 4124 iad
568 4082 689 4137 questum·
875 4070 918 4133 (ll)
938 4067 1012 4118 Dent.
1021 4066 1071 4115 sir.
1084 4070 1121 4117 15.

104 4163 140 4220 (³)
160 4159 223 4211 cod.
235 4160 265 4209 tv.
278 4160 318 4209 20.
330 4161 354 4208 0.
722 4157 765 4222 (4)
783 4154 845 4220 Cap.
856 4168 913 4203 xxv.
923 4150 953 4203 dc
961 4148 1126 4219 sportulibus.
1141 4212 1143 4216 Ι
