2744 4980
187 409 247 464 2³4
419 400 477 459 DE
497 398 516 457 J
522 397 615 458 URIS
637 394 840 456 GENTIUM
862 392 1053 453 ORIGINE.

190 575 291 627 sumta
311 573 385 623 sunt.
427 565 499 622 Aliis
521 563 627 640 placuit
647 559 853 621 neceesarium
875 559 1002 636 gentium
1021 560 1070 635 jus
1093 557 1167 616 illud
1193 555 1293 614 dicere

191 664 267 740 quod
280 683 317 722 ex
330 664 393 740 lege
407 673 512 722 nature
527 663 604 738 genti
614 659 830 719 accommodata
842 668 918 716 recta
930 657 1081 726 derivatur,
1092 656 1164 715 adeo
1175 666 1208 714 ut
1220 672 1291 732 geu·

191 765 261 824 tium
282 766 354 822 inter
375 782 406 820 sc
426 763 630 820 commercium
651 778 686 816 eo
705 760 765 835 regi
783 775 899 835 prorsus
920 757 1029 815 debeat.
1072 756 1140 815 Huc
1164 755 1292 833 pertinet

191 862 270 937 quod
290 880 361 939 gens
384 863 462 938 genti
488 860 621 936 injuriam
644 877 701 916 non
723 858 843 923 inserat;
864 866 893 913 et
914 856 990 929 quod
1010 855 1082 914 fides
1107 855 1200 914 semel
1225 853 1294 911 data

193 972 290 1020 sancte
316 962 353 1019 sit
372 959 519 1017 servanda.
568 955 779 1016 Voluntarium
798 958 846 1033 jus
872 956 998 1031 gentium
1026 977 1043 1012 a
1068 955 1194 1012 Vattelio
1220 953 1293 1010 dici·

194 1069 239 1118 tur
253 1058 330 1134 quod
343 1078 380 1117 ex
400 1059 513 1116 arbitrio
536 1057 685 1134 cujuslibet
707 1057 798 1131 gentis
822 1053 928 1130 pendet
944 1064 977 1113 ut
996 1065 1132 1122 servetur,
1158 1053 1291 1126 quamvis

195 1156 658 1233 violarinequeat,illaesajustitia.
692 1154 852 1212 Hucresert
861 1154 998 1212 mercium
1008 1145 1292 1212 commutationem.¹

197 1258 292 1317 Nobis
314 1257 376 1315 heo
393 1258 468 1333 juris
491 1256 640 1314 voluntarii
660 1255 737 1314 notio
755 1272 812 1312 non
833 1251 944 1320 arridet,
965 1262 1063 1329 utpote
1084 1271 1147 1326 que
1169 1253 1294 1310 obscura

196 1366 224 1414 et
236 1355 446 1414 difficultatibus
461 1356 603 1431 implicata
616 1351 734 1411 videtur.
777 1353 877 1411 Placet
886 1351 980 1409 dicere
987 1355 1037 1429 jus
1046 1354 1175 1428 gentium
1189 1351 1293 1408 voluu-

196 1455 308 1521 terium,
323 1474 356 1512 ea
369 1455 509 1531 principia
522 1453 624 1531 agendi
638 1471 700 1526 que
714 1471 781 1529 erga
790 1470 822 1509 se
835 1451 959 1510 invicem
972 1462 1070 1529 gentes
1083 1452 1229 1527 pleraequc
1243 1467 1296 1506 ex·

196 1553 276 1611 culte
290 1564 445 1611 statuerunt
457 1553 605 1620 servanda,
619 1570 656 1609 ex
677 1551 814 1623 equitatis
835 1569 941 1608 sensu:
963 1551 1006 1610 sic
1020 1570 1083 1623 quae
1097 1550 1131 1607 ad
1152 1567 1297 1607 commer-

136 1690 140 1697 ·
198 1653 275 1710 cium
288 1652 408 1710 libemm
421 1652 497 1710 etad
511 1651 618 1728 legatos
632 1650 818 1726 excipiendos
832 1651 984 1727 pertinent,
998 1649 1032 1707 ad
1042 1652 1091 1727 jue
1103 1649 1297 1708 voluntarium

198 1750 368 1830 releruuun.
410 1751 459 1809 Ex
480 1752 607 1827 gentium
635 1751 848 1809 consuetudine
869 1750 1040 1826 colliguntur
1063 1745 1221 1827 plurimaz²
1242 1748 1299 1805 alia

200 1849 348 1928 expertis
357 1851 468 1926 scriptis
477 1844 662 1917 derivantur,³
676 1847 746 1905 adeo
759 1859 790 1907 ut
799 1849 905 1925 duplex
915 1849 1001 1907 veluti
1011 1867 1101 1925 genus
1110 1849 1187 1926 juris
1197 1847 1299 1905 volun·

200 1949 262 2006 terii
282 1948 349 2009 inde
374 1960 507 2023 exurgat:
542 1960 623 2024 pacta
644 1957 736 2005 autem
762 1948 930 2007 definierunt
951 1958 979 2005 et
1000 1948 1200 2025 explicuemnt
1221 1947 1299 2022 juris

202 2046 356 2105 necessarii
368 2056 399 2104 et
411 2047 561 2105 voluntarii
576 2048 634 2105 lere
648 2048 745 2105 omnia
758 2048 908 2125 principia,
923 2067 986 2120 quae
1000 2058 1083 2105 antea
1094 2066 1132 2104 ex
1141 2046 1300 2123 jurisperi-

204 2155 296 2204 torum
309 2146 420 2221 plecitis
433 2144 645 2221 colligebantur.

243 2249 272 2302 3.
293 2243 347 2302 Jus
361 2243 437 2318 quod
458 2241 556 2302 dicunt
575 2243 808 2303 internatiouale
830 2247 927 2304 omnia
947 2245 1153 2321 complectitur,
1176 2262 1241 2316 qum
1262 2263 1301 2301 ex

200 2343 266 2420 jure
287 2353 391 2402 naturae
405 2343 534 2418 gentibus
548 2344 743 2412 conveniente,
764 2345 810 2401 vel
830 2362 866 2402 ex
880 2346 1005 2420 gentium
1018 2343 1238 2410 consuetudine,
1254 2343 1302 2400 vel

205 2459 242 2499 ex
256 2443 345 2517 pactis
358 2441 529 2518 specialibus
543 2435 727 2500 derivantur.⁴
768 2444 916 2501 Universae
930 2462 1046 2520 prorsus
1061 2453 1160 2520 gentes
1170 2444 1239 2520 jure
1254 2442 1303 2500 ad·

205 2542 379 2616 stringuntur
404 2551 520 2607 nature,
549 2552 687 2612 quatenus
708 2540 871 2600 hominibus
897 2545 1072 2619 congregatis
1096 2544 1251 2601 convenit:
1275 2553 1304 2598 et

203 2639 314 2716 legibus
328 2639 383 2696 illis
397 2640 560 2697 commercii
582 2641 653 2726 inter
673 2659 714 2708 se,
734 2659 804 2713 quas
824 2652 924 2717 gentes
944 2643 1062 2700 exculte
1082 2643 1216 2700 diuturna
1229 2661 1302 2700 con·

241 2842 281 2905 (l)
299 2848 314 2872 ‘⁸
322 2841 377 2892 'rho
385 2839 446 2890 Low
458 2843 486 2891 ol
494 2841 616 2892 Netione”
626 2844 657 2907 by
670 2842 709 2892 De
720 2843 810 2903 Vettel,
818 2845 834 2894 1.
845 2844 861 2894 i.
871 2844 969 2895 Prelim.
982 2850 996 2906 ς
1009 2849 1051 2895 tl.
1086 2846 1180 2896 Auctor
1187 2845 1228 2896 hic
1235 2847 1303 2896 sums

207 2928 348 2986 celebretur,
359 2928 401 2978 scd
412 2928 546 2986 immeritc;
565 2946 622 2980 nem
641 2930 677 2981 uti
695 2932 864 2982 enimsdreru't
874 2932 996 2983 Kentiue:
1014 2934 1100 2984 “heis
1116 2949 1176 2997 very
1188 2935 1307 2983 deficient

207 3012 234 3062 in
245 3010 420 3076 philosophical
439 3014 567 3078 precision.
602 3015 650 3065 His
662 3016 739 3081 topice
756 3033 796 3067 ere
813 3017 912 3081 loossly,
924 3018 971 3067 end
984 3021 1051 3070 ollen
1062 3020 1184 3085 tedicusly
1196 3020 1246 3070 and
1259 3020 1305 3070 dis·

206 3094 284 3158 fusely
297 3095 428 3156 discussed,
437 3096 486 3146 und
498 3097 529 3147 he
542 3099 562 3147 ie
574 3108 617 3149 not
635 3100 782 3165 sufficiently
800 3103 931 3168 supported
949 3105 979 3168 by
992 3104 1034 3154 the
1045 3105 1166 3169 authority
1180 3106 1208 3155 ol
1221 3120 1306 3170 prece·

208 3179 286 3239 deun,
298 3179 379 3229 which
391 3182 522 3233 constitute
535 3184 575 3233 the
588 3185 731 3235 foundation
743 3187 771 3234 ol
785 3187 825 3236 the
843 3189 945 3252 positive
956 3189 1002 3239 law
1015 3191 1043 3239 ol
1056 3189 1178 3240 natione.”
1213 3190 1306 3240 Kent’s

206 3261 302 3313 Corum.
315 3264 400 3314 vote.
412 3283 437 3316 n.
450 3245 487 3315 lh.
523 3269 620 3319 Addam
632 3286 689 3320 eum
702 3271 898 3337 miscereeaque
906 3273 936 3323 ud
946 3273 1016 3324 civile
1028 3276 1136 3337 regimen
1143 3283 1168 3324 et
1179 3277 1305 3326 intumum

205 3349 313 3414 politium
324 3351 446 3415 pertinent
456 3368 514 3403 eum
526 3356 636 3416 gentium
647 3356 677 3406 de
688 3372 737 3420 quo
749 3357 799 3419 agit
806 3359 868 3422 jure.

245 3435 287 3499 (2)
307 3441 322 3466 ‘⁸
330 3435 428 3487 Certain
441 3441 548 3489 mexims
559 3441 606 3490 und
619 3450 728 3492 customs
739 3443 894 3494 consecrated
904 3445 937 3508 by
949 3444 1008 3506 long
1020 3461 1070 3504 use,
1082 3446 1130 3496 und
1143 3446 1261 3496 obserred
1273 3447 1306 3510 by

208 3519 307 3570 ustione
318 3522 427 3572 between
439 3524 499 3573 each
511 3525 581 3574 other
598 3542 625 3575 as
642 3544 656 3577 s
673 3528 732 3578 kind
750 3529 779 3578 ot*
791 3529 845 3588 lew,
863 3530 924 3579 form
936 3529 978 3579 the
988 3535 1131 3598 customary
1149 3530 1199 3582 low
1215 3530 1249 3599 os
1261 3546 1307 3581 no·

209 3602 299 3654 liom.’'
334 3604 373 3654 De
385 3606 475 3667 Vettel‚
488 3609 588 3668 ibidem,
602 3611 663 3668 §Qh

246 3688 288 3750 (3)
308 3693 322 3717 “
333 3686 389 3735 The
401 3690 492 3738 several
504 3703 678 3754 engagemente
690 3695 742 3746 into
753 3696 834 3748 which
846 3699 944 3749 notione
956 3715 1012 3763 mey
1025 3710 1100 3759 enter,
1110 3700 1216 3766 produce
1224 3718 1240 3750 a
1250 3718 1308 3752 new

210 3770 270 3821 kind
279 3770 307 3820 ol
315 3769 356 3820 the
368 3771 415 3820 lew
427 3773 455 3820 ol
463 3773 559 3822 natione
571 3776 647 3826 called
659 3781 889 3833 consenescentem
900 3783 1058 3852 oftreutiee.'‘
1093 3785 1193 3845 Ibidem,
1206 3803 1230 3836 n.
1242 3788 1286 3837 24.

245 3854 287 3919 (4)
307 3853 385 3904 “The
398 3856 444 3904 law
455 3857 483 3904 of
491 3858 588 3906 notione
600 3859 621 3908 is
633 3877 646 3909 s
658 3863 770 3927 complex
783 3875 883 3929 system,
894 3869 1023 3934 composed
1042 3869 1071 3919 of
1085 3871 1183 3920 serioue
1201 3871 1310 3934 ingredi·

209 3946 270 3988 eutr.
304 3939 327 3988 lt
337 3941 440 3990 consiste
452 3942 584 4004 bigenem!
595 3945 724 4011 principles
736 3949 767 3998 ol'
771 3950 836 4012 right
847 3954 895 4003 end
901 3954 998 4018 justice,
1006 3956 1104 4020 equally
1113 3957 1217 4007 suiuble
1228 3966 1254 4007 to
1268 3959 1311 4009 the

211 4033 370 4084 gorerumcnt
382 4027 411 4074 ol
419 4025 564 4078 individuale
577 4029 603 4078 in
615 4047 629 4078 u
640 4039 701 4081 stete
713 4034 741 4081 oi
749 4037 845 4085 natural
855 4040 970 4103 equality,
983 4041 1031 4090 snd
1044 4048 1069 4090 to
1087 4041 1128 4090 the
1146 4042 1247 4093 reletion
1259 4043 1312 4094 snd

209 4105 315 4157 conduct
326 4108 355 4156 of
362 4110 475 4170 ustious;
491 4112 518 4161 oi
524 4129 539 4162 e
549 4111 678 4164 collection
690 4115 717 4164 oi
726 4131 813 4179 useges
826 4119 874 4169 end
886 4129 1005 4183 customs,
1016 4123 1057 4174 the
1075 4125 1170 4187 growth
1188 4127 1218 4176 oi
1232 4127 1314 4178 civili·

209 4190 289 4242 sstion
300 4192 351 4242 end
362 4198 507 4329 comm'
517 4199 564 4248 eud
579 4198 608 4248 of
620 4215 635 4248 e
647 4199 707 4251 code
718 4202 747 4251 oi
760 4204 933 4258 conventiouel
948 4222 975 4258 or
991 4209 1094 4273 positive
1113 4208 1187 4262 lssr.''
1221 4212 1315 4264 Kent's

211 4276 306 4327 Comm.
318 4277 375 4326 Vol.
387 4279 403 4326 i.
413 4279 467 4329 lect.
489 4317 495 4330 .
