2744 4980
403 404 460 466 DE
482 400 612 465 HERIS
631 406 690 467 ET
709 347 941 468 lllANCIPllS.
1158 414 1217 468 373
1262 354 1266 359 Ι

128 578 313 638 excusantur,
328 579 467 642 quatenus
480 570 609 646 graviora
621 569 747 628 timenda
758 580 826 628 sunt
837 570 912 629 mals
924 571 949 629 si
962 581 1129 647 repugnent.
1169 571 1220 631 Sic

127 667 303 737 incendium,
318 669 363 726 vel
376 686 518 727 venenum
532 667 683 741 aliquando
696 671 818 737 timetur,
827 670 853 727 si
861 687 960 728 servus
974 668 1088 728 aliunde
1100 671 1219 730 veniens

128 769 164 828 ad
177 767 333 827 sitiendam
353 768 484 828 urcillam
505 768 535 826 vi
555 767 724 844 repellatur:
746 777 776 827 et
795 768 878 828 soetus
899 768 929 826 in
941 777 1021 827 utero
1033 770 1181 836 extinctio,
1195 771 1220 829 si

127 867 225 944 puella
239 866 314 925 mals
333 865 541 927 consuetudine
562 867 667 926 irretita
688 869 848 945 castigetur.
890 867 1022 934 Quodsi
1044 869 1109 941 quis
1128 867 1220 927 faveat

127 966 232 1044 puellae
246 966 358 1025 delictis
377 967 414 1025 ob
433 965 584 1026 utilitatem
604 966 685 1043 prole
704 967 759 1026 sibi
779 965 972 1034 adventuram,
983 966 1029 1026 vel
1041 977 1141 1026 renuat
1153 985 1220 1028 eon·

128 1067 234 1124 sentire
248 1066 311 1142 ejus
324 1066 504 1125 matrimonio
518 1068 624 1139 absque
638 1067 717 1143 gravi
729 1085 825 1135 causa,
840 1067 949 1143 peccati
962 1065 1122 1144 arguendus
1135 1078 1188 1125 est.

168 1168 219 1222 99.
241 1167 324 1224 Servi
344 1165 449 1225 debent
462 1164 585 1225 dominis
608 1163 733 1234 obedire,
746 1167 786 1225 ita
807 1167 884 1224 enirn
906 1166 1033 1242 precipit
1045 1166 1218 1243 Apostolus:

130 1263 244 1322 “Servi
257 1264 370 1324 obedite
384 1265 509 1323 dominis
522 1264 681 1324 carnalibus
702 1285 767 1324 cum
781 1266 881 1324 timore
904 1275 933 1322 et
953 1273 1084 1333 tremore,
1099 1266 1129 1324 in
1151 1266 1220 1326 sim·

129 1362 254 1439 plicitate
267 1363 361 1423 cerdis
372 1365 467 1431 vestri,
476 1365 551 1423 sicut
562 1363 680 1423 Christe
688 1356 709 1422 τ’
717 1383 776 1424 uon
788 1364 824 1423 ad
836 1362 950 1422 oculum
958 1364 1125 1432 servientes,
1139 1365 1220 1437 quasi

129 1461 294 1523 hominibus
309 1463 463 1539 placentes,
477 1463 529 1521 sed
541 1473 573 1522 ut
591 1464 666 1522 servi
680 1462 800 1531 Christi,
814 1463 950 1522 saciemes
971 1462 1143 1522 voluntatem
1163 1461 1222 1522 Dei

128 1580 167 1618 ex
180 1564 286 1629 animo,
300 1581 365 1621 cunr
379 1564 454 1621 bons
472 1564 618 1622 voluntate
637 1564 805 1630 uenientes,
818 1563 893 1620 sicut
904 1562 1042 1629 Domino,
1057 1573 1085 1619 et
1097 1581 1155 1621 non
1167 1560 1219 1621 hu·

126 1662 272 1720 minibus:
292 1663 416 1721 scientes
426 1663 778 1736 qnoniamnnusqnisque,
786 1660 985 1735 quodcumque
993 1662 1092 1720 fecerit
1101 1662 1219 1728 bonum,
1301 1692 1303 1701 ·

129 1757 186 1817 hec
206 1761 325 1836 recipiet
345 1782 361 1819 a
380 1760 519 1831 Domino,
540 1762 600 1818 sive
620 1780 730 1829 servus,
751 1764 813 1820 sive
833 1755 954 1819 liber.”¹
993 1760 1084 1838 Igitur
1104 1759 1221 1818 obedire

131 1870 244 1934 oportet
258 1857 367 1918 Christi
380 1879 474 1930 causa,
489 1871 519 1919 et
531 1860 657 1920 divinam
671 1861 785 1919 adorare
794 1859 999 1918 ordinationem
1010 1861 1039 1918 in
1046 1877 1140 1917 rerum
1153 1878 1220 1917 con·

130 1955 249 2028 ditione,
273 1978 330 2031 qua
352 1960 416 2032 quis
436 1959 517 2018 alteri
536 1961 693 2037 subjicitur,
713 1960 820 2018 celesti
835 1958 966 2017 mercede
980 1959 1068 2016 servis
1091 1956 1220 2015 fidelibus

130 2068 161 2112 et
181 2058 236 2133 piis
256 2061 413 2134 proposita.
457 2059 534 2116 Alias
557 2059 625 2117 dicit
645 2058 817 2136 Apostolus:
847 2059 1058 2130 “Quicumque
1080 2066 1146 2114 sunt
1168 2056 1220 2112 sub

125 2156 197 2233 jugo
211 2158 297 2224 servi,
311 2157 445 2216 dominos
458 2176 527 2216 suos
539 2159 620 2216 omni
632 2158 741 2217 honore
761 2156 862 2235 dignos
876 2158 1051 2224 arbitrentur,
1065 2172 1101 2213 ne
1115 2172 1220 2214 nomen

128 2252 260 2324 Domini,
286 2265 314 2312 et
334 2255 462 2315 doctrina
475 2256 696 2333 blasphemetur.
739 2256 796 2323 Qui
820 2265 913 2314 autern
926 2254 1025 2313 fideles
1045 2254 1147 2311 habent
1170 2252 1220 2311 do·

130 2355 236 2422 minos,
250 2373 307 2413 non
321 2365 506 2414 contemnunt
527 2357 593 2428 quia
613 2357 711 2414 fratres
731 2366 814 2414 suut:
837 2355 887 2413 sed
902 2354 993 2431 magis
1006 2353 1139 2419 serviant,
1153 2354 1221 2425 quia

131 2451 230 2510 fideles
244 2464 351 2512 suntet
365 2453 470 2523 dilecti,
485 2455 535 2527 qui
553 2456 684 2514 beneficii
704 2456 855 2532 participes
875 2447 990 2512 sunt.”²
1030 2452 1119 2529 Igitur
1130 2450 1221 2510 hono·

128 2551 209 2610 randi
223 2564 287 2611 sunt
311 2553 383 2623 heri,
406 2572 460 2611 nec
479 2554 624 2630 religionis
644 2555 740 2631 specie
760 2553 873 2610 servitia
892 2549 1080 2610 subtrahenda
1092 2561 1169 2618 sunt,
1185 2568 1222 2611 ne

128 2652 275 2710 societatis
289 2652 388 2710 ordine
401 2652 515 2720 violato,
536 2653 697 2712 infidelibus
718 2654 755 2710 sit
774 2654 886 2711 occasio
900 2650 1008 2708 Christi
1031 2650 1141 2708 nomini
1154 2668 1220 2708 con·

130 2750 281 2809 tumeliose
294 2751 469 2808 detrahendi.
512 2752 561 2809 Ex
575 2752 726 2810 dilectione
734 2771 790 2824 qua
799 2769 898 2809 omnes
910 2748 1066 2807 Christiani
1077 2760 1219 2819 tamquam

127 2850 227 2908 iratres
240 2851 461 2928 conjunguntur,
475 2853 636 2925 necessaria
649 2851 745 2910 officia
757 2849 907 2909 famulatus
927 2856 993 2905 sunt
1006 2846 1175 2923 peragenda,
1191 2858 1221 2903 ut

129 2950 167 3006 ita
181 2949 247 3008 Deo
262 2951 318 3008 sint
331 2952 463 3027 gratiora.
505 2949 585 3009 ldem
609 2952 736 3028 precipit
757 2950 869 3017 Petrus,
893 2948 942 3022 qui
963 2965 1016 3005 nec
1030 2946 1090 3003 vult
1108 2945 1222 3002 servitia

129 3045 266 3126 denegari
280 3050 416 3125 pessimis
427 3049 551 3108 dominis
559 3051 709 3108 crudeliter
722 3068 819 3107 servos
833 3047 1015 3106 tractantibus
1030 3046 1143 3102 “Servi
1157 3044 1222 3102 sub-

130 3145 182 3205 diti
202 3158 292 3206 estote
306 3151 336 3207 in
357 3150 437 3207 omni
451 3151 550 3207 timore
569 3150 705 3217 dominis,
719 3167 777 3206 non
800 3158 905 3205 tannim
919 3147 1003 3204 bonis
1023 3154 1053 3202 et
1073 3143 1220 3210 modestis,

130 3246 180 3303 sed
194 3249 279 3305 etiam
294 3247 433 3325 dyscolis.
476 3247 549 3307 Huc
563 3262 607 3306 est
625 3250 702 3306 enirn
723 3248 820 3323 gratia,
834 3248 859 3303 si
880 3256 995 3322 propter
1008 3242 1063 3301 Dei
1076 3243 1222 3300 conscien-

133 3347 201 3403 tiam
215 3348 335 3405 sustinet
356 3347 420 3419 quis
443 3348 576 3415 tristitias,
598 3349 708 3425 patiens
726 3339 877 3421 injuste.”³
917 3346 964 3409 At,
982 3341 1221 3425 animadvemm

130 3444 243 3513 Lessio,
270 3448 330 3505 “in
354 3448 412 3504 vita
424 3448 615 3520 membrisque
639 3445 751 3505 tuendis
772 3457 799 3502 et
821 3441 1023 3502 conservandis
1044 3459 1143 3499 servus
1164 3457 1223 3498 nou

127 3545 226 3602 subest
238 3545 365 3614 domino,
381 3545 432 3602 sed
445 3554 488 3602 est
500 3547 545 3604 sui
557 3540 676 3623 juris.''⁴

175 3648 242 3701 100.
264 3645 390 3703 Peccant
408 3645 482 3701 servi
506 3665 579 3721 opus
598 3646 651 3703 sibi
674 3646 832 3721 injunctum
852 3639 1032 3719 negligendo,
1055 3638 1100 3696 vel
1126 3656 1222 3697 curam

132 3762 226 3800 rerum
241 3745 295 3802 sibi
309 3744 547 3810 commissarum
568 3763 625 3802 non
639 3754 733 3802 tamen
749 3742 853 3800 violant
861 3742 1011 3819 justitiam,
1026 3737 1076 3796 sed
1089 3736 1222 3796 obedien·

131 3844 197 3899 tiam
208 3842 476 3902 dominodebitam:
500 3852 519 3877 ‘⁶
530 3861 588 3901 non
602 3845 679 3901 enim
693 3844 818 3900 actiones
833 3842 906 3898 servi
920 3850 985 3897 sunt
994 3837 1093 3894 debite
1106 3834 1223 3893 domino

126 3941 190 4019 lege
210 3943 342 4018 justitie,
363 3943 438 4000 sicut
460 3943 638 4008 mercenarii,
663 3943 711 4013 qui
733 3942 856 4016 pretium
881 3957 933 4016 pro
954 3936 1010 3994 illis
1024 3935 1145 4012 accipit:
1167 3951 1221 3990 nec

126 4042 236 4118 cogitur
262 4042 293 4100 iu
310 4043 381 4101 lero
405 4042 587 4100 conscientie
599 4057 811 4130 compensare,
832 4038 885 4095 etsi
906 4034 1095 4114 negligentius
1113 4033 1221 4092 labora·

293 4232 333 4288 (ll
353 4229 420 4295 Eph.
432 4229 464 4280 vi.
477 4231 502 4277 5.
671 4227 713 4291 (2)
733 4223 822 4274 1't'im.
834 4223 865 4272 ri.
880 4226 901 4271 l.

297 4317 337 4379 (3)
357 4319 368 4365 l
384 4315 437 4366 Pet.
448 4315 474 4365 ii·
490 4313 528 4364 te.
675 4313 718 4377 (4)
737 4308 776 4360 De
786 4308 892 4367 lustitia,
903 4324 924 4359 c.
936 4306 1019 4358 ldub.
1034 4311 1053 4355 1.

166 4412 242 4472 Vos.
264 4412 371 4471 1.-33
