<?xml version="1.0" encoding="UTF-8"?>
<!DOCTYPE html PUBLIC "-//W3C//DTD XHTML 1.0 Transitional//EN"
    "http://www.w3.org/TR/xhtml1/DTD/xhtml1-transitional.dtd">
<html xmlns="http://www.w3.org/1999/xhtml" xml:lang="en" lang="en">
 <head>
  <title>
</title>
<meta http-equiv="Content-Type" content="text/html;charset=utf-8" />
  <meta name='ocr-system' content='tesseract 3.04.00' />
  <meta name='ocr-capabilities' content='ocr_page ocr_carea ocr_par ocr_line ocrx_word'/>
</head>
<body>
  <div class='ocr_page' id='page_1' title='image "./theologiaemoral00kenrgoog_0335.png"; bbox 0 0 2744 4980; ppageno 0'>
   <div class='ocr_carea' id='block_1_1' title="bbox 167 406 1020 476">
    <p class='ocr_par' dir='ltr' id='par_1_1' title="bbox 167 406 1020 476">
     <span class='ocr_line' id='line_1_1' title="bbox 167 406 1020 476; baseline -0.011 0"><span class='ocrx_word' id='word_1_1' title='bbox 167 420 226 476; x_wconf 78' lang='lat'>³14</span> <span class='ocrx_word' id='word_1_2' title='bbox 418 408 475 467; x_wconf 88' lang='lat' dir='ltr'>DE</span> <span class='ocrx_word' id='word_1_3' title='bbox 496 407 708 470; x_wconf 73' lang='lat' dir='ltr'>Puccsuts</span> <span class='ocrx_word' id='word_1_4' title='bbox 729 406 1020 471; x_wconf 77' lang='lat' dir='ltr'>CAPITALIBUS.</span> 
     </span>
    </p>
   </div>
   <div class='ocr_carea' id='block_1_2' title="bbox 169 572 1243 1047">
    <p class='ocr_par' dir='ltr' id='par_1_2' title="bbox 169 572 1243 1047">
     <span class='ocr_line' id='line_1_2' title="bbox 169 572 1243 649; baseline -0.007 -10"><span class='ocrx_word' id='word_1_5' title='bbox 169 579 308 638; x_wconf 83' lang='lat' dir='ltr'>“Sedulo</span> <span class='ocrx_word' id='word_1_6' title='bbox 322 585 415 632; x_wconf 89' lang='lat' dir='ltr'>autem</span> <span class='ocrx_word' id='word_1_7' title='bbox 428 573 476 631; x_wconf 90' lang='lat' dir='ltr'>hic</span> <span class='ocrx_word' id='word_1_8' title='bbox 489 572 656 642; x_wconf 84' lang='lat' dir='ltr'>notandum,</span> <span class='ocrx_word' id='word_1_9' title='bbox 670 574 748 647; x_wconf 88' lang='lat' dir='ltr'>quod</span> <span class='ocrx_word' id='word_1_10' title='bbox 769 576 794 633; x_wconf 93' lang='lat' dir='ltr'>si</span> <span class='ocrx_word' id='word_1_11' title='bbox 814 575 878 648; x_wconf 88' lang='lat' dir='ltr'>quis</span> <span class='ocrx_word' id='word_1_12' title='bbox 901 574 990 632; x_wconf 89' lang='lat' dir='ltr'>sumit</span> <span class='ocrx_word' id='word_1_13' title='bbox 1008 582 1113 631; x_wconf 88' lang='lat' dir='ltr'>tantam</span> <span class='ocrx_word' id='word_1_14' title='bbox 1136 572 1188 630; x_wconf 79' lang='lat' dir='ltr'>vini</span> <span class='ocrx_word' id='word_1_15' title='bbox 1208 592 1243 649; x_wconf 81' lang='lat' dir='ltr'>po</span> 
     </span>
     <span class='ocr_line' id='line_1_3' title="bbox 171 670 1242 749; baseline -0.007 -11"><span class='ocrx_word' id='word_1_16' title='bbox 171 683 286 744; x_wconf 85' lang='lat' dir='ltr'>tionem,</span> <span class='ocrx_word' id='word_1_17' title='bbox 301 692 365 748; x_wconf 81' lang='lat' dir='ltr'>quae</span> <span class='ocrx_word' id='word_1_18' title='bbox 379 681 510 748; x_wconf 74' lang='lat' dir='ltr'>serapte,</span> <span class='ocrx_word' id='word_1_19' title='bbox 524 673 565 730; x_wconf 92' lang='lat' dir='ltr'>uti</span> <span class='ocrx_word' id='word_1_20' title='bbox 580 673 643 749; x_wconf 90' lang='lat' dir='ltr'>jam</span> <span class='ocrx_word' id='word_1_21' title='bbox 665 672 795 742; x_wconf 78' lang='lat' dir='ltr'>advertit,</span> <span class='ocrx_word' id='word_1_22' title='bbox 808 671 845 732; x_wconf 87' lang='lat' dir='ltr'>ad</span> <span class='ocrx_word' id='word_1_23' title='bbox 865 671 1074 739; x_wconf 86' lang='lat' dir='ltr'>inebriandum,</span> <span class='ocrx_word' id='word_1_24' title='bbox 1089 670 1242 731; x_wconf 87' lang='lat' dir='ltr'>nullomodo</span> 
     </span>
     <span class='ocr_line' id='line_1_4' title="bbox 169 770 1242 845; baseline -0.006 -9"><span class='ocrx_word' id='word_1_25' title='bbox 169 788 348 836; x_wconf 85' lang='lat' dir='ltr'>excusatura</span> <span class='ocrx_word' id='word_1_26' title='bbox 362 771 482 836; x_wconf 78' lang='lat' dir='ltr'>mortali,</span> <span class='ocrx_word' id='word_1_27' title='bbox 497 771 637 842; x_wconf 74' lang='lat' dir='ltr'>qumvis,</span> <span class='ocrx_word' id='word_1_28' title='bbox 655 783 804 845; x_wconf 88' lang='lat' dir='ltr'>antequam</span> <span class='ocrx_word' id='word_1_29' title='bbox 823 773 954 830; x_wconf 78' lang='lat' dir='ltr'>sensibus</span> <span class='ocrx_word' id='word_1_30' title='bbox 975 770 1151 837; x_wconf 79' lang='lat' dir='ltr'>destituatur,</span> <span class='ocrx_word' id='word_1_31' title='bbox 1163 789 1242 833; x_wconf 86' lang='lat' dir='ltr'>somno</span> 
     </span>
     <span class='ocr_line' id='line_1_5' title="bbox 170 867 1242 948; baseline -0.009 -8"><span class='ocrx_word' id='word_1_32' title='bbox 170 895 201 934; x_wconf 82' lang='lat' dir='ltr'>se</span> <span class='ocrx_word' id='word_1_33' title='bbox 215 874 381 939; x_wconf 62' lang='lat' dir='ltr'>committat,</span> <span class='ocrx_word' id='word_1_34' title='bbox 396 889 453 943; x_wconf 76' lang='lat' dir='ltr'>(tuo</span> <span class='ocrx_word' id='word_1_35' title='bbox 467 871 528 927; x_wconf 91' lang='lat' dir='ltr'>vini</span> <span class='ocrx_word' id='word_1_36' title='bbox 540 867 674 931; x_wconf 84' lang='lat' dir='ltr'>effectum</span> <span class='ocrx_word' id='word_1_37' title='bbox 698 871 831 948; x_wconf 85' lang='lat' dir='ltr'>effugiat:</span> <span class='ocrx_word' id='word_1_38' title='bbox 854 871 923 943; x_wconf 89' lang='lat' dir='ltr'>quia</span> <span class='ocrx_word' id='word_1_39' title='bbox 941 870 1021 945; x_wconf 88' lang='lat' dir='ltr'>potio</span> <span class='ocrx_word' id='word_1_40' title='bbox 1041 869 1091 927; x_wconf 86' lang='lat' dir='ltr'>illa</span> <span class='ocrx_word' id='word_1_41' title='bbox 1105 869 1164 945; x_wconf 90' lang='lat' dir='ltr'>jam</span> <span class='ocrx_word' id='word_1_42' title='bbox 1183 868 1242 930; x_wconf 84' lang='lat' dir='ltr'>dese</span> 
     </span>
     <span class='ocr_line' id='line_1_6' title="bbox 170 966 1241 1047; baseline -0.006 -14"><span class='ocrx_word' id='word_1_43' title='bbox 170 987 213 1033; x_wconf 88' lang='lat' dir='ltr'>est</span> <span class='ocrx_word' id='word_1_44' title='bbox 231 973 384 1032; x_wconf 84' lang='lat' dir='ltr'>intrinsece</span> <span class='ocrx_word' id='word_1_45' title='bbox 398 968 482 1036; x_wconf 85' lang='lat' dir='ltr'>mala,</span> <span class='ocrx_word' id='word_1_46' title='bbox 497 986 562 1026; x_wconf 87' lang='lat' dir='ltr'>cum</span> <span class='ocrx_word' id='word_1_47' title='bbox 576 967 612 1025; x_wconf 90' lang='lat' dir='ltr'>de</span> <span class='ocrx_word' id='word_1_48' title='bbox 631 989 663 1028; x_wconf 90' lang='lat' dir='ltr'>se</span> <span class='ocrx_word' id='word_1_49' title='bbox 677 980 742 1046; x_wconf 86' lang='lat' dir='ltr'>apta</span> <span class='ocrx_word' id='word_1_50' title='bbox 750 971 811 1047; x_wconf 86' lang='lat' dir='ltr'>jam</span> <span class='ocrx_word' id='word_1_51' title='bbox 828 971 866 1028; x_wconf 90' lang='lat' dir='ltr'>sit</span> <span class='ocrx_word' id='word_1_52' title='bbox 885 967 920 1026; x_wconf 87' lang='lat' dir='ltr'>ad</span> <span class='ocrx_word' id='word_1_53' title='bbox 934 967 1105 1045; x_wconf 83' lang='lat' dir='ltr'>privandum</span> <span class='ocrx_word' id='word_1_54' title='bbox 1123 966 1241 1028; x_wconf 86' lang='lat' dir='ltr'>hominen</span> 
     </span>
    </p>
   </div>
   <div class='ocr_carea' id='block_1_3' title="bbox 120 1068 1261 2920">
    <p class='ocr_par' dir='ltr' id='par_1_3' title="bbox 171 1068 1243 1249">
     <span class='ocr_line' id='line_1_7' title="bbox 171 1068 1243 1143; baseline -0.006 -11"><span class='ocrx_word' id='word_1_55' title='bbox 171 1093 224 1132; x_wconf 89' lang='lat' dir='ltr'>usu</span> <span class='ocrx_word' id='word_1_56' title='bbox 238 1071 366 1136; x_wconf 82' lang='lat' dir='ltr'>rationis,</span> <span class='ocrx_word' id='word_1_57' title='bbox 381 1078 409 1126; x_wconf 88' lang='lat' dir='ltr'>et</span> <span class='ocrx_word' id='word_1_58' title='bbox 421 1087 474 1143; x_wconf 90' lang='lat' dir='ltr'>per</span> <span class='ocrx_word' id='word_1_59' title='bbox 487 1068 619 1126; x_wconf 83' lang='lat' dir='ltr'>accidens</span> <span class='ocrx_word' id='word_1_60' title='bbox 641 1088 673 1127; x_wconf 86' lang='lat' dir='ltr'>se</span> <span class='ocrx_word' id='word_1_61' title='bbox 694 1068 803 1136; x_wconf 80' lang='lat' dir='ltr'>habeat,</span> <span class='ocrx_word' id='word_1_62' title='bbox 817 1068 895 1141; x_wconf 88' lang='lat' dir='ltr'>quod</span> <span class='ocrx_word' id='word_1_63' title='bbox 915 1069 979 1143; x_wconf 89' lang='lat' dir='ltr'>ipse</span> <span class='ocrx_word' id='word_1_64' title='bbox 1000 1085 1053 1143; x_wconf 88' lang='lat' dir='ltr'>per</span> <span class='ocrx_word' id='word_1_65' title='bbox 1066 1084 1201 1133; x_wconf 81' lang='lat' dir='ltr'>somnum,</span> <span class='ocrx_word' id='word_1_66' title='bbox 1211 1069 1243 1126; x_wconf 84' lang='lat' dir='ltr'>ret</span> 
     </span>
     <span class='ocr_line' id='line_1_8' title="bbox 171 1161 1100 1249; baseline -0.008 -21"><span class='ocrx_word' id='word_1_67' title='bbox 171 1190 222 1249; x_wconf 91' lang='lat' dir='ltr'>per</span> <span class='ocrx_word' id='word_1_68' title='bbox 234 1170 447 1230; x_wconf 80' lang='lat' dir='ltr'>inebriationem</span> <span class='ocrx_word' id='word_1_69' title='bbox 461 1168 592 1224; x_wconf 87' lang='lat' dir='ltr'>sensibus</span> <span class='ocrx_word' id='word_1_70' title='bbox 605 1161 778 1242; x_wconf 82' lang='lat' dir='ltr'>privetur.&#39;’¹</span> <span class='ocrx_word' id='word_1_71' title='bbox 818 1167 861 1225; x_wconf 85' lang='lat' dir='ltr'>lta</span> <span class='ocrx_word' id='word_1_72' title='bbox 874 1166 906 1224; x_wconf 79' lang='lat' dir='ltr'>S.</span> <span class='ocrx_word' id='word_1_73' title='bbox 920 1165 1100 1242; x_wconf 79' lang='lat' dir='ltr'>Alphonsus.</span> 
     </span>
    </p>

    <p class='ocr_par' dir='ltr' id='par_1_4' title="bbox 170 1262 1243 1525">
     <span class='ocr_line' id='line_1_9' title="bbox 210 1262 1243 1337; baseline -0.007 -9"><span class='ocrx_word' id='word_1_74' title='bbox 210 1275 260 1328; x_wconf 79' lang='lat'>80.</span> <span class='ocrx_word' id='word_1_75' title='bbox 281 1268 419 1326; x_wconf 84' lang='lat' dir='ltr'>Perfectae</span> <span class='ocrx_word' id='word_1_76' title='bbox 429 1265 572 1324; x_wconf 80' lang='lat' dir='ltr'>ebrietatis</span> <span class='ocrx_word' id='word_1_77' title='bbox 581 1265 684 1325; x_wconf 88' lang='lat' dir='ltr'>indicia</span> <span class='ocrx_word' id='word_1_78' title='bbox 697 1276 772 1333; x_wconf 90' lang='lat' dir='ltr'>sunt,</span> <span class='ocrx_word' id='word_1_79' title='bbox 787 1265 864 1337; x_wconf 90' lang='lat' dir='ltr'>quod</span> <span class='ocrx_word' id='word_1_80' title='bbox 877 1266 940 1337; x_wconf 89' lang='lat' dir='ltr'>quis</span> <span class='ocrx_word' id='word_1_81' title='bbox 954 1264 1068 1322; x_wconf 89' lang='lat' dir='ltr'>sobrius</span> <span class='ocrx_word' id='word_1_82' title='bbox 1081 1262 1154 1320; x_wconf 91' lang='lat' dir='ltr'>haud</span> <span class='ocrx_word' id='word_1_83' title='bbox 1167 1266 1243 1322; x_wconf 86' lang='lat' dir='ltr'>meni·</span> 
     </span>
     <span class='ocr_line' id='line_1_10' title="bbox 171 1363 1243 1441; baseline -0.006 -15"><span class='ocrx_word' id='word_1_84' title='bbox 171 1369 243 1426; x_wconf 88' lang='lat' dir='ltr'>uerit</span> <span class='ocrx_word' id='word_1_85' title='bbox 255 1386 353 1425; x_wconf 89' lang='lat' dir='ltr'>eorum</span> <span class='ocrx_word' id='word_1_86' title='bbox 369 1384 432 1438; x_wconf 84' lang='lat' dir='ltr'>que</span> <span class='ocrx_word' id='word_1_87' title='bbox 445 1365 539 1423; x_wconf 90' lang='lat' dir='ltr'>ebrius</span> <span class='ocrx_word' id='word_1_88' title='bbox 553 1364 620 1441; x_wconf 85' lang='lat' dir='ltr'>egit,</span> <span class='ocrx_word' id='word_1_89' title='bbox 634 1376 663 1422; x_wconf 91' lang='lat' dir='ltr'>et</span> <span class='ocrx_word' id='word_1_90' title='bbox 675 1364 753 1439; x_wconf 88' lang='lat' dir='ltr'>quod</span> <span class='ocrx_word' id='word_1_91' title='bbox 766 1364 847 1441; x_wconf 87' lang='lat' dir='ltr'>plura</span> <span class='ocrx_word' id='word_1_92' title='bbox 859 1373 955 1423; x_wconf 88' lang='lat' dir='ltr'>ooutra</span> <span class='ocrx_word' id='word_1_93' title='bbox 975 1380 1086 1421; x_wconf 91' lang='lat' dir='ltr'>morem</span> <span class='ocrx_word' id='word_1_94' title='bbox 1100 1363 1191 1438; x_wconf 81' lang='lat' dir='ltr'>egerit,</span> <span class='ocrx_word' id='word_1_95' title='bbox 1202 1365 1243 1421; x_wconf 81' lang='lat' dir='ltr'>vio</span> 
     </span>
     <span class='ocr_line' id='line_1_11' title="bbox 170 1466 884 1525; baseline -0.018 0"><span class='ocrx_word' id='word_1_96' title='bbox 170 1468 245 1525; x_wconf 89' lang='lat' dir='ltr'>lenta</span> <span class='ocrx_word' id='word_1_97' title='bbox 258 1476 287 1523; x_wconf 93' lang='lat' dir='ltr'>et</span> <span class='ocrx_word' id='word_1_98' title='bbox 298 1466 403 1524; x_wconf 89' lang='lat' dir='ltr'>illicita.</span> <span class='ocrx_word' id='word_1_99' title='bbox 882 1521 884 1525; x_wconf 65' lang='lat'>,</span> 
     </span>
    </p>

    <p class='ocr_par' dir='ltr' id='par_1_5' title="bbox 120 1559 1261 2826">
     <span class='ocr_line' id='line_1_12' title="bbox 209 1559 1245 1640; baseline -0.005 -18"><span class='ocrx_word' id='word_1_100' title='bbox 209 1570 259 1622; x_wconf 87' lang='lat'>81.</span> <span class='ocrx_word' id='word_1_101' title='bbox 282 1565 353 1630; x_wconf 83' lang='lat' dir='ltr'>Quae</span> <span class='ocrx_word' id='word_1_102' title='bbox 374 1562 439 1635; x_wconf 87' lang='lat' dir='ltr'>quis</span> <span class='ocrx_word' id='word_1_103' title='bbox 462 1562 556 1620; x_wconf 90' lang='lat' dir='ltr'>ebrius</span> <span class='ocrx_word' id='word_1_104' title='bbox 578 1563 677 1620; x_wconf 79' lang='lat' dir='ltr'>feeerit</span> <span class='ocrx_word' id='word_1_105' title='bbox 695 1565 722 1621; x_wconf 90' lang='lat' dir='ltr'>ei</span> <span class='ocrx_word' id='word_1_106' title='bbox 747 1564 929 1639; x_wconf 89' lang='lat' dir='ltr'>imputantur,</span> <span class='ocrx_word' id='word_1_107' title='bbox 951 1564 977 1622; x_wconf 88' lang='lat' dir='ltr'>si</span> <span class='ocrx_word' id='word_1_108' title='bbox 998 1559 1159 1640; x_wconf 74' lang='lat' dir='ltr'>prevident</span> <span class='ocrx_word' id='word_1_109' title='bbox 1177 1579 1204 1617; x_wconf 84' lang='lat' dir='ltr'>ae</span> <span class='ocrx_word' id='word_1_110' title='bbox 1219 1562 1245 1618; x_wconf 85' lang='lat' dir='ltr'>its</span> 
     </span>
     <span class='ocr_line' id='line_1_13' title="bbox 172 1659 1248 1739; baseline -0.005 -18"><span class='ocrx_word' id='word_1_111' title='bbox 172 1665 321 1729; x_wconf 86' lang='lat' dir='ltr'>sactorum,</span> <span class='ocrx_word' id='word_1_112' title='bbox 336 1673 365 1718; x_wconf 91' lang='lat' dir='ltr'>et</span> <span class='ocrx_word' id='word_1_113' title='bbox 377 1660 563 1719; x_wconf 89' lang='lat' dir='ltr'>nihilominus</span> <span class='ocrx_word' id='word_1_114' title='bbox 586 1663 616 1719; x_wconf 91' lang='lat' dir='ltr'>in</span> <span class='ocrx_word' id='word_1_115' title='bbox 639 1662 797 1738; x_wconf 89' lang='lat' dir='ltr'>periculum</span> <span class='ocrx_word' id='word_1_116' title='bbox 810 1680 841 1720; x_wconf 86' lang='lat' dir='ltr'>se</span> <span class='ocrx_word' id='word_1_117' title='bbox 855 1662 1019 1739; x_wconf 86' lang='lat' dir='ltr'>conjecerit.</span> <span class='ocrx_word' id='word_1_118' title='bbox 1062 1660 1135 1726; x_wconf 75' lang='lat' dir='ltr'>Ques</span> <span class='ocrx_word' id='word_1_119' title='bbox 1147 1659 1248 1731; x_wconf 78' lang='lat' dir='ltr'>loquitu·</span> 
     </span>
     <span class='ocr_line' id='line_1_14' title="bbox 175 1758 1246 1839; baseline -0.006 -19"><span class='ocrx_word' id='word_1_120' title='bbox 175 1763 263 1839; x_wconf 91' lang='lat' dir='ltr'>impia</span> <span class='ocrx_word' id='word_1_121' title='bbox 276 1773 304 1820; x_wconf 91' lang='lat' dir='ltr'>et</span> <span class='ocrx_word' id='word_1_122' title='bbox 316 1760 447 1827; x_wconf 82' lang='lat' dir='ltr'>nefande,</span> <span class='ocrx_word' id='word_1_123' title='bbox 462 1761 522 1835; x_wconf 90' lang='lat' dir='ltr'>pari</span> <span class='ocrx_word' id='word_1_124' title='bbox 535 1762 641 1818; x_wconf 90' lang='lat' dir='ltr'>ratione</span> <span class='ocrx_word' id='word_1_125' title='bbox 662 1760 841 1838; x_wconf 84' lang='lat' dir='ltr'>dijudicanda</span> <span class='ocrx_word' id='word_1_126' title='bbox 849 1760 988 1827; x_wconf 84' lang='lat' dir='ltr'>videntur,</span> <span class='ocrx_word' id='word_1_127' title='bbox 1009 1758 1140 1833; x_wconf 86' lang='lat' dir='ltr'>quamvis</span> <span class='ocrx_word' id='word_1_128' title='bbox 1153 1759 1203 1816; x_wconf 89' lang='lat' dir='ltr'>sint</span> <span class='ocrx_word' id='word_1_129' title='bbox 1212 1759 1246 1830; x_wconf 85' lang='lat' dir='ltr'>qui</span> 
     </span>
     <span class='ocr_line' id='line_1_15' title="bbox 174 1857 1248 1937; baseline -0.004 -20"><span class='ocrx_word' id='word_1_130' title='bbox 174 1879 260 1919; x_wconf 85' lang='lat' dir='ltr'>voces</span> <span class='ocrx_word' id='word_1_131' title='bbox 274 1862 308 1918; x_wconf 93' lang='lat' dir='ltr'>ab</span> <span class='ocrx_word' id='word_1_132' title='bbox 321 1860 400 1917; x_wconf 90' lang='lat' dir='ltr'>ebrio</span> <span class='ocrx_word' id='word_1_133' title='bbox 413 1858 534 1936; x_wconf 83' lang='lat' dir='ltr'>prolatae</span> <span class='ocrx_word' id='word_1_134' title='bbox 549 1857 645 1918; x_wconf 91' lang='lat' dir='ltr'>dicunt</span> <span class='ocrx_word' id='word_1_135' title='bbox 657 1861 685 1917; x_wconf 85' lang='lat' dir='ltr'>vi</span> <span class='ocrx_word' id='word_1_136' title='bbox 706 1878 809 1926; x_wconf 84' lang='lat' dir='ltr'>carere,</span> <span class='ocrx_word' id='word_1_137' title='bbox 829 1870 858 1917; x_wconf 89' lang='lat' dir='ltr'>et</span> <span class='ocrx_word' id='word_1_138' title='bbox 879 1860 1099 1937; x_wconf 83' lang='lat' dir='ltr'>significatione,</span> <span class='ocrx_word' id='word_1_139' title='bbox 1114 1875 1195 1929; x_wconf 89' lang='lat' dir='ltr'>quum</span> <span class='ocrx_word' id='word_1_140' title='bbox 1207 1875 1248 1915; x_wconf 88' lang='lat' dir='ltr'>nou</span> 
     </span>
     <span class='ocr_line' id='line_1_16' title="bbox 175 1947 1249 2035; baseline -0.005 -18"><span class='ocrx_word' id='word_1_141' title='bbox 175 1962 212 2017; x_wconf 90' lang='lat' dir='ltr'>sit</span> <span class='ocrx_word' id='word_1_142' title='bbox 224 1961 269 2017; x_wconf 90' lang='lat' dir='ltr'>sui</span> <span class='ocrx_word' id='word_1_143' title='bbox 282 1976 413 2035; x_wconf 88' lang='lat' dir='ltr'>compos.</span> <span class='ocrx_word' id='word_1_144' title='bbox 435 1958 467 2014; x_wconf 83' lang='lat' dir='ltr'>S.</span> <span class='ocrx_word' id='word_1_145' title='bbox 479 1956 645 2033; x_wconf 75' lang='lat' dir='ltr'>Alphonsus</span> <span class='ocrx_word' id='word_1_146' title='bbox 660 1968 753 2016; x_wconf 87' lang='lat' dir='ltr'>tamen</span> <span class='ocrx_word' id='word_1_147' title='bbox 766 1977 814 2016; x_wconf 84' lang='lat' dir='ltr'>ees</span> <span class='ocrx_word' id='word_1_148' title='bbox 828 1960 858 2016; x_wconf 92' lang='lat' dir='ltr'>in</span> <span class='ocrx_word' id='word_1_149' title='bbox 870 1978 956 2017; x_wconf 84' lang='lat' dir='ltr'>causa</span> <span class='ocrx_word' id='word_1_150' title='bbox 968 1958 1105 2035; x_wconf 88' lang='lat' dir='ltr'>imputari</span> <span class='ocrx_word' id='word_1_151' title='bbox 1117 1947 1249 2032; x_wconf 86' lang='lat' dir='ltr'>opinatm.¹</span> 
     </span>
     <span class='ocr_line' id='line_1_17' title="bbox 141 2056 1252 2128; baseline -0.009 -8"><span class='ocrx_word' id='word_1_152' title='bbox 141 2115 143 2120; x_wconf 91' lang='lat'><em>.</em></span> <span class='ocrx_word' id='word_1_153' title='bbox 175 2059 207 2114; x_wconf 88' lang='lat' dir='ltr'>S.</span> <span class='ocrx_word' id='word_1_154' title='bbox 222 2057 353 2115; x_wconf 85' lang='lat' dir='ltr'>Thomas</span> <span class='ocrx_word' id='word_1_155' title='bbox 367 2056 402 2115; x_wconf 90' lang='lat' dir='ltr'>de</span> <span class='ocrx_word' id='word_1_156' title='bbox 417 2057 528 2128; x_wconf 76' lang='lat' dir='ltr'>iisque</span> <span class='ocrx_word' id='word_1_157' title='bbox 543 2056 614 2113; x_wconf 89' lang='lat' dir='ltr'>fiunt</span> <span class='ocrx_word' id='word_1_158' title='bbox 626 2059 656 2116; x_wconf 90' lang='lat' dir='ltr'>iu</span> <span class='ocrx_word' id='word_1_159' title='bbox 679 2058 810 2115; x_wconf 90' lang='lat' dir='ltr'>ebrietate</span> <span class='ocrx_word' id='word_1_160' title='bbox 833 2058 989 2115; x_wconf 86' lang='lat' dir='ltr'>voluntaria</span> <span class='ocrx_word' id='word_1_161' title='bbox 1001 2057 1089 2116; x_wconf 85' lang='lat' dir='ltr'>dicit:</span> <span class='ocrx_word' id='word_1_162' title='bbox 1111 2064 1131 2090; x_wconf 81' lang='lat'>‘⁸</span> <span class='ocrx_word' id='word_1_163' title='bbox 1140 2057 1164 2112; x_wconf 86' lang='lat' dir='ltr'>si</span> <span class='ocrx_word' id='word_1_164' title='bbox 1177 2065 1252 2112; x_wconf 77' lang='lat' dir='ltr'>auom</span> 
     </span>
     <span class='ocr_line' id='line_1_18' title="bbox 141 2137 1255 2233; baseline -0.006 -19"><span class='ocrx_word' id='word_1_165' title='bbox 141 2137 144 2144; x_wconf 34' lang='lat'><strong>⁴</strong></span> <span class='ocrx_word' id='word_1_166' title='bbox 174 2166 252 2214; x_wconf 88' lang='lat' dir='ltr'>actus</span> <span class='ocrx_word' id='word_1_167' title='bbox 266 2154 429 2233; x_wconf 74' lang='lat' dir='ltr'>precedens</span> <span class='ocrx_word' id='word_1_168' title='bbox 444 2155 498 2213; x_wconf 87' lang='lat' dir='ltr'>suit</span> <span class='ocrx_word' id='word_1_169' title='bbox 510 2154 671 2231; x_wconf 85' lang='lat' dir='ltr'>culpabilis,</span> <span class='ocrx_word' id='word_1_170' title='bbox 686 2157 729 2214; x_wconf 91' lang='lat' dir='ltr'>sic</span> <span class='ocrx_word' id='word_1_171' title='bbox 742 2175 798 2214; x_wconf 92' lang='lat' dir='ltr'>non</span> <span class='ocrx_word' id='word_1_172' title='bbox 820 2157 940 2215; x_wconf 84' lang='lat' dir='ltr'>totaliter</span> <span class='ocrx_word' id='word_1_173' title='bbox 959 2157 1063 2229; x_wconf 88' lang='lat' dir='ltr'>aliquis</span> <span class='ocrx_word' id='word_1_174' title='bbox 1086 2164 1255 2213; x_wconf 81' lang='lat' dir='ltr'>excusatura</span> 
     </span>
     <span class='ocr_line' id='line_1_19' title="bbox 176 2253 1256 2333; baseline -0.005 -19"><span class='ocrx_word' id='word_1_175' title='bbox 176 2266 292 2333; x_wconf 85' lang='lat' dir='ltr'>peccato</span> <span class='ocrx_word' id='word_1_176' title='bbox 315 2255 456 2327; x_wconf 84' lang='lat' dir='ltr'>sequenti,</span> <span class='ocrx_word' id='word_1_177' title='bbox 479 2253 558 2326; x_wconf 91' lang='lat' dir='ltr'>quod</span> <span class='ocrx_word' id='word_1_178' title='bbox 579 2256 688 2324; x_wconf 81' lang='lat' dir='ltr'>scilicet</span> <span class='ocrx_word' id='word_1_179' title='bbox 706 2253 829 2313; x_wconf 88' lang='lat' dir='ltr'>redditur</span> <span class='ocrx_word' id='word_1_180' title='bbox 855 2255 1044 2314; x_wconf 86' lang='lat' dir='ltr'>voluntarium</span> <span class='ocrx_word' id='word_1_181' title='bbox 1071 2273 1110 2311; x_wconf 89' lang='lat' dir='ltr'>cx</span> <span class='ocrx_word' id='word_1_182' title='bbox 1129 2253 1256 2311; x_wconf 76' lang='lat' dir='ltr'>voluntate</span> 
     </span>
     <span class='ocr_line' id='line_1_20' title="bbox 175 2350 1258 2467; baseline -0.002 -55"><span class='ocrx_word' id='word_1_183' title='bbox 175 2353 362 2467; x_wconf 40' lang='lat' dir='ltr'>przeedeutis</span> <span class='ocrx_word' id='word_1_184' title='bbox 386 2365 482 2419; x_wconf 87' lang='lat' dir='ltr'>actus;</span> <span class='ocrx_word' id='word_1_185' title='bbox 505 2354 533 2410; x_wconf 88' lang='lat' dir='ltr'>in</span> <span class='ocrx_word' id='word_1_186' title='bbox 557 2364 693 2425; x_wconf 89' lang='lat' dir='ltr'>quantum</span> <span class='ocrx_word' id='word_1_187' title='bbox 714 2353 824 2412; x_wconf 90' lang='lat' dir='ltr'>scilicet</span> <span class='ocrx_word' id='word_1_188' title='bbox 837 2355 939 2427; x_wconf 84' lang='lat' dir='ltr'>aliquis</span> <span class='ocrx_word' id='word_1_189' title='bbox 952 2355 1023 2413; x_wconf 87' lang='lat' dir='ltr'>dans</span> <span class='ocrx_word' id='word_1_190' title='bbox 1037 2372 1154 2430; x_wconf 81' lang='lat' dir='ltr'>operam</span> <span class='ocrx_word' id='word_1_191' title='bbox 1167 2354 1207 2410; x_wconf 89' lang='lat' dir='ltr'>rei</span> <span class='ocrx_word' id='word_1_192' title='bbox 1217 2350 1258 2410; x_wconf 83' lang='lat' dir='ltr'>illi·</span> 
     </span>
     <span class='ocr_line' id='line_1_21' title="bbox 120 2451 1259 2529; baseline 0 -21"><span class='ocrx_word' id='word_1_193' title='bbox 120 2520 124 2529; x_wconf 33' lang='grc' dir='ltr'>Ι</span> <span class='ocrx_word' id='word_1_194' title='bbox 176 2453 236 2508; x_wconf 79' lang='lat' dir='ltr'>citae</span> <span class='ocrx_word' id='word_1_195' title='bbox 264 2451 362 2508; x_wconf 87' lang='lat' dir='ltr'>incidit</span> <span class='ocrx_word' id='word_1_196' title='bbox 384 2453 414 2509; x_wconf 92' lang='lat' dir='ltr'>in</span> <span class='ocrx_word' id='word_1_197' title='bbox 436 2467 561 2523; x_wconf 88' lang='lat' dir='ltr'>sequens</span> <span class='ocrx_word' id='word_1_198' title='bbox 587 2463 746 2528; x_wconf 89' lang='lat' dir='ltr'>peccatum.</span> <span class='ocrx_word' id='word_1_199' title='bbox 798 2453 973 2512; x_wconf 89' lang='lat' dir='ltr'>Dimiuuitur</span> <span class='ocrx_word' id='word_1_200' title='bbox 999 2465 1096 2511; x_wconf 88' lang='lat' dir='ltr'>tamen</span> <span class='ocrx_word' id='word_1_201' title='bbox 1126 2464 1259 2528; x_wconf 85' lang='lat' dir='ltr'>peccatum</span> 
     </span>
     <span class='ocr_line' id='line_1_22' title="bbox 174 2547 1260 2628; baseline -0.003 -23"><span class='ocrx_word' id='word_1_202' title='bbox 174 2567 307 2621; x_wconf 84' lang='lat' dir='ltr'>sequeus,</span> <span class='ocrx_word' id='word_1_203' title='bbox 322 2550 396 2606; x_wconf 87' lang='lat' dir='ltr'>siout</span> <span class='ocrx_word' id='word_1_204' title='bbox 408 2561 437 2605; x_wconf 89' lang='lat' dir='ltr'>et</span> <span class='ocrx_word' id='word_1_205' title='bbox 452 2548 618 2609; x_wconf 87' lang='lat' dir='ltr'>diminuitur</span> <span class='ocrx_word' id='word_1_206' title='bbox 631 2553 701 2608; x_wconf 89' lang='lat' dir='ltr'>ratio</span> <span class='ocrx_word' id='word_1_207' title='bbox 715 2551 873 2610; x_wconf 87' lang='lat' dir='ltr'>voluntarii.</span> <span class='ocrx_word' id='word_1_208' title='bbox 917 2552 1001 2610; x_wconf 90' lang='lat' dir='ltr'>Unde</span> <span class='ocrx_word' id='word_1_209' title='bbox 1015 2553 1194 2628; x_wconf 85' lang='lat' dir='ltr'>Augustinus</span> <span class='ocrx_word' id='word_1_210' title='bbox 1206 2547 1260 2606; x_wconf 89' lang='lat' dir='ltr'>dicit</span> 
     </span>
     <span class='ocr_line' id='line_1_23' title="bbox 174 2647 1261 2725; baseline 0.004 -20"><span class='ocrx_word' id='word_1_211' title='bbox 174 2652 273 2705; x_wconf 82' lang='lat' dir='ltr'>eontra</span> <span class='ocrx_word' id='word_1_212' title='bbox 287 2647 435 2714; x_wconf 85' lang='lat' dir='ltr'>Faustum,</span> <span class='ocrx_word' id='word_1_213' title='bbox 447 2647 523 2719; x_wconf 90' lang='lat' dir='ltr'>quod</span> <span class='ocrx_word' id='word_1_214' title='bbox 534 2648 607 2706; x_wconf 87' lang='lat' dir='ltr'>Loth</span> <span class='ocrx_word' id='word_1_215' title='bbox 622 2649 781 2725; x_wconf 85' lang='lat' dir='ltr'>culpandus</span> <span class='ocrx_word' id='word_1_216' title='bbox 795 2661 847 2717; x_wconf 85' lang='lat' dir='ltr'>est,</span> <span class='ocrx_word' id='word_1_217' title='bbox 861 2670 918 2708; x_wconf 92' lang='lat' dir='ltr'>non</span> <span class='ocrx_word' id='word_1_218' title='bbox 929 2662 1064 2723; x_wconf 90' lang='lat' dir='ltr'>quantum</span> <span class='ocrx_word' id='word_1_219' title='bbox 1080 2652 1129 2709; x_wconf 88' lang='lat' dir='ltr'>ille</span> <span class='ocrx_word' id='word_1_220' title='bbox 1142 2652 1261 2709; x_wconf 75' lang='lat' dir='ltr'>incestus·</span> 
     </span>
     <span class='ocr_line' id='line_1_24' title="bbox 175 2739 1249 2826; baseline 0.001 -23"><span class='ocrx_word' id='word_1_221' title='bbox 175 2746 226 2804; x_wconf 85' lang='lat' dir='ltr'>sed</span> <span class='ocrx_word' id='word_1_222' title='bbox 240 2757 377 2820; x_wconf 88' lang='lat' dir='ltr'>quantum</span> <span class='ocrx_word' id='word_1_223' title='bbox 392 2747 512 2804; x_wconf 89' lang='lat' dir='ltr'>ebrietas</span> <span class='ocrx_word' id='word_1_224' title='bbox 526 2739 675 2805; x_wconf 83' lang='lat' dir='ltr'>meruit.‘’³</span> <span class='ocrx_word' id='word_1_225' title='bbox 716 2748 851 2806; x_wconf 84' lang='lat' dir='ltr'>Severius</span> <span class='ocrx_word' id='word_1_226' title='bbox 864 2749 1021 2808; x_wconf 89' lang='lat' dir='ltr'>decernunt</span> <span class='ocrx_word' id='word_1_227' title='bbox 1034 2750 1116 2826; x_wconf 85' lang='lat' dir='ltr'>leges</span> <span class='ocrx_word' id='word_1_228' title='bbox 1130 2742 1249 2807; x_wconf 72' lang='lat' dir='ltr'>civiles.⁴</span> 
     </span>
    </p>

    <p class='ocr_par' dir='ltr' id='par_1_6' title="bbox 213 2846 1261 2920">
     <span class='ocr_line' id='line_1_25' title="bbox 213 2846 1261 2920; baseline -0.001 -18"><span class='ocrx_word' id='word_1_229' title='bbox 213 2851 262 2903; x_wconf 80' lang='lat'>82.</span> <span class='ocrx_word' id='word_1_230' title='bbox 284 2847 415 2904; x_wconf 85' lang='lat' dir='ltr'>Pessima</span> <span class='ocrx_word' id='word_1_231' title='bbox 437 2856 481 2902; x_wconf 89' lang='lat' dir='ltr'>est</span> <span class='ocrx_word' id='word_1_232' title='bbox 499 2846 618 2903; x_wconf 82' lang='lat' dir='ltr'>ebrietas</span> <span class='ocrx_word' id='word_1_233' title='bbox 638 2846 815 2914; x_wconf 83' lang='lat' dir='ltr'>clericorum,</span> <span class='ocrx_word' id='word_1_234' title='bbox 830 2847 906 2920; x_wconf 93' lang='lat' dir='ltr'>quod</span> <span class='ocrx_word' id='word_1_235' title='bbox 921 2849 1019 2907; x_wconf 90' lang='lat' dir='ltr'>vitium</span> <span class='ocrx_word' id='word_1_236' title='bbox 1034 2850 1063 2907; x_wconf 88' lang='lat' dir='ltr'>iu</span> <span class='ocrx_word' id='word_1_237' title='bbox 1078 2847 1261 2906; x_wconf 84' lang='lat' dir='ltr'>sacerdotibus</span> 
     </span>
    </p>
   </div>
   <div class='ocr_carea' id='block_1_4' title="bbox 170 3042 1278 4219">
    <p class='ocr_par' dir='ltr' id='par_1_7' title="bbox 206 3042 942 3108">
     <span class='ocr_line' id='line_1_26' title="bbox 206 3042 942 3108; baseline -0.003 -17"><span class='ocrx_word' id='word_1_238' title='bbox 206 3045 249 3108; x_wconf 88' lang='lat' dir='ltr'>(l)</span> <span class='ocrx_word' id='word_1_239' title='bbox 268 3042 355 3093; x_wconf 84' lang='lat' dir='ltr'>Tbeol.</span> <span class='ocrx_word' id='word_1_240' title='bbox 367 3042 429 3091; x_wconf 87' lang='lat' dir='ltr'>Mor.</span> <span class='ocrx_word' id='word_1_241' title='bbox 442 3043 457 3092; x_wconf 89' lang='lat' dir='ltr'>l.</span> <span class='ocrx_word' id='word_1_242' title='bbox 470 3059 491 3091; x_wconf 84' lang='grc' dir='ltr'>ι.</span> <span class='ocrx_word' id='word_1_243' title='bbox 505 3058 529 3092; x_wconf 84' lang='grc' dir='ltr'>ιι.</span> <span class='ocrx_word' id='word_1_244' title='bbox 542 3046 582 3094; x_wconf 83' lang='grc'>78.</span> <span class='ocrx_word' id='word_1_245' title='bbox 785 3044 827 3107; x_wconf 66' lang='grc'>(2)</span> <span class='ocrx_word' id='word_1_246' title='bbox 842 3042 942 3092; x_wconf 83' lang='lat' dir='ltr'>Ibidem.</span> 
     </span>
    </p>

    <p class='ocr_par' dir='ltr' id='par_1_8' title="bbox 206 3126 627 3194">
     <span class='ocr_line' id='line_1_27' title="bbox 206 3126 627 3194; baseline 0.002 -21"><span class='ocrx_word' id='word_1_247' title='bbox 206 3129 249 3191; x_wconf 81' lang='lat'>(3)</span> <span class='ocrx_word' id='word_1_248' title='bbox 269 3131 292 3175; x_wconf 84' lang='lat'>2.</span> <span class='ocrx_word' id='word_1_249' title='bbox 306 3131 329 3177; x_wconf 79' lang='grc'>2.</span> <span class='ocrx_word' id='word_1_250' title='bbox 341 3128 475 3190; x_wconf 75' lang='lat' dir='ltr'>qu-cl.art.</span> <span class='ocrx_word' id='word_1_251' title='bbox 486 3126 517 3174; x_wconf 86' lang='lat' dir='ltr'>iii</span> <span class='ocrx_word' id='word_1_252' title='bbox 552 3127 627 3194; x_wconf 64' lang='grc' dir='ltr'>Καρ.</span> 
     </span>
    </p>

    <p class='ocr_par' dir='ltr' id='par_1_9' title="bbox 170 3209 1278 4219">
     <span class='ocr_line' id='line_1_28' title="bbox 208 3209 1268 3276; baseline -0.002 -18"><span class='ocrx_word' id='word_1_253' title='bbox 208 3213 250 3275; x_wconf 85' lang='grc'>(4)</span> <span class='ocrx_word' id='word_1_254' title='bbox 264 3212 316 3258; x_wconf 77' lang='lat' dir='ltr'>“As</span> <span class='ocrx_word' id='word_1_255' title='bbox 327 3221 351 3258; x_wconf 89' lang='lat' dir='ltr'>to</span> <span class='ocrx_word' id='word_1_256' title='bbox 361 3209 477 3267; x_wconf 80' lang='lat' dir='ltr'>artificinl,</span> <span class='ocrx_word' id='word_1_257' title='bbox 485 3211 632 3273; x_wconf 83' lang='lat' dir='ltr'>voluntarily</span> <span class='ocrx_word' id='word_1_258' title='bbox 644 3211 782 3260; x_wconf 85' lang='lat' dir='ltr'>contrected</span> <span class='ocrx_word' id='word_1_259' title='bbox 792 3211 913 3270; x_wconf 86' lang='lat' dir='ltr'>msdness,</span> <span class='ocrx_word' id='word_1_260' title='bbox 923 3214 953 3276; x_wconf 86' lang='lat' dir='ltr'>by</span> <span class='ocrx_word' id='word_1_261' title='bbox 965 3213 1141 3262; x_wconf 83' lang='lat' dir='ltr'>druutreuuees</span> <span class='ocrx_word' id='word_1_262' title='bbox 1153 3229 1180 3261; x_wconf 93' lang='lat' dir='ltr'>or</span> <span class='ocrx_word' id='word_1_263' title='bbox 1191 3209 1268 3261; x_wconf 88' lang='lat' dir='ltr'>interi·</span> 
     </span>
     <span class='ocr_line' id='line_1_29' title="bbox 172 3294 1268 3360; baseline -0.002 -15"><span class='ocrx_word' id='word_1_264' title='bbox 172 3295 357 3354; x_wconf 68' lang='lat' dir='ltr'>estiomwbich,</span> <span class='ocrx_word' id='word_1_265' title='bbox 366 3294 492 3359; x_wconf 77' lang='lat' dir='ltr'>depriving</span> <span class='ocrx_word' id='word_1_266' title='bbox 500 3295 589 3343; x_wconf 81' lang='lat' dir='ltr'>menet</span> <span class='ocrx_word' id='word_1_267' title='bbox 598 3294 659 3344; x_wconf 88' lang='lat' dir='ltr'>their</span> <span class='ocrx_word' id='word_1_268' title='bbox 668 3311 763 3350; x_wconf 76' lang='lat' dir='ltr'>reason.</span> <span class='ocrx_word' id='word_1_269' title='bbox 775 3306 831 3359; x_wconf 86' lang='lat' dir='ltr'>puts</span> <span class='ocrx_word' id='word_1_270' title='bbox 837 3297 904 3346; x_wconf 87' lang='lat' dir='ltr'>them</span> <span class='ocrx_word' id='word_1_271' title='bbox 918 3296 1115 3360; x_wconf 85' lang='lat' dir='ltr'>instemporury</span> <span class='ocrx_word' id='word_1_272' title='bbox 1127 3299 1219 3359; x_wconf 53' lang='lat' dir='ltr'>trenam</span> <span class='ocrx_word' id='word_1_273' title='bbox 1231 3310 1268 3344; x_wconf 87' lang='lat' dir='ltr'>our</span> 
     </span>
     <span class='ocr_line' id='line_1_30' title="bbox 172 3380 1270 3444; baseline 0 -13"><span class='ocrx_word' id='word_1_274' title='bbox 172 3383 217 3431; x_wconf 84' lang='lat' dir='ltr'>law</span> <span class='ocrx_word' id='word_1_275' title='bbox 231 3383 300 3432; x_wconf 82' lang='lat' dir='ltr'>looks</span> <span class='ocrx_word' id='word_1_276' title='bbox 312 3398 377 3444; x_wconf 78' lang='lat' dir='ltr'>upon</span> <span class='ocrx_word' id='word_1_277' title='bbox 391 3380 439 3430; x_wconf 85' lang='lat' dir='ltr'>this</span> <span class='ocrx_word' id='word_1_278' title='bbox 451 3397 478 3429; x_wconf 87' lang='lat' dir='ltr'>as</span> <span class='ocrx_word' id='word_1_279' title='bbox 489 3398 521 3430; x_wconf 80' lang='lat' dir='ltr'>an</span> <span class='ocrx_word' id='word_1_280' title='bbox 534 3382 689 3443; x_wconf 74' lang='lat' dir='ltr'>aggravetion</span> <span class='ocrx_word' id='word_1_281' title='bbox 709 3383 738 3432; x_wconf 80' lang='lat' dir='ltr'>of</span> <span class='ocrx_word' id='word_1_282' title='bbox 751 3383 792 3432; x_wconf 90' lang='lat' dir='ltr'>the</span> <span class='ocrx_word' id='word_1_283' title='bbox 811 3382 911 3442; x_wconf 77' lang='lat' dir='ltr'>offeres,</span> <span class='ocrx_word' id='word_1_284' title='bbox 932 3385 1012 3433; x_wconf 83' lang='lat' dir='ltr'>rather</span> <span class='ocrx_word' id='word_1_285' title='bbox 1029 3384 1090 3433; x_wconf 79' lang='lat' dir='ltr'>than</span> <span class='ocrx_word' id='word_1_286' title='bbox 1105 3397 1270 3433; x_wconf 72' lang='lat' dir='ltr'>assuescere</span> 
     </span>
     <span class='ocr_line' id='line_1_31' title="bbox 171 3464 1269 3530; baseline 0.002 -18"><span class='ocrx_word' id='word_1_287' title='bbox 171 3465 207 3513; x_wconf 85' lang='lat' dir='ltr'>tor</span> <span class='ocrx_word' id='word_1_288' title='bbox 219 3480 268 3527; x_wconf 87' lang='lat' dir='ltr'>any</span> <span class='ocrx_word' id='word_1_289' title='bbox 279 3464 389 3512; x_wconf 83' lang='lat' dir='ltr'>erimina}</span> <span class='ocrx_word' id='word_1_290' title='bbox 408 3464 593 3514; x_wconf 77' lang='lat' dir='ltr'>misbcliaviour.</span> <span class='ocrx_word' id='word_1_291' title='bbox 629 3467 652 3513; x_wconf 87' lang='grc' dir='ltr'>Α</span> <span class='ocrx_word' id='word_1_292' title='bbox 669 3465 802 3522; x_wconf 78' lang='lat' dir='ltr'>drunkerd,</span> <span class='ocrx_word' id='word_1_293' title='bbox 822 3482 879 3530; x_wconf 79' lang='lat' dir='ltr'>says</span> <span class='ocrx_word' id='word_1_294' title='bbox 896 3466 936 3514; x_wconf 78' lang='lat' dir='ltr'>Sir</span> <span class='ocrx_word' id='word_1_295' title='bbox 954 3466 1060 3515; x_wconf 81' lang='lat' dir='ltr'>Edward</span> <span class='ocrx_word' id='word_1_296' title='bbox 1082 3465 1163 3523; x_wconf 81' lang='lat' dir='ltr'>Coke,</span> <span class='ocrx_word' id='word_1_297' title='bbox 1182 3464 1269 3514; x_wconf 82' lang='lat' dir='ltr'>whoia</span> 
     </span>
     <span class='ocr_line' id='line_1_32' title="bbox 170 3545 1273 3614; baseline 0.004 -20"><span class='ocrx_word' id='word_1_298' title='bbox 170 3545 328 3596; x_wconf 78' lang='lat' dir='ltr'>suluntart&#39;us</span> <span class='ocrx_word' id='word_1_299' title='bbox 340 3546 445 3603; x_wconf 74' lang='lat' dir='ltr'>cleirano.</span> <span class='ocrx_word' id='word_1_300' title='bbox 464 3549 522 3597; x_wconf 88' lang='lat' dir='ltr'>bath</span> <span class='ocrx_word' id='word_1_301' title='bbox 536 3565 568 3597; x_wconf 92' lang='grc' dir='ltr'>ιιο</span> <span class='ocrx_word' id='word_1_302' title='bbox 580 3549 693 3613; x_wconf 78' lang='lat' dir='ltr'>privilege</span> <span class='ocrx_word' id='word_1_303' title='bbox 706 3550 821 3614; x_wconf 80' lang='lat' dir='ltr'>thereby;</span> <span class='ocrx_word' id='word_1_304' title='bbox 839 3553 882 3600; x_wconf 91' lang='lat' dir='ltr'>but</span> <span class='ocrx_word' id='word_1_305' title='bbox 894 3551 960 3599; x_wconf 84' lang='lat' dir='ltr'>wbet</span> <span class='ocrx_word' id='word_1_306' title='bbox 975 3552 1032 3600; x_wconf 80' lang='lat' dir='ltr'>hort</span> <span class='ocrx_word' id='word_1_307' title='bbox 1049 3567 1076 3599; x_wconf 92' lang='lat' dir='ltr'>or</span> <span class='ocrx_word' id='word_1_308' title='bbox 1098 3552 1123 3599; x_wconf 82' lang='lat' dir='ltr'>tu</span> <span class='ocrx_word' id='word_1_309' title='bbox 1147 3565 1232 3598; x_wconf 80' lang='lat' dir='ltr'>roerer</span> <span class='ocrx_word' id='word_1_310' title='bbox 1247 3549 1273 3598; x_wconf 86' lang='lat' dir='ltr'>he</span> 
     </span>
     <span class='ocr_line' id='line_1_33' title="bbox 171 3631 1273 3696; baseline 0.006 -16"><span class='ocrx_word' id='word_1_311' title='bbox 171 3632 237 3689; x_wconf 77' lang='lat' dir='ltr'>deth,</span> <span class='ocrx_word' id='word_1_312' title='bbox 250 3631 288 3679; x_wconf 86' lang='lat' dir='ltr'>his</span> <span class='ocrx_word' id='word_1_313' title='bbox 299 3631 471 3681; x_wconf 75' lang='lat' dir='ltr'>druntrenncss</span> <span class='ocrx_word' id='word_1_314' title='bbox 482 3634 541 3682; x_wconf 85' lang='lat' dir='ltr'>doth</span> <span class='ocrx_word' id='word_1_315' title='bbox 555 3645 683 3696; x_wconf 75' lang='lat' dir='ltr'>aggravato</span> <span class='ocrx_word' id='word_1_316' title='bbox 699 3635 731 3684; x_wconf 93' lang='lat' dir='ltr'>it:</span> <span class='ocrx_word' id='word_1_317' title='bbox 751 3651 812 3684; x_wconf 82' lang='lat' dir='ltr'>nunt</span> <span class='ocrx_word' id='word_1_318' title='bbox 831 3650 905 3686; x_wconf 77' lang='lat' dir='ltr'>omae</span> <span class='ocrx_word' id='word_1_319' title='bbox 920 3635 1015 3686; x_wconf 77' lang='lat' dir='ltr'>crimea</span> <span class='ocrx_word' id='word_1_320' title='bbox 1034 3634 1142 3686; x_wconf 79' lang='lat' dir='ltr'>ebrietes</span> <span class='ocrx_word' id='word_1_321' title='bbox 1160 3643 1183 3686; x_wconf 79' lang='lat' dir='ltr'>et</span> <span class='ocrx_word' id='word_1_322' title='bbox 1196 3637 1273 3687; x_wconf 76' lang='lat' dir='ltr'>irrora.</span> 
     </span>
     <span class='ocr_line' id='line_1_34' title="bbox 171 3716 1274 3785; baseline 0.004 -17"><span class='ocrx_word' id='word_1_323' title='bbox 171 3717 216 3774; x_wconf 83' lang='lat' dir='ltr'>dit,</span> <span class='ocrx_word' id='word_1_324' title='bbox 228 3722 251 3768; x_wconf 82' lang='lat' dir='ltr'>tt</span> <span class='ocrx_word' id='word_1_325' title='bbox 262 3716 360 3785; x_wconf 69' lang='lat' dir='ltr'>detegit.</span> <span class='ocrx_word' id='word_1_326' title='bbox 374 3751 379 3764; x_wconf 89' lang='lat'>.</span> <span class='ocrx_word' id='word_1_327' title='bbox 393 3751 398 3763; x_wconf 84' lang='lat'><strong><em>.</em></strong></span> <span class='ocrx_word' id='word_1_328' title='bbox 412 3752 417 3764; x_wconf 89' lang='lat'>.</span> <span class='ocrx_word' id='word_1_329' title='bbox 430 3719 459 3767; x_wconf 89' lang='lat' dir='ltr'>lu</span> <span class='ocrx_word' id='word_1_330' title='bbox 473 3719 514 3767; x_wconf 90' lang='lat' dir='ltr'>the</span> <span class='ocrx_word' id='word_1_331' title='bbox 527 3736 600 3768; x_wconf 83' lang='lat' dir='ltr'>worm</span> <span class='ocrx_word' id='word_1_332' title='bbox 621 3721 717 3770; x_wconf 83' lang='lat' dir='ltr'>climate</span> <span class='ocrx_word' id='word_1_333' title='bbox 737 3725 766 3771; x_wconf 87' lang='lat' dir='ltr'>ot</span> <span class='ocrx_word' id='word_1_334' title='bbox 780 3722 879 3782; x_wconf 89' lang='lat' dir='ltr'>Greece‚</span> <span class='ocrx_word' id='word_1_335' title='bbox 901 3741 915 3773; x_wconf 87' lang='lat' dir='ltr'>e</span> <span class='ocrx_word' id='word_1_336' title='bbox 933 3725 979 3773; x_wconf 79' lang='lat' dir='ltr'>low</span> <span class='ocrx_word' id='word_1_337' title='bbox 997 3724 1026 3771; x_wconf 80' lang='lat' dir='ltr'>os</span> <span class='ocrx_word' id='word_1_338' title='bbox 1042 3722 1153 3773; x_wconf 83' lang='lat' dir='ltr'>Pittacus</span> <span class='ocrx_word' id='word_1_339' title='bbox 1171 3723 1274 3779; x_wconf 85' lang='lat' dir='ltr'>enected.</span> 
     </span>
     <span class='ocr_line' id='line_1_35' title="bbox 175 3803 1275 3871; baseline 0.005 -18"><span class='ocrx_word' id='word_1_340' title='bbox 175 3803 245 3853; x_wconf 76' lang='lat' dir='ltr'>‘that</span> <span class='ocrx_word' id='word_1_341' title='bbox 255 3803 288 3852; x_wconf 90' lang='lat' dir='ltr'>he</span> <span class='ocrx_word' id='word_1_342' title='bbox 299 3803 356 3851; x_wconf 83' lang='lat' dir='ltr'>who</span> <span class='ocrx_word' id='word_1_343' title='bbox 368 3803 507 3852; x_wconf 84' lang='lat' dir='ltr'>committed</span> <span class='ocrx_word' id='word_1_344' title='bbox 521 3820 535 3852; x_wconf 83' lang='lat' dir='ltr'>e</span> <span class='ocrx_word' id='word_1_345' title='bbox 550 3804 625 3852; x_wconf 89' lang='lat' dir='ltr'>crime</span> <span class='ocrx_word' id='word_1_346' title='bbox 643 3805 716 3854; x_wconf 84' lang='lat' dir='ltr'>when</span> <span class='ocrx_word' id='word_1_347' title='bbox 735 3806 824 3864; x_wconf 80' lang='lat' dir='ltr'>drunk,</span> <span class='ocrx_word' id='word_1_348' title='bbox 840 3807 927 3857; x_wconf 87' lang='lat' dir='ltr'>should</span> <span class='ocrx_word' id='word_1_349' title='bbox 948 3807 1038 3857; x_wconf 82' lang='lat' dir='ltr'>receive</span> <span class='ocrx_word' id='word_1_350' title='bbox 1051 3825 1064 3856; x_wconf 82' lang='lat' dir='ltr'>u</span> <span class='ocrx_word' id='word_1_351' title='bbox 1076 3807 1167 3856; x_wconf 79' lang='lat' dir='ltr'>doubts</span> <span class='ocrx_word' id='word_1_352' title='bbox 1180 3806 1275 3871; x_wconf 78' lang='lat' dir='ltr'>punish·</span> 
     </span>
     <span class='ocr_line' id='line_1_36' title="bbox 171 3890 1272 3959; baseline 0.004 -19"><span class='ocrx_word' id='word_1_353' title='bbox 171 3891 254 3949; x_wconf 84' lang='lat' dir='ltr'>ment,&#39;</span> <span class='ocrx_word' id='word_1_354' title='bbox 266 3907 312 3941; x_wconf 86' lang='lat' dir='ltr'>one</span> <span class='ocrx_word' id='word_1_355' title='bbox 325 3891 362 3939; x_wconf 83' lang='lat' dir='ltr'>t‘or</span> <span class='ocrx_word' id='word_1_356' title='bbox 375 3891 416 3941; x_wconf 87' lang='lat' dir='ltr'>the</span> <span class='ocrx_word' id='word_1_357' title='bbox 428 3891 501 3940; x_wconf 86' lang='lat' dir='ltr'>crime</span> <span class='ocrx_word' id='word_1_358' title='bbox 514 3890 584 3950; x_wconf 82' lang='lat' dir='ltr'>itselt,</span> <span class='ocrx_word' id='word_1_359' title='bbox 594 3891 642 3940; x_wconf 83' lang='lat' dir='ltr'>end</span> <span class='ocrx_word' id='word_1_360' title='bbox 654 3891 695 3940; x_wconf 88' lang='lat' dir='ltr'>the</span> <span class='ocrx_word' id='word_1_361' title='bbox 708 3891 777 3941; x_wconf 87' lang='lat' dir='ltr'>other</span> <span class='ocrx_word' id='word_1_362' title='bbox 788 3893 824 3941; x_wconf 83' lang='lat' dir='ltr'>tor</span> <span class='ocrx_word' id='word_1_363' title='bbox 836 3894 877 3943; x_wconf 86' lang='lat' dir='ltr'>the</span> <span class='ocrx_word' id='word_1_364' title='bbox 888 3896 979 3958; x_wconf 79' lang='lat' dir='ltr'>ebriety</span> <span class='ocrx_word' id='word_1_365' title='bbox 988 3894 1069 3944; x_wconf 82' lang='lat' dir='ltr'>which</span> <span class='ocrx_word' id='word_1_366' title='bbox 1083 3895 1212 3959; x_wconf 82' lang='lat' dir='ltr'>prompted</span> <span class='ocrx_word' id='word_1_367' title='bbox 1225 3894 1272 3944; x_wconf 84' lang='lat' dir='ltr'>hira</span> 
     </span>
     <span class='ocr_line' id='line_1_37' title="bbox 171 3976 1278 4046; baseline 0.001 -21"><span class='ocrx_word' id='word_1_368' title='bbox 171 3994 195 4042; x_wconf 54' lang='lat' dir='ltr'>[o</span> <span class='ocrx_word' id='word_1_369' title='bbox 205 3977 304 4028; x_wconf 88' lang='lat' dir='ltr'>commit</span> <span class='ocrx_word' id='word_1_370' title='bbox 315 3977 340 4025; x_wconf 72' lang='lat' dir='ltr'>it.</span> <span class='ocrx_word' id='word_1_371' title='bbox 375 3977 431 4026; x_wconf 85' lang='lat' dir='ltr'>The</span> <span class='ocrx_word' id='word_1_372' title='bbox 443 3977 538 4026; x_wconf 81' lang='lat' dir='ltr'>Romen</span> <span class='ocrx_word' id='word_1_373' title='bbox 548 3978 595 4026; x_wconf 79' lang='lat' dir='ltr'>lew</span> <span class='ocrx_word' id='word_1_374' title='bbox 613 3976 699 4027; x_wconf 85' lang='lat' dir='ltr'>indeed</span> <span class='ocrx_word' id='word_1_375' title='bbox 711 3979 782 4028; x_wconf 85' lang='lat' dir='ltr'>mede</span> <span class='ocrx_word' id='word_1_376' title='bbox 799 3989 866 4041; x_wconf 73' lang='lat' dir='ltr'>great</span> <span class='ocrx_word' id='word_1_377' title='bbox 879 3980 1070 4029; x_wconf 81' lang='lat' dir='ltr'>etlowaneesfor</span> <span class='ocrx_word' id='word_1_378' title='bbox 1082 3979 1131 4028; x_wconf 85' lang='lat' dir='ltr'>this</span> <span class='ocrx_word' id='word_1_379' title='bbox 1149 3980 1202 4028; x_wconf 82' lang='lat' dir='ltr'>vice</span> <span class='ocrx_word' id='word_1_380' title='bbox 1214 3997 1220 4026; x_wconf 79' lang='lat' dir='ltr'>z</span> <span class='ocrx_word' id='word_1_381' title='bbox 1234 3993 1278 4046; x_wconf 77' lang='lat' dir='ltr'>per</span> 
     </span>
     <span class='ocr_line' id='line_1_38' title="bbox 170 4061 1277 4130; baseline 0.004 -19"><span class='ocrx_word' id='word_1_382' title='bbox 170 4062 258 4112; x_wconf 81' lang='lat' dir='ltr'>vinum</span> <span class='ocrx_word' id='word_1_383' title='bbox 271 4061 380 4130; x_wconf 79' lang='lat' dir='ltr'>delapsis</span> <span class='ocrx_word' id='word_1_384' title='bbox 391 4062 507 4130; x_wconf 81' lang='lat' dir='ltr'>copitalia</span> <span class='ocrx_word' id='word_1_385' title='bbox 516 4079 596 4129; x_wconf 83' lang='lat' dir='ltr'>poeua</span> <span class='ocrx_word' id='word_1_386' title='bbox 606 4064 752 4114; x_wconf 78' lang='lat' dir='ltr'>remittitur.</span> <span class='ocrx_word' id='word_1_387' title='bbox 789 4065 838 4115; x_wconf 84' lang='lat' dir='ltr'>But</span> <span class='ocrx_word' id='word_1_388' title='bbox 851 4066 892 4116; x_wconf 89' lang='lat' dir='ltr'>the</span> <span class='ocrx_word' id='word_1_389' title='bbox 911 4068 959 4115; x_wconf 77' lang='lat' dir='ltr'>law</span> <span class='ocrx_word' id='word_1_390' title='bbox 976 4067 1005 4116; x_wconf 83' lang='lat' dir='ltr'>os</span> <span class='ocrx_word' id='word_1_391' title='bbox 1019 4065 1146 4128; x_wconf 71' lang='lat' dir='ltr'>Eugleod</span> <span class='ocrx_word' id='word_1_392' title='bbox 1158 4064 1277 4115; x_wconf 71' lang='lat' dir='ltr'>eoudder.</span> 
     </span>
     <span class='ocr_line' id='line_1_39' title="bbox 172 4149 1278 4219; baseline 0.006 -22"><span class='ocrx_word' id='word_1_393' title='bbox 172 4149 215 4210; x_wconf 84' lang='lat' dir='ltr'>ing</span> <span class='ocrx_word' id='word_1_394' title='bbox 227 4150 283 4199; x_wconf 84' lang='lat' dir='ltr'>how</span> <span class='ocrx_word' id='word_1_395' title='bbox 296 4167 353 4214; x_wconf 79' lang='lat' dir='ltr'>easy</span> <span class='ocrx_word' id='word_1_396' title='bbox 364 4151 382 4201; x_wconf 93' lang='lat' dir='ltr'>it</span> <span class='ocrx_word' id='word_1_397' title='bbox 390 4152 410 4199; x_wconf 79' lang='lat' dir='ltr'>is</span> <span class='ocrx_word' id='word_1_398' title='bbox 419 4151 594 4219; x_wconf 82' lang='lat' dir='ltr'>tocouuterteit</span> <span class='ocrx_word' id='word_1_399' title='bbox 603 4151 652 4201; x_wconf 89' lang='lat' dir='ltr'>this</span> <span class='ocrx_word' id='word_1_400' title='bbox 664 4169 761 4213; x_wconf 81' lang='lat' dir='ltr'>excuse,</span> <span class='ocrx_word' id='word_1_401' title='bbox 774 4155 822 4204; x_wconf 83' lang='lat' dir='ltr'>rud</span> <span class='ocrx_word' id='word_1_402' title='bbox 830 4155 886 4205; x_wconf 81' lang='lat' dir='ltr'>how</span> <span class='ocrx_word' id='word_1_403' title='bbox 895 4155 965 4204; x_wconf 81' lang='lat' dir='ltr'>weak</span> <span class='ocrx_word' id='word_1_404' title='bbox 976 4171 1008 4204; x_wconf 85' lang='lat' dir='ltr'>en</span> <span class='ocrx_word' id='word_1_405' title='bbox 1016 4171 1108 4206; x_wconf 81' lang='lat' dir='ltr'>excuse</span> <span class='ocrx_word' id='word_1_406' title='bbox 1118 4154 1164 4205; x_wconf 86' lang='lat' dir='ltr'>itis</span> <span class='ocrx_word' id='word_1_407' title='bbox 1176 4152 1278 4219; x_wconf 67' lang='lat' dir='ltr'>(though</span> 
     </span>
    </p>
   </div>
   <div class='ocr_carea' id='block_1_5' title="bbox 171 4236 1278 4376">
    <p class='ocr_par' dir='ltr' id='par_1_10' title="bbox 171 4236 1278 4376">
     <span class='ocr_line' id='line_1_40' title="bbox 172 4236 1278 4307; baseline 0.008 -24"><span class='ocrx_word' id='word_1_408' title='bbox 172 4236 241 4299; x_wconf 72' lang='lat' dir='ltr'>reeh)</span> <span class='ocrx_word' id='word_1_409' title='bbox 256 4236 304 4285; x_wconf 85' lang='grc' dir='ltr'><strong>ιιίΙΙ</strong></span> <span class='ocrx_word' id='word_1_410' title='bbox 317 4247 361 4286; x_wconf 89' lang='lat' dir='ltr'>not</span> <span class='ocrx_word' id='word_1_411' title='bbox 372 4238 447 4287; x_wconf 80' lang='lat' dir='ltr'>suffer</span> <span class='ocrx_word' id='word_1_412' title='bbox 467 4255 517 4303; x_wconf 77' lang='lat' dir='ltr'>any</span> <span class='ocrx_word' id='word_1_413' title='bbox 529 4254 584 4287; x_wconf 84' lang='lat' dir='ltr'>mou</span> <span class='ocrx_word' id='word_1_414' title='bbox 598 4238 656 4289; x_wconf 80' lang='lat' dir='ltr'>thus</span> <span class='ocrx_word' id='word_1_415' title='bbox 667 4247 693 4290; x_wconf 91' lang='lat' dir='ltr'>to</span> <span class='ocrx_word' id='word_1_416' title='bbox 704 4240 821 4306; x_wconf 80' lang='lat' dir='ltr'>priritcge</span> <span class='ocrx_word' id='word_1_417' title='bbox 835 4257 883 4292; x_wconf 87' lang='lat' dir='ltr'>one</span> <span class='ocrx_word' id='word_1_418' title='bbox 894 4241 968 4292; x_wconf 88' lang='lat' dir='ltr'>erime</span> <span class='ocrx_word' id='word_1_419' title='bbox 986 4243 1019 4307; x_wconf 83' lang='lat' dir='ltr'>by</span> <span class='ocrx_word' id='word_1_420' title='bbox 1031 4240 1158 4299; x_wconf 56' lang='lat' dir='ltr'>ruoberss’</span> <span class='ocrx_word' id='word_1_421' title='bbox 1195 4239 1278 4291; x_wconf 68' lang='grc' dir='ltr'>ΒΜ·</span> 
     </span>
     <span class='ocr_line' id='line_1_41' title="bbox 171 4318 410 4376; baseline 0.008 -10"><span class='ocrx_word' id='word_1_422' title='bbox 171 4327 251 4376; x_wconf 77' lang='lat' dir='ltr'>stone,</span> <span class='ocrx_word' id='word_1_423' title='bbox 262 4319 277 4367; x_wconf 93' lang='grc' dir='ltr'>Ι.</span> <span class='ocrx_word' id='word_1_424' title='bbox 289 4318 320 4368; x_wconf 86' lang='lat' dir='ltr'>ir.</span> <span class='ocrx_word' id='word_1_425' title='bbox 333 4334 357 4368; x_wconf 89' lang='lat' dir='ltr'>n.</span> <span class='ocrx_word' id='word_1_426' title='bbox 369 4319 410 4368; x_wconf 72' lang='lat'>26.</span> 
     </span>
    </p>
   </div>
   <div class='ocr_carea' id='block_1_6' title="bbox 0 0 1386 4980">
    <p class='ocr_par' dir='ltr' id='par_1_11' title="bbox 0 0 1386 4980">
     <span class='ocr_line' id='line_1_42' title="bbox 0 0 1386 4980; baseline 0 0"><span class='ocrx_word' id='word_1_427' title='bbox 0 0 1386 4980; x_wconf 95' lang='lat' dir='ltr'> </span> 
     </span>
    </p>
   </div>
  </div>
 </body>
</html>
