2766 4996
159 455 217 511 ars
384 453 440 513 nn
461 451 672 512 secururs
693 420 984 514 cumulemus.

163 621 229 686 reis,
250 637 314 677 reus
334 630 387 688 est,
408 620 461 678 etsi
480 620 544 696 ipse
557 619 745 695 pollutionem
757 638 816 678 non
831 621 996 680 intenderit.
1041 621 1095 680 Sic
1115 624 1201 682 etiam
1213 625 1257 696 qui
1288 700 1292 706 ι

165 737 229 777 cum
256 721 351 795 puella
371 721 477 779 versari
497 731 527 778 et
545 719 671 793 colloqui
690 721 783 795 pergit
811 719 926 789 diutim,
947 721 1060 793 absque
1081 724 1256 790 necessitate,

161 815 320 893 previdens
335 817 520 896 pollutionem
533 832 705 885 secuturam,
716 817 897 876 excusandus
910 837 969 880 nou
983 829 1039 878 est.

201 921 251 975 92.
272 917 321 976 Ex
340 937 427 976 causa
440 930 533 977 autem
553 919 722 984 necessaria,
738 917 782 976 vel
802 916 875 985 utili,
890 919 935 976 vel
948 919 1141 977 convenienti
1160 922 1254 980 animur

164 1027 210 1073 aut
229 1017 353 1094 corpori,
373 1019 400 1076 si
419 1018 539 1094 pollutio
559 1026 729 1093 proventura
748 1015 944 1092 praevideatur,
966 1036 1057 1090 quam
1078 1019 1148 1090 quis
1168 1030 1255 1078 temen

164 1117 260 1175 animo
279 1128 433 1185 aversatur,
453 1117 531 1175 nulla
558 1127 602 1174 est
629 1116 723 1191 culpa,
743 1115 799 1173 nisi
819 1115 893 1173 adsit
911 1134 1075 1175 cousensus
1089 1119 1254 1194 periculum.

166 1222 185 1249 “
198 1215 275 1275 Hinc
296 1218 380 1275 etiam
402 1217 522 1293 praevisa
541 1216 699 1292 pollutione
719 1214 917 1282 involuntaria,
936 1214 1005 1281 licet
1019 1216 1045 1274 1.
1067 1215 1220 1284 Parnchis,
1232 1227 1256 1274 et

164 1315 249 1372 etiam
262 1315 324 1372 aliis
337 1316 529 1382 confessariis,
543 1314 640 1372 audire
650 1314 1020 1382 consessionesmulierum,
1035 1333 1070 1373 ao
1081 1315 1182 1392 legere
1195 1327 1255 1375 trae

165 1421 236 1468 tatus
250 1412 382 1472 derebus
396 1413 541 1488 turpibus;
562 1412 702 1490 chirurgia
717 1413 845 1489 aspicere
859 1432 891 1471 ac
904 1423 1021 1490 ungere
1034 1426 1135 1491 partes
1148 1413 1255 1473 femine

163 1512 335 1587 egrotantis,
356 1531 389 1570 ac
408 1510 521 1569 studere
540 1513 624 1569 rebus
651 1511 789 1570 medicis:
818 1513 887 1571 licet
911 1530 1027 1585 quoque
1055 1513 1122 1572 aliis
1143 1513 1253 1586 alloqui,

164 1611 296 1678 osculari,
320 1621 367 1669 ant
386 1611 541 1688 amplexari
563 1610 697 1669 mulieres
724 1612 809 1688 juxta
833 1629 943 1671 rnorem
966 1612 1077 1688 patrie,
1099 1613 1253 1671 servirein

165 1709 284 1778 balneis,
298 1722 326 1768 et
345 1705 473 1770 similia.¹
514 1710 553 1769 ll.
575 1710 657 1769 Licet
675 1710 768 1777 alicui,
789 1711 839 1782 qui
853 1728 988 1786 magnum
1001 1712 1144 1786 pruritum
1158 1713 1254 1788 patitur

165 1809 196 1868 in
218 1809 359 1879 verendis,
374 1811 454 1870 illum
468 1820 542 1869 tactu
565 1810 687 1887 abigere,
711 1809 821 1871 etiamsi
836 1809 956 1886 pollutio
976 1820 1125 1881 sequatur.
1170 1809 1252 1868 Caute

169 1922 261 1968 tamen
275 1910 474 1969 abstinendum
488 1920 541 1997 est,
552 1910 576 1968 si
585 1910 708 1986 pruritus
722 1927 780 1967 non
792 1909 830 1966 sit
842 1907 925 1968 valde
937 1910 1089 1970 molestus.
1133 1909 1189 1970 111.
1209 1910 1251 1968 Sic

166 2009 251 2066 etiam
264 2010 339 2076 licet,
354 2010 440 2069 etiam
454 2011 576 2084 previsa
594 2007 761 2084 pollutione,
775 2009 902 2081 equitare
921 2027 1009 2066 causa
1021 2009 1163 2068 utilitatis.
1203 2009 1249 2068 lV.

166 2104 248 2164 Licet
258 2107 427 2167 decumbere
437 2107 594 2181 aliquositu
606 2106 641 2164 ad
651 2106 829 2165 commodius
842 2107 1068 2180 quiescendum:
1112 2107 1151 2165 V.
1171 2106 1251 2166 Cibus

166 2205 273 2265 calidos
287 2218 333 2267 aut
346 2219 430 2286 potrus
444 2208 587 2268 moderate
601 2224 724 2273 sumere,
744 2216 773 2263 ot
784 2206 919 2266 honestas
932 2206 1053 2266 choreas
1068 2199 1218 2265 ducere.'’¹

205 2310 257 2366 93.
277 2307 401 2366 Pollutio
414 2327 473 2367 non
486 2317 530 2366 est
541 2304 673 2367 habenda
691 2305 817 2363 mortalis
826 2306 910 2382 juxta
929 2307 1084 2366 nonnullos
1097 2305 1250 2384 theologos,

167 2405 222 2462 nisi
235 2408 340 2464 oriatur
352 2426 388 2465 ex
402 2427 488 2465 causa
502 2426 552 2482 per
570 2425 602 2464 se
622 2405 736 2464 mortali
754 2405 784 2464 in
804 2389 908 2482 genere
921 2405 1052 2464 luxurioe.
1096 2414 1117 2440 “
1126 2405 1205 2463 Hinc
1217 2408 1252 2464 in·

169 2503 256 2588 [ertur
272 2507 297 2561 l.
313 2523 370 2562 non
384 2524 448 2562 esse
461 2505 516 2562 nisi
530 2503 669 2561 venialem
684 2504 951 2579 pollutionemque
965 2506 1052 2563 oritur
1065 2524 1104 2563 ex
1117 2504 1252 2578 colloquio

166 2620 225 2660 non
238 2600 368 2660 diuturno
381 2622 446 2662 cum
461 2602 564 2679 puella,
579 2601 624 2659 vel
637 2602 694 2660 levi
707 2615 834 2679 aspectu,
849 2615 896 2661 aut
908 2605 1020 2662 curiosa
1029 2605 1155 2663 lectione
1166 2605 1252 2663 renia-

165 2702 230 2761 liter
249 2696 373 2781 turpi.'’³
418 2701 635 2780 Intelligendum
663 2714 756 2760 tamen
776 2702 863 2762 modo
884 2704 947 2776 quis
969 2705 1000 2761 in
1020 2707 1084 2780 ipsa
1103 2705 1253 2781 pollutione

167 2822 224 2863 non
238 2804 292 2861 sibi
301 2804 493 2881 complaceat:
516 2804 544 2862 id
557 2803 634 2862 enim
649 2799 719 2860 soret
731 2802 843 2861 lethale.
885 2803 1034 2862 Lethalem
1045 2804 1131 2861 etiam
1146 2803 1253 2880 culpam

167 2902 325 2971 admittunt,
340 2906 388 2976 qui
409 2924 446 2963 ex
465 2904 576 2962 levitate
597 2902 642 2960 vel
662 2903 823 2960 curiositate
842 2921 876 2959 ea
896 2902 1003 2961 faciunt
1022 2921 1086 2975 quae
1100 2903 1253 2979 periculum

167 3001 332 3077 pollutionis
345 3004 399 3060 sibi
413 3003 512 3061 afferre
526 3021 563 3060 ex
578 3003 720 3074 frequenti
739 3012 842 3060 eventu
863 3014 976 3060 norunt.
1019 3001 1100 3060 Hinc
1114 3003 1253 3062 nonnullis

167 3109 299 3177 aspectus
312 3101 429 3177 pictnrae
443 3101 582 3159 obscoenae
597 3103 691 3178 gravis
704 3112 748 3158 est
756 3100 851 3177 culpa.

207 3204 256 3259 et.
278 3199 403 3261 Pollntio
412 3200 601 3259 involuntaria
614 3219 677 3273 quae
691 3202 830 3278 contingit
839 3219 875 3258 ex
886 3219 973 3258 causa
986 3201 1109 3276 graviter
1121 3201 1217 3260 illicita
1230 3203 1254 3259 in

167 3301 222 3359 alio
230 3320 334 3378 genere
345 3302 568 3375 quamluxuriae,
579 3311 645 3376 puta
655 3318 692 3359 ex
702 3301 846 3367 ebrietate,
855 3318 913 3357 non
922 3309 967 3358 est
973 3299 1111 3357 mortalis.
1134 3309 1154 3336 ‘⁶
1166 3303 1255 3360 Tanto

168 3402 258 3477 magis
272 3420 329 3459 non
343 3403 395 3459 erit
408 3400 532 3460 mortalis
552 3399 682 3477 pollutio,
697 3417 760 3471 qnae
780 3401 869 3458 oritur
888 3417 925 3456 ex
946 3399 1040 3457 causis
1060 3388 1256 3459 venialibuiin

169 3499 224 3556 alio
244 3518 359 3574 genere,
379 3511 412 3557 ut
430 3518 467 3556 ex
486 3500 621 3570 equitatu,
643 3517 693 3555 esu
714 3499 882 3566 calidorum,
904 3500 969 3566 situ,
991 3511 1020 3556 et
1038 3497 1101 3555 aliis
1121 3500 1255 3559 similibus

168 3592 375 3654 actionibus.”⁴
428 3598 453 3653 Α
474 3597 577 3654 veniali
597 3599 681 3657 etiam
709 3599 793 3675 culpa
819 3606 938 3658 excusat
957 3598 1066 3670 quaevis
1086 3598 1254 3657 rationabilis

167 3713 262 3753 causa.

206 3800 256 3855 95.
278 3794 402 3853 Pollutio
425 3811 488 3865 que
511 3795 650 3871 contingit
668 3795 698 3851 in
719 3812 821 3855 somno
841 3816 879 3855 ex
899 3816 986 3855 causa
1008 3795 1168 3855 mortaliter
1187 3796 1256 3856 mala

166 3900 297 3975 proxime
311 3895 459 3961 influente,
473 3913 508 3951 v:
530 3912 567 3970 g:
589 3912 626 3951 ex
640 3894 735 3970 pravis
749 3897 966 3972 cogitationibus
986 3904 1016 3952 et
1032 3894 1185 3955 desideriis
1199 3896 1256 3970 qui·

167 3998 220 4056 bus
233 3999 298 4072 quis
311 3997 379 4056 dum
389 4014 491 4054 somno
501 3993 628 4062 sedaret,
643 3993 769 4060 indulsit,
780 4007 823 4053 est
831 3996 945 4053 lethalis
956 3994 1050 4070 culpa.
1093 3994 1144 4053 Sic
1158 3995 1255 4054 lethale

166 4106 209 4153 est
222 4097 335 4170 quando
348 4097 412 4170 quis
426 4095 605 4155 delectationi
619 4104 721 4171 sponte
735 4105 802 4152 ortae
816 4095 957 4153 consentit
966 4095 1026 4171 jam
1040 4093 1121 4172 vigil.

201 4283 242 4346 (l)
263 4282 323 4332 Hoc
335 4283 440 4347 pessime
448 4283 549 4333 detorsit
561 4281 644 4331 infelix
658 4280 733 4330 redux
746 4281 776 4330 sd
788 4282 919 4340 hereticos.

202 4368 245 4433 (a)
264 4365 291 4413 s.
303 4366 455 4432 sipisim,
467 4368 482 4415 ι.
494 4366 528 4416 ur.
540 4382 566 4416 n.
578 4367 636 4416 aaa.
782 4364 834 4432 (a)
854 4365 958 4417 ussa.
1129 4367 1172 4434 (t)
1192 4349 1293 4417 ια’

923 4462 963 4527 1,
