2766 4996
203 415 263 470 214
424 409 756 472 seminamur
776 411 1081 493 susurrum.

205 580 276 638 labri
288 577 410 656 lignarii,
424 581 542 646 ferrarii,
556 588 584 636 et
603 578 750 637 murarii.''
794 588 814 614 ‘⁶
826 579 1010 638 Exousantur
1028 597 1172 646 cursores,
1190 588 1294 636 sutores

141 674 150 687 ⁶
205 680 255 752 qui
275 679 385 736 calceos
406 678 570 744 conficiunt,
583 695 642 735 non
654 678 722 735 verb
735 680 785 752 qui
798 680 875 736 coria
886 677 1028 736 scindunt
1042 721 1049 736 .
1062 720 1092 735 ..
1121 678 1196 737 ltetn
1209 677 1296 735 iurna-

208 779 252 843 rii,
264 781 396 852 pistores,
410 779 496 848 ooqui
509 779 605 853 plures
626 777 714 854 dapes
733 789 762 835 et
783 779 880 836 multis
900 778 1032 854 personis
1053 777 1296 853 praeparantes,si

206 876 265 933 sere
279 896 330 953 per
342 875 419 934 diem
437 876 583 934 laborent.
597 920 624 934 ..
640 896 733 943 secus,
757 878 782 934 si
804 897 895 954 pauca
916 875 1024 933 fereula
1036 885 1140 951 parent
1152 917 1160 932 .
1174 918 1181 933 .
1195 919 1202 932 .
1218 885 1296 952 typo

206 976 308 1052 graphi
327 976 437 1051 prelum
456 988 610 1042 versantes,
630 994 688 1034 nou
713 975 779 1033 verb
799 986 886 1052 typos
905 985 1176 1050 oompouentes...
1191 973 1296 1037 famuli,

207 1076 257 1146 qui
271 1075 455 1133 vehementer
477 1085 534 1132 tota
553 1076 600 1132 die
622 1075 788 1132 incumbunt
810 1075 964 1151 majoribus
983 1074 1131 1131 laboribus
1153 1092 1215 1131 non
1235 1091 1297 1130 vero

209 1174 318 1233 ancillae
330 1175 424 1233 lanam
438 1184 485 1230 aut
496 1174 587 1232 linum
600 1184 710 1240 nentes,
724 1184 772 1231 aut
790 1174 895 1231 similia
913 1173 987 1230 levia
1006 1172 1110 1230 domus
1124 1173 1242 1230 servitia
1253 1189 1297 1253 ex·

208 1271 338 1330 hibentes
350 1316 357 1330 .
370 1315 399 1330 ..
419 1283 548 1329 secantes
567 1270 675 1347 lapides
756 1282 951 1348 percursantes
963 1273 1062 1329 urbem
1082 1270 1120 1328 ad
1140 1269 1298 1329 vendendas

209 1366 368 1428 meroes.”¹
409 1368 553 1428 Ceterum
573 1381 638 1446 post
658 1370 828 1428 Tamburini
847 1371 920 1429 bene
939 1369 1058 1427 advertit
1078 1370 1111 1426 S.
1134 1369 1298 1446 Alphonsus

212 1487 314 1525 omnes
328 1469 381 1526 hos
403 1477 423 1503 “
434 1486 492 1526 uon
507 1469 670 1526 excusaris
684 1469 808 1545 jejunio,
822 1471 877 1526 nisi
897 1470 1024 1527 laborent
1036 1469 1139 1526 saltem
1152 1487 1207 1544 per
1219 1470 1301 1544 majo

210 1585 270 1623 rem
283 1565 340 1624 diei
353 1577 471 1642 partem,
485 1586 543 1627 uon
564 1569 675 1624 verosi
696 1587 746 1644 per
764 1567 834 1625 duas
850 1569 895 1626 rel
915 1579 970 1626 tres
989 1567 1109 1625 horas.”
1154 1566 1299 1625 Barbiton·

211 1684 300 1733 sores,
327 1676 458 1732 sartores,
485 1669 617 1742 pictores,
640 1677 668 1723 et
690 1668 798 1734 scriba,
825 1668 1013 1725 communiter
1038 1685 1096 1724 non
1119 1677 1298 1724 excusantur.

213 1766 318 1838 Neque
339 1765 531 1841 horologiarii,
545 1766 602 1823 nisi
622 1767 672 1837 qui
692 1768 804 1841 magnis
824 1764 981 1843 horologiis
1000 1764 1201 1823 oonstruendis
1221 1784 1300 1822 oocu-

212 1875 324 1942 pantur.
367 1863 455 1921 “Alii
477 1865 602 1922 absolute
622 1875 758 1921 excusant
779 1863 935 1930 molitores,
956 1864 1141 1939 argentarios,
1163 1875 1193 1920 et
1211 1864 1301 1938 seulp

215 1963 321 2029 tores,”
336 1962 388 2020 sed
408 1963 440 2019 S.
455 1963 621 2039 Alphonsus
641 1973 740 2020 censet
757 1961 994 2019 considerandum
1013 1979 1088 2027 esse,
1108 1973 1207 2020 utrum
1227 1963 1301 2019 labor

213 2063 259 2118 eui
273 2071 372 2117 vacant
384 2062 477 2136 gravis
497 2061 542 2126 sit,
556 2061 602 2118 vel
621 2060 656 2118 ab
676 2061 746 2136 ipsis
761 2061 957 2135 jejunantibus
970 2060 1062 2136 possit
1078 2061 1179 2135 perfici
1193 2061 1298 2132 absque

214 2160 293 2236 gravi
305 2158 497 2217 incommodo.

255 2264 303 2317 52.
325 2259 359 2316 Si
372 2258 492 2316 artifioes
506 2257 562 2314 sint
574 2255 686 2324 divites,
700 2267 729 2314 et
740 2274 828 2333 opera
844 2256 952 2315 differri
964 2266 1079 2330 queant,
1093 2257 1252 2315 consultius
1265 2269 1305 2313 est

213 2376 248 2416 ea
260 2356 383 2423 differre,
397 2367 429 2414 ut
439 2367 567 2413 servetur
581 2357 743 2434 jejunium:
764 2357 924 2414 communis
944 2367 1038 2414 umen
1053 2365 1099 2412 est
1111 2357 1261 2422 sententia,
1274 2366 1303 2412 ut

211 2456 250 2511 ait
263 2455 294 2511 S.
309 2453 487 2530 Alphonsus,
501 2471 550 2510 eos
563 2463 704 2530 praeeepto
717 2473 775 2512 non
787 2454 905 2532 obligari
917 2453 953 2511 ad
965 2453 1138 2521 dilationem,
1149 2472 1241 2527 quum
1254 2455 1303 2511 rei·

216 2551 336 2627 publica
350 2552 460 2608 intersit
472 2569 545 2627 opus
556 2552 700 2627 progredi.

253 2655 301 2708 53.
317 2651 350 2708 Si
362 2650 450 2721 aliqui
463 2651 520 2706 sint
532 2649 602 2707 adeo
616 2652 733 2717 robusti,
747 2660 778 2707 ut
786 2652 931 2729 operando
940 2653 1071 2729 jejunare
1081 2661 1196 2723 queant,
1207 2652 1302 2727 plures

217 2748 314 2808 dicunt
326 2768 376 2808 eos
389 2748 424 2807 ad
433 2749 574 2826 jejunium
595 2751 698 2809 teneri:
721 2748 797 2822 quod
817 2751 864 2808 alii
883 2761 997 2828 negant,
1011 2769 1047 2809 eo
1064 2749 1142 2822 quod
1155 2751 1203 2808 lex
1216 2751 1303 2826 respi-

215 2850 270 2906 oiat
283 2869 345 2923 que
361 2850 528 2927 plerumque
547 2852 724 2928 contingunt.
766 2847 909 2907 Ceterum
929 2851 978 2906 vix
998 2850 1154 2927 reperietur
1173 2851 1224 2922 qui
1243 2867 1301 2924 gra·

217 2964 282 3004 vem
295 2947 419 3005 laborem
430 2949 547 3024 jejunus
561 2949 652 3026 possit
663 2950 769 3019 absque
782 2947 950 3007 detrimento
962 2948 1046 3006 serre.

257 3048 306 3100 54.
328 3044 385 3110 Qui
397 3062 456 3101 uno
469 3057 517 3102 aut
529 3047 615 3103 altero
629 3046 674 3104 die
689 3056 789 3103 vacant
801 3067 818 3103 a
830 3047 935 3114 labore,
949 3047 1089 3104 habentur
1099 3065 1116 3102 a
1124 3046 1229 3121 jejunii
1243 3046 1304 3121 lege

215 3141 368 3210 immunes,
383 3160 471 3215 quum
483 3144 561 3201 labor
574 3144 735 3220 praeedeus
749 3146 845 3221 exigat
857 3147 959 3203 virium
978 3145 1174 3211 resectionem,
1188 3162 1303 3220 praeser-

217 3243 268 3301 tim
282 3252 313 3300 ut
324 3243 412 3300 labori
424 3260 501 3301 novo
520 3241 614 3300 idonei
627 3243 755 3301 evadant.
798 3244 947 3302 Tenentur
965 3254 1057 3302 autern
1072 3242 1107 3302 ad
1116 3242 1304 3320 jejunandum

213 3343 239 3400 si
252 3341 432 3401 manifestum
446 3344 484 3400 sit
495 3361 546 3401 eos
560 3343 665 3415 absque
679 3342 860 3401 incommodo
869 3343 1013 3419 jejunium
1026 3360 1162 3419 peragere
1176 3358 1273 3417 posse.

258 3446 306 3498 55.
329 3441 386 3507 Qui
398 3441 524 3499 laborem
538 3461 651 3518 gravem
666 3451 822 3509 assumunt,
837 3442 914 3500 nulla
932 3451 1049 3518 urgente
1062 3459 1157 3508 eausa,
1171 3439 1224 3498 sed
1232 3440 1305 3516 jeju·

218 3538 297 3595 nium
311 3547 341 3594 ut
353 3539 468 3606 evitent,
483 3541 512 3596 in
526 3539 653 3598 fraudem
666 3541 737 3616 legis
755 3550 851 3617 agunt,
865 3550 893 3598 et
906 3542 1015 3616 peccati
1028 3549 1095 3598 sunt
1105 3540 1157 3597 rei.
1200 3539 1265 3597 lmo
1282 3539 1306 3595 si

218 3633 324 3706 absque
337 3652 432 3702 causa,
446 3638 499 3692 etsi
518 3636 595 3695 haud
608 3639 702 3695 animo
720 3639 813 3714 legem
834 3639 982 3707 evadendi,
1002 3640 1090 3697 labori
1109 3648 1220 3705 vacent,
1235 3636 1305 3695 adeo

218 3741 249 3791 ut
257 3733 386 3809 jejunare
401 3745 551 3805 nequeant,
567 3753 624 3793 non
638 3745 705 3793 sunt
716 3747 830 3811 peceato
844 3739 997 3796 immunes.
1039 3738 1103 3795 “Si
1116 3738 1306 3814 peregrinatio

219 3842 247 3890 et
266 3833 360 3910 operis
379 3831 459 3891 labor
471 3833 622 3892 commode
641 3833 748 3892 differri
767 3838 859 3912 possit
878 3847 926 3895 aut
945 3836 1075 3905 diminui,
1096 3837 1204 3908 absque
1221 3834 1305 3893 detri-

218 3944 314 3992 mento
328 3933 482 4008 corporalis
496 3933 592 3991 salutis
606 3944 635 3991 et
652 3935 802 3993 exterioris
816 3945 903 3994 status
917 3936 967 4009 qui
980 3936 1131 4008 requiritur
1143 3935 1180 3992 ad
1192 3952 1306 3992 conser-

218 4035 359 4091 vationem
379 4034 544 4110 corporalis,
558 4034 603 4091 vel
616 4033 768 4110 spiritualis
788 4036 862 4102 vitre,
883 4053 941 4094 non
960 4046 1029 4094 sunt
1047 4044 1162 4112 propter
1174 4035 1231 4094 hoc
1250 4033 1307 4092 Eo·

219 4130 311 4188 olesiae
321 4132 433 4207 jejunia
444 4127 730 4209 praetermittenda.''²
817 4172 823 4180 -

255 4322 328 4390 (1)8.
338 4324 459 4391 Alpheus.
471 4328 488 4378 l.
499 4328 533 4379 iii.
544 4343 571 4378 n.
584 4329 655 4380 1041.
758 4332 801 4398 (2)
813 4335 837 4382 2.
849 4335 873 4382 2.
884 4345 925 4395 qu.
937 4331 1018 4381 cxlvii.
1028 4336 1072 4381 art
1081 4330 1113 4380 iv.
1125 4330 1156 4381 ad
1168 4330 1278 4382 tertium.
