<?xml version="1.0" encoding="UTF-8"?>
<!DOCTYPE html PUBLIC "-//W3C//DTD XHTML 1.0 Transitional//EN"
    "http://www.w3.org/TR/xhtml1/DTD/xhtml1-transitional.dtd">
<html xmlns="http://www.w3.org/1999/xhtml" xml:lang="en" lang="en">
 <head>
  <title>
</title>
<meta http-equiv="Content-Type" content="text/html;charset=utf-8" />
  <meta name='ocr-system' content='tesseract 3.04.00' />
  <meta name='ocr-capabilities' content='ocr_page ocr_carea ocr_par ocr_line ocrx_word'/>
</head>
<body>
  <div class='ocr_page' id='page_1' title='image "./theologiaemoral00kenrgoog_0218.png"; bbox 0 0 2766 4996; ppageno 0'>
   <div class='ocr_carea' id='block_1_1' title="bbox 483 352 1253 523">
    <p class='ocr_par' dir='ltr' id='par_1_1' title="bbox 483 352 1253 523">
     <span class='ocr_line' id='line_1_1' title="bbox 483 352 1253 523; baseline 0.008 -55"><span class='ocrx_word' id='word_1_1' title='bbox 483 352 686 471; x_wconf 54' lang='lat' dir='ltr'><strong>nffltssa</strong></span> <span class='ocrx_word' id='word_1_2' title='bbox 705 408 937 472; x_wconf 77' lang='lat' dir='ltr'><strong>AUDIENDA.</strong></span> <span class='ocrx_word' id='word_1_3' title='bbox 1101 404 1170 523; x_wconf 71' lang='lat'><strong>·</strong></span> <span class='ocrx_word' id='word_1_4' title='bbox 1198 419 1253 474; x_wconf 82' lang='lat' dir='ltr'><strong>ter</strong></span> 
     </span>
    </p>
   </div>
   <div class='ocr_carea' id='block_1_2' title="bbox 157 575 1262 2337">
    <p class='ocr_par' dir='ltr' id='par_1_2' title="bbox 157 575 1253 1128">
     <span class='ocr_line' id='line_1_2' title="bbox 157 575 1252 658; baseline 0.005 -25"><span class='ocrx_word' id='word_1_5' title='bbox 157 586 222 635; x_wconf 86' lang='lat' dir='ltr'><strong>sent</strong></span> <span class='ocrx_word' id='word_1_6' title='bbox 236 578 316 653; x_wconf 90' lang='lat' dir='ltr'><strong>piam</strong></span> <span class='ocrx_word' id='word_1_7' title='bbox 330 575 403 634; x_wconf 85' lang='lat' dir='ltr'><strong>itanc</strong></span> <span class='ocrx_word' id='word_1_8' title='bbox 416 575 566 643; x_wconf 83' lang='lat' dir='ltr'><strong>actionem,</strong></span> <span class='ocrx_word' id='word_1_9' title='bbox 581 594 667 653; x_wconf 90' lang='lat' dir='ltr'><strong>posse</strong></span> <span class='ocrx_word' id='word_1_10' title='bbox 680 576 717 634; x_wconf 89' lang='lat' dir='ltr'><strong>ad</strong></span> <span class='ocrx_word' id='word_1_11' title='bbox 737 575 793 636; x_wconf 90' lang='lat' dir='ltr'><strong>Dei</strong></span> <span class='ocrx_word' id='word_1_12' title='bbox 807 579 923 645; x_wconf 86' lang='lat' dir='ltr'><strong>cultum,</strong></span> <span class='ocrx_word' id='word_1_13' title='bbox 938 581 987 650; x_wconf 93' lang='lat' dir='ltr'><strong>qui</strong></span> <span class='ocrx_word' id='word_1_14' title='bbox 1006 581 1036 638; x_wconf 91' lang='lat' dir='ltr'><strong>in</strong></span> <span class='ocrx_word' id='word_1_15' title='bbox 1050 581 1143 639; x_wconf 89' lang='lat' dir='ltr'><strong>Missa</strong></span> <span class='ocrx_word' id='word_1_16' title='bbox 1155 583 1252 658; x_wconf 83' lang='lat' dir='ltr'><strong>praeoi-</strong></span> 
     </span>
     <span class='ocr_line' id='line_1_3' title="bbox 158 674 1253 754; baseline 0.005 -21"><span class='ocrx_word' id='word_1_17' title='bbox 158 695 216 752; x_wconf 91' lang='lat' dir='ltr'><strong>pue</strong></span> <span class='ocrx_word' id='word_1_18' title='bbox 236 676 390 752; x_wconf 83' lang='lat' dir='ltr'><strong>peragitur,</strong></span> <span class='ocrx_word' id='word_1_19' title='bbox 413 674 520 732; x_wconf 82' lang='lat' dir='ltr'><strong>referri.</strong></span> <span class='ocrx_word' id='word_1_20' title='bbox 563 674 677 733; x_wconf 89' lang='lat' dir='ltr'><strong>Horum</strong></span> <span class='ocrx_word' id='word_1_21' title='bbox 698 678 865 737; x_wconf 79' lang='lat' dir='ltr'><strong>senitentiam</strong></span> <span class='ocrx_word' id='word_1_22' title='bbox 884 679 1058 754; x_wconf 91' lang='lat' dir='ltr'><strong>probabilem</strong></span> <span class='ocrx_word' id='word_1_23' title='bbox 1080 679 1175 741; x_wconf 77' lang='lat' dir='ltr'><strong>dicere</strong></span> <span class='ocrx_word' id='word_1_24' title='bbox 1194 699 1253 739; x_wconf 91' lang='lat' dir='ltr'><strong>non</strong></span> 
     </span>
     <span class='ocr_line' id='line_1_4' title="bbox 158 771 1252 850; baseline 0.005 -18"><span class='ocrx_word' id='word_1_25' title='bbox 158 774 244 832; x_wconf 91' lang='lat' dir='ltr'><strong>audet</strong></span> <span class='ocrx_word' id='word_1_26' title='bbox 271 775 304 831; x_wconf 76' lang='lat' dir='ltr'><strong>S.</strong></span> <span class='ocrx_word' id='word_1_27' title='bbox 331 773 498 849; x_wconf 76' lang='lat' dir='ltr'><strong>Alphonsns</strong></span> <span class='ocrx_word' id='word_1_28' title='bbox 526 773 561 832; x_wconf 90' lang='lat' dir='ltr'><strong>de</strong></span> <span class='ocrx_word' id='word_1_29' title='bbox 592 771 735 850; x_wconf 82' lang='lat' dir='ltr'><strong>Ligurio.²</strong></span> <span class='ocrx_word' id='word_1_30' title='bbox 788 774 932 835; x_wconf 83' lang='lat' dir='ltr'><strong>Caeterom</strong></span> <span class='ocrx_word' id='word_1_31' title='bbox 963 780 988 837; x_wconf 92' lang='lat' dir='ltr'><strong>si</strong></span> <span class='ocrx_word' id='word_1_32' title='bbox 1018 779 1108 836; x_wconf 80' lang='lat' dir='ltr'><strong>facilis</strong></span> <span class='ocrx_word' id='word_1_33' title='bbox 1137 781 1252 838; x_wconf 80' lang='lat' dir='ltr'><strong>occasio</strong></span> 
     </span>
     <span class='ocr_line' id='line_1_5' title="bbox 157 872 1252 953; baseline 0.005 -22"><span class='ocrx_word' id='word_1_34' title='bbox 157 893 218 931; x_wconf 93' lang='lat' dir='ltr'><strong>non</strong></span> <span class='ocrx_word' id='word_1_35' title='bbox 231 874 268 931; x_wconf 91' lang='lat' dir='ltr'><strong>sit</strong></span> <span class='ocrx_word' id='word_1_36' title='bbox 281 873 374 931; x_wconf 86' lang='lat' dir='ltr'><strong>futura</strong></span> <span class='ocrx_word' id='word_1_37' title='bbox 396 872 550 930; x_wconf 86' lang='lat' dir='ltr'><strong>confitendi</strong></span> <span class='ocrx_word' id='word_1_38' title='bbox 571 872 686 932; x_wconf 84' lang='lat' dir='ltr'><strong>famulis</strong></span> <span class='ocrx_word' id='word_1_39' title='bbox 706 874 804 932; x_wconf 88' lang='lat' dir='ltr'><strong>aliisve</strong></span> <span class='ocrx_word' id='word_1_40' title='bbox 819 877 898 951; x_wconf 87' lang='lat' dir='ltr'><strong>juste</strong></span> <span class='ocrx_word' id='word_1_41' title='bbox 917 877 1073 953; x_wconf 90' lang='lat' dir='ltr'><strong>impeditis,</strong></span> <span class='ocrx_word' id='word_1_42' title='bbox 1094 879 1187 936; x_wconf 87' lang='lat' dir='ltr'><strong>nullus</strong></span> <span class='ocrx_word' id='word_1_43' title='bbox 1211 881 1252 936; x_wconf 88' lang='lat' dir='ltr'><strong>eis</strong></span> 
     </span>
     <span class='ocr_line' id='line_1_6' title="bbox 158 971 1253 1054; baseline 0.005 -24"><span class='ocrx_word' id='word_1_44' title='bbox 158 974 214 1030; x_wconf 88' lang='lat' dir='ltr'><strong>erit</strong></span> <span class='ocrx_word' id='word_1_45' title='bbox 233 971 393 1031; x_wconf 85' lang='lat' dir='ltr'><strong>movendus</strong></span> <span class='ocrx_word' id='word_1_46' title='bbox 414 972 565 1047; x_wconf 88' lang='lat' dir='ltr'><strong>scrupulus</strong></span> <span class='ocrx_word' id='word_1_47' title='bbox 585 973 622 1029; x_wconf 95' lang='lat' dir='ltr'><strong>ob</strong></span> <span class='ocrx_word' id='word_1_48' title='bbox 644 972 855 1032; x_wconf 84' lang='lat' dir='ltr'><strong>confessionem</strong></span> <span class='ocrx_word' id='word_1_49' title='bbox 875 973 943 1034; x_wconf 90' lang='lat' dir='ltr'><strong>dum</strong></span> <span class='ocrx_word' id='word_1_50' title='bbox 963 994 1043 1035; x_wconf 88' lang='lat' dir='ltr'><strong>sacro</strong></span> <span class='ocrx_word' id='word_1_51' title='bbox 1062 976 1172 1035; x_wconf 77' lang='lat' dir='ltr'><strong>adstant</strong></span> <span class='ocrx_word' id='word_1_52' title='bbox 1190 996 1253 1054; x_wconf 91' lang='lat' dir='ltr'><strong>per·</strong></span> 
     </span>
     <span class='ocr_line' id='line_1_7' title="bbox 160 1079 298 1128; baseline -0.007 0"><span class='ocrx_word' id='word_1_53' title='bbox 160 1080 263 1128; x_wconf 88' lang='lat' dir='ltr'><strong>actam.</strong></span> <span class='ocrx_word' id='word_1_54' title='bbox 296 1079 298 1082; x_wconf 86' lang='grc'><strong>’</strong></span> 
     </span>
    </p>

    <p class='ocr_par' dir='ltr' id='par_1_3' title="bbox 159 1168 1254 1442">
     <span class='ocr_line' id='line_1_8' title="bbox 203 1168 1254 1247; baseline 0.006 -22"><span class='ocrx_word' id='word_1_55' title='bbox 203 1173 249 1226; x_wconf 82' lang='grc'><strong>13.</strong></span> <span class='ocrx_word' id='word_1_56' title='bbox 271 1168 471 1227; x_wconf 82' lang='lat' dir='ltr'><strong>contabulatio</strong></span> <span class='ocrx_word' id='word_1_57' title='bbox 493 1188 545 1245; x_wconf 89' lang='lat' dir='ltr'><strong>per</strong></span> <span class='ocrx_word' id='word_1_58' title='bbox 567 1188 699 1246; x_wconf 79' lang='lat' dir='ltr'><strong>magnam</strong></span> <span class='ocrx_word' id='word_1_59' title='bbox 723 1171 822 1229; x_wconf 74' lang='lat' dir='ltr'><strong>Missae</strong></span> <span class='ocrx_word' id='word_1_60' title='bbox 843 1183 952 1247; x_wconf 89' lang='lat' dir='ltr'><strong>partem</strong></span> <span class='ocrx_word' id='word_1_61' title='bbox 975 1175 1137 1232; x_wconf 87' lang='lat' dir='ltr'><strong>continuata</strong></span> <span class='ocrx_word' id='word_1_62' title='bbox 1162 1176 1254 1232; x_wconf 86' lang='lat' dir='ltr'><strong>obstat</strong></span> 
     </span>
     <span class='ocr_line' id='line_1_9' title="bbox 159 1268 1252 1346; baseline 0.006 -22"><span class='ocrx_word' id='word_1_63' title='bbox 159 1269 306 1326; x_wconf 87' lang='lat' dir='ltr'><strong>attentioni</strong></span> <span class='ocrx_word' id='word_1_64' title='bbox 332 1270 418 1325; x_wconf 87' lang='lat' dir='ltr'><strong>etiarn</strong></span> <span class='ocrx_word' id='word_1_65' title='bbox 451 1277 586 1334; x_wconf 77' lang='lat' dir='ltr'><strong>externa,</strong></span> <span class='ocrx_word' id='word_1_66' title='bbox 613 1268 735 1340; x_wconf 90' lang='lat' dir='ltr'><strong>ideoque</strong></span> <span class='ocrx_word' id='word_1_67' title='bbox 762 1272 895 1346; x_wconf 77' lang='lat' dir='ltr'><strong>praecepti</strong></span> <span class='ocrx_word' id='word_1_68' title='bbox 921 1272 1115 1330; x_wconf 79' lang='lat' dir='ltr'><strong>observantiae.</strong></span> <span class='ocrx_word' id='word_1_69' title='bbox 1166 1273 1252 1331; x_wconf 87' lang='lat' dir='ltr'><strong>Levis</strong></span> 
     </span>
     <span class='ocr_line' id='line_1_10' title="bbox 160 1366 811 1442; baseline 0.003 -19"><span class='ocrx_word' id='word_1_70' title='bbox 160 1378 255 1425; x_wconf 88' lang='lat' dir='ltr'><strong>auteur</strong></span> <span class='ocrx_word' id='word_1_71' title='bbox 276 1368 331 1424; x_wconf 89' lang='lat' dir='ltr'><strong>erit</strong></span> <span class='ocrx_word' id='word_1_72' title='bbox 351 1367 436 1442; x_wconf 85' lang='lat' dir='ltr'><strong>eulpa</strong></span> <span class='ocrx_word' id='word_1_73' title='bbox 457 1366 603 1441; x_wconf 90' lang='lat' dir='ltr'><strong>paululum</strong></span> <span class='ocrx_word' id='word_1_74' title='bbox 630 1367 811 1426; x_wconf 83' lang='lat' dir='ltr'><strong>confabulari.</strong></span> 
     </span>
    </p>

    <p class='ocr_par' dir='ltr' id='par_1_4' title="bbox 160 1466 1262 2017">
     <span class='ocr_line' id='line_1_11' title="bbox 202 1466 1253 1541; baseline 0.004 -17"><span class='ocrx_word' id='word_1_75' title='bbox 202 1468 250 1525; x_wconf 82' lang='grc'><strong>14.</strong></span> <span class='ocrx_word' id='word_1_76' title='bbox 272 1466 318 1524; x_wconf 90' lang='lat' dir='ltr'><strong>De</strong></span> <span class='ocrx_word' id='word_1_77' title='bbox 330 1466 395 1523; x_wconf 88' lang='lat' dir='ltr'><strong>loco</strong></span> <span class='ocrx_word' id='word_1_78' title='bbox 408 1466 438 1522; x_wconf 87' lang='lat' dir='ltr'><strong>in</strong></span> <span class='ocrx_word' id='word_1_79' title='bbox 451 1482 508 1536; x_wconf 90' lang='lat' dir='ltr'><strong>qno</strong></span> <span class='ocrx_word' id='word_1_80' title='bbox 521 1466 662 1524; x_wconf 90' lang='lat' dir='ltr'><strong>audienda</strong></span> <span class='ocrx_word' id='word_1_81' title='bbox 675 1476 718 1524; x_wconf 89' lang='lat' dir='ltr'><strong>est</strong></span> <span class='ocrx_word' id='word_1_82' title='bbox 732 1467 824 1525; x_wconf 89' lang='lat' dir='ltr'><strong>Missa</strong></span> <span class='ocrx_word' id='word_1_83' title='bbox 837 1469 885 1525; x_wconf 84' lang='lat' dir='ltr'><strong>vix</strong></span> <span class='ocrx_word' id='word_1_84' title='bbox 899 1468 1005 1541; x_wconf 87' lang='lat' dir='ltr'><strong>aliquid</strong></span> <span class='ocrx_word' id='word_1_85' title='bbox 1024 1472 1145 1528; x_wconf 69' lang='lat' dir='ltr'><strong>ooeurrit</strong></span> <span class='ocrx_word' id='word_1_86' title='bbox 1157 1469 1253 1529; x_wconf 91' lang='lat' dir='ltr'><strong>dicen-</strong></span> 
     </span>
     <span class='ocr_line' id='line_1_12' title="bbox 160 1563 1262 1640; baseline 0.005 -18"><span class='ocrx_word' id='word_1_87' title='bbox 160 1565 239 1623; x_wconf 91' lang='lat' dir='ltr'><strong>dum.</strong></span> <span class='ocrx_word' id='word_1_88' title='bbox 282 1563 403 1622; x_wconf 77' lang='lat' dir='ltr'>Constat</span> <span class='ocrx_word' id='word_1_89' title='bbox 416 1563 531 1637; x_wconf 91' lang='lat' dir='ltr'><strong>quidem</strong></span> <span class='ocrx_word' id='word_1_90' title='bbox 545 1565 580 1623; x_wconf 87' lang='lat' dir='ltr'><strong>iis</strong></span> <span class='ocrx_word' id='word_1_91' title='bbox 594 1566 624 1622; x_wconf 94' lang='lat' dir='ltr'><strong>in</strong></span> <span class='ocrx_word' id='word_1_92' title='bbox 643 1565 807 1640; x_wconf 79' lang='lat' dir='ltr'><strong>regionibus</strong></span> <span class='ocrx_word' id='word_1_93' title='bbox 821 1568 851 1624; x_wconf 92' lang='lat' dir='ltr'><strong>in</strong></span> <span class='ocrx_word' id='word_1_94' title='bbox 872 1568 974 1638; x_wconf 88' lang='lat' dir='ltr'><strong>quibus</strong></span> <span class='ocrx_word' id='word_1_95' title='bbox 994 1570 1186 1628; x_wconf 85' lang='lat' dir='ltr'><strong>ecclesiastica</strong></span> <span class='ocrx_word' id='word_1_96' title='bbox 1198 1564 1262 1637; x_wconf 57' lang='grc' dir='ltr'><strong>(Η</strong></span> 
     </span>
     <span class='ocr_line' id='line_1_13' title="bbox 161 1663 1255 1740; baseline 0.006 -19"><span class='ocrx_word' id='word_1_97' title='bbox 161 1664 267 1739; x_wconf 89' lang='lat' dir='ltr'><strong>ciplina</strong></span> <span class='ocrx_word' id='word_1_98' title='bbox 293 1664 379 1740; x_wconf 83' lang='lat' dir='ltr'><strong>viget,</strong></span> <span class='ocrx_word' id='word_1_99' title='bbox 405 1664 435 1720; x_wconf 91' lang='lat' dir='ltr'><strong>in</strong></span> <span class='ocrx_word' id='word_1_100' title='bbox 458 1663 596 1730; x_wconf 84' lang='lat' dir='ltr'><strong>ecclesiis,</strong></span> <span class='ocrx_word' id='word_1_101' title='bbox 624 1674 797 1722; x_wconf 89' lang='lat' dir='ltr'><strong>nouantem</strong></span> <span class='ocrx_word' id='word_1_102' title='bbox 826 1666 856 1722; x_wconf 94' lang='lat' dir='ltr'><strong>in</strong></span> <span class='ocrx_word' id='word_1_103' title='bbox 885 1667 1000 1739; x_wconf 89' lang='lat' dir='ltr'><strong>privatis</strong></span> <span class='ocrx_word' id='word_1_104' title='bbox 1029 1669 1168 1734; x_wconf 78' lang='lat' dir='ltr'><strong>oratoriis,</strong></span> <span class='ocrx_word' id='word_1_105' title='bbox 1192 1686 1255 1728; x_wconf 66' lang='lat' dir='ltr'><strong>eam</strong></span> 
     </span>
     <span class='ocr_line' id='line_1_14' title="bbox 162 1762 1256 1842; baseline 0.003 -21"><span class='ocrx_word' id='word_1_106' title='bbox 162 1762 342 1830; x_wconf 88' lang='lat' dir='ltr'><strong>audiendam,</strong></span> <span class='ocrx_word' id='word_1_107' title='bbox 356 1762 412 1820; x_wconf 85' lang='lat' dir='ltr'><strong>nisi</strong></span> <span class='ocrx_word' id='word_1_108' title='bbox 425 1762 577 1839; x_wconf 79' lang='lat' dir='ltr'><strong>privilegio</strong></span> <span class='ocrx_word' id='word_1_109' title='bbox 590 1762 654 1834; x_wconf 87' lang='lat' dir='ltr'><strong>quis</strong></span> <span class='ocrx_word' id='word_1_110' title='bbox 677 1762 761 1821; x_wconf 88' lang='lat' dir='ltr'><strong>fuerit</strong></span> <span class='ocrx_word' id='word_1_111' title='bbox 779 1762 909 1820; x_wconf 88' lang='lat' dir='ltr'><strong>donatus.</strong></span> <span class='ocrx_word' id='word_1_112' title='bbox 952 1762 1008 1820; x_wconf 90' lang='lat' dir='ltr'><strong>His</strong></span> <span class='ocrx_word' id='word_1_113' title='bbox 1031 1775 1125 1822; x_wconf 89' lang='lat' dir='ltr'><strong>autem</strong></span> <span class='ocrx_word' id='word_1_114' title='bbox 1150 1768 1179 1822; x_wconf 91' lang='lat' dir='ltr'><strong>in</strong></span> <span class='ocrx_word' id='word_1_115' title='bbox 1193 1784 1256 1842; x_wconf 87' lang='lat' dir='ltr'><strong>pro-</strong></span> 
     </span>
     <span class='ocr_line' id='line_1_15' title="bbox 162 1861 1256 1938; baseline 0.003 -19"><span class='ocrx_word' id='word_1_116' title='bbox 162 1861 264 1919; x_wconf 87' lang='lat' dir='ltr'><strong>vinciis</strong></span> <span class='ocrx_word' id='word_1_117' title='bbox 284 1861 416 1919; x_wconf 80' lang='lat' dir='ltr'><strong>satisfacit</strong></span> <span class='ocrx_word' id='word_1_118' title='bbox 438 1871 581 1938; x_wconf 79' lang='lat' dir='ltr'><strong>praecepto</strong></span> <span class='ocrx_word' id='word_1_119' title='bbox 602 1861 650 1933; x_wconf 90' lang='lat' dir='ltr'><strong>qui</strong></span> <span class='ocrx_word' id='word_1_120' title='bbox 672 1861 794 1919; x_wconf 86' lang='lat' dir='ltr'><strong>Missam</strong></span> <span class='ocrx_word' id='word_1_121' title='bbox 821 1862 948 1935; x_wconf 91' lang='lat' dir='ltr'><strong>quolibet</strong></span> <span class='ocrx_word' id='word_1_122' title='bbox 966 1864 996 1921; x_wconf 95' lang='lat' dir='ltr'><strong>in</strong></span> <span class='ocrx_word' id='word_1_123' title='bbox 1018 1863 1083 1921; x_wconf 92' lang='lat' dir='ltr'><strong>loco</strong></span> <span class='ocrx_word' id='word_1_124' title='bbox 1096 1875 1256 1922; x_wconf 78' lang='lat' dir='ltr'><strong>reverenter</strong></span> 
     </span>
     <span class='ocr_line' id='line_1_16' title="bbox 164 1958 252 2017; baseline -0.011 0"><span class='ocrx_word' id='word_1_125' title='bbox 164 1958 252 2017; x_wconf 84' lang='lat' dir='ltr'><strong>audit.</strong></span> 
     </span>
    </p>

    <p class='ocr_par' dir='ltr' id='par_1_5' title="bbox 160 2057 1255 2337">
     <span class='ocr_line' id='line_1_17' title="bbox 205 2057 1255 2136; baseline 0.005 -22"><span class='ocrx_word' id='word_1_126' title='bbox 205 2062 251 2116; x_wconf 81' lang='lat'><strong>15.</strong></span> <span class='ocrx_word' id='word_1_127' title='bbox 273 2059 318 2116; x_wconf 85' lang='lat' dir='ltr'><strong>Ab</strong></span> <span class='ocrx_word' id='word_1_128' title='bbox 342 2057 481 2117; x_wconf 88' lang='lat' dir='ltr'><strong>audienda</strong></span> <span class='ocrx_word' id='word_1_129' title='bbox 504 2059 598 2117; x_wconf 85' lang='lat' dir='ltr'><strong>Missa</strong></span> <span class='ocrx_word' id='word_1_130' title='bbox 624 2068 743 2117; x_wconf 86' lang='lat' dir='ltr'><strong>excusat</strong></span> <span class='ocrx_word' id='word_1_131' title='bbox 767 2061 876 2132; x_wconf 77' lang='lat' dir='ltr'><strong>quevis</strong></span> <span class='ocrx_word' id='word_1_132' title='bbox 906 2079 991 2118; x_wconf 87' lang='lat' dir='ltr'><strong>causa</strong></span> <span class='ocrx_word' id='word_1_133' title='bbox 1015 2063 1118 2136; x_wconf 82' lang='lat' dir='ltr'><strong>gravis,</strong></span> <span class='ocrx_word' id='word_1_134' title='bbox 1145 2062 1255 2121; x_wconf 86' lang='lat' dir='ltr'><strong>scilicet</strong></span> 
     </span>
     <span class='ocr_line' id='line_1_18' title="bbox 161 2157 1251 2231; baseline 0.003 -15"><span class='ocrx_word' id='word_1_135' title='bbox 161 2157 282 2216; x_wconf 88' lang='lat' dir='ltr'><strong>notabile</strong></span> <span class='ocrx_word' id='word_1_136' title='bbox 308 2157 425 2230; x_wconf 82' lang='lat' dir='ltr'><strong>aliquod</strong></span> <span class='ocrx_word' id='word_1_137' title='bbox 444 2157 668 2225; x_wconf 89' lang='lat' dir='ltr'><strong>incommodum,</strong></span> <span class='ocrx_word' id='word_1_138' title='bbox 690 2168 738 2216; x_wconf 89' lang='lat' dir='ltr'><strong>aut</strong></span> <span class='ocrx_word' id='word_1_139' title='bbox 760 2157 894 2217; x_wconf 86' lang='lat' dir='ltr'><strong>damnum</strong></span> <span class='ocrx_word' id='word_1_140' title='bbox 916 2160 945 2216; x_wconf 92' lang='lat' dir='ltr'><strong>in</strong></span> <span class='ocrx_word' id='word_1_141' title='bbox 968 2160 1049 2218; x_wconf 90' lang='lat' dir='ltr'><strong>bonis</strong></span> <span class='ocrx_word' id='word_1_142' title='bbox 1073 2162 1186 2231; x_wconf 78' lang='lat' dir='ltr'><strong>anima,</strong></span> <span class='ocrx_word' id='word_1_143' title='bbox 1207 2161 1251 2219; x_wconf 90' lang='lat' dir='ltr'><strong>vel</strong></span> 
     </span>
     <span class='ocr_line' id='line_1_19' title="bbox 160 2257 1252 2337; baseline 0.002 -23"><span class='ocrx_word' id='word_1_144' title='bbox 160 2258 289 2333; x_wconf 87' lang='lat' dir='ltr'><strong>corporis</strong></span> <span class='ocrx_word' id='word_1_145' title='bbox 309 2257 427 2333; x_wconf 86' lang='lat' dir='ltr'><strong>proprii,</strong></span> <span class='ocrx_word' id='word_1_146' title='bbox 451 2257 495 2313; x_wconf 90' lang='lat' dir='ltr'><strong>vel</strong></span> <span class='ocrx_word' id='word_1_147' title='bbox 517 2258 650 2333; x_wconf 86' lang='lat' dir='ltr'><strong>proximi.</strong></span> <span class='ocrx_word' id='word_1_148' title='bbox 693 2258 736 2314; x_wconf 88' lang='lat' dir='ltr'><strong>lta</strong></span> <span class='ocrx_word' id='word_1_149' title='bbox 756 2259 946 2315; x_wconf 86' lang='lat' dir='ltr'><strong>communiter</strong></span> <span class='ocrx_word' id='word_1_150' title='bbox 965 2257 1101 2337; x_wconf 77' lang='lat' dir='ltr'><strong>theologi,</strong></span> <span class='ocrx_word' id='word_1_151' title='bbox 1126 2269 1197 2316; x_wconf 86' lang='lat' dir='ltr'><strong>teste</strong></span> <span class='ocrx_word' id='word_1_152' title='bbox 1220 2261 1252 2316; x_wconf 83' lang='lat' dir='ltr'><strong>S.</strong></span> 
     </span>
    </p>
   </div>
   <div class='ocr_carea' id='block_1_3' title="bbox 162 2352 1367 2432">
    <p class='ocr_par' dir='ltr' id='par_1_6' title="bbox 162 2352 1367 2432">
     <span class='ocr_line' id='line_1_20' title="bbox 162 2352 1367 2432; baseline 0.002 -19"><span class='ocrx_word' id='word_1_153' title='bbox 162 2355 315 2432; x_wconf 83' lang='lat' dir='ltr'><strong>Alpbonso</strong></span> <span class='ocrx_word' id='word_1_154' title='bbox 334 2353 370 2412; x_wconf 88' lang='lat' dir='ltr'><strong>de</strong></span> <span class='ocrx_word' id='word_1_155' title='bbox 392 2355 519 2431; x_wconf 82' lang='lat' dir='ltr'><strong>Ligurio.</strong></span> <span class='ocrx_word' id='word_1_156' title='bbox 561 2356 619 2422; x_wconf 87' lang='lat' dir='ltr'><strong>Qui</strong></span> <span class='ocrx_word' id='word_1_157' title='bbox 642 2355 727 2414; x_wconf 90' lang='lat' dir='ltr'><strong>habet</strong></span> <span class='ocrx_word' id='word_1_158' title='bbox 749 2355 928 2432; x_wconf 81' lang='lat' dir='ltr'><strong>privilegium</strong></span> <span class='ocrx_word' id='word_1_159' title='bbox 942 2352 1102 2417; x_wconf 85' lang='lat' dir='ltr'><strong>celebrandi</strong></span> <span class='ocrx_word' id='word_1_160' title='bbox 1126 2358 1155 2414; x_wconf 93' lang='lat' dir='ltr'><strong>in</strong></span> <span class='ocrx_word' id='word_1_161' title='bbox 1177 2358 1256 2415; x_wconf 84' lang='lat' dir='ltr'><strong>altari</strong></span> <span class='ocrx_word' id='word_1_162' title='bbox 1359 2400 1367 2429; x_wconf 79' lang='lat'><strong>,</strong></span> 
     </span>
    </p>
   </div>
   <div class='ocr_carea' id='block_1_4' title="bbox 161 2452 1255 2730">
    <p class='ocr_par' dir='ltr' id='par_1_7' title="bbox 161 2452 1255 2730">
     <span class='ocr_line' id='line_1_21' title="bbox 162 2452 1255 2535; baseline 0.002 -23"><span class='ocrx_word' id='word_1_163' title='bbox 162 2454 296 2532; x_wconf 87' lang='lat' dir='ltr'><strong>portatili,</strong></span> <span class='ocrx_word' id='word_1_164' title='bbox 310 2452 394 2512; x_wconf 86' lang='lat' dir='ltr'><strong>debet</strong></span> <span class='ocrx_word' id='word_1_165' title='bbox 406 2472 441 2512; x_wconf 91' lang='lat' dir='ltr'><strong>eo</strong></span> <span class='ocrx_word' id='word_1_166' title='bbox 453 2457 494 2512; x_wconf 89' lang='lat' dir='ltr'><strong>uti</strong></span> <span class='ocrx_word' id='word_1_167' title='bbox 508 2456 536 2512; x_wconf 94' lang='lat' dir='ltr'><strong>in</strong></span> <span class='ocrx_word' id='word_1_168' title='bbox 557 2455 603 2512; x_wconf 90' lang='lat' dir='ltr'><strong>die</strong></span> <span class='ocrx_word' id='word_1_169' title='bbox 623 2453 775 2522; x_wconf 85' lang='lat' dir='ltr'><strong>dominica,</strong></span> <span class='ocrx_word' id='word_1_170' title='bbox 791 2454 906 2523; x_wconf 75' lang='lat' dir='ltr'><strong>festam,</strong></span> <span class='ocrx_word' id='word_1_171' title='bbox 921 2458 946 2514; x_wconf 88' lang='lat' dir='ltr'><strong>si</strong></span> <span class='ocrx_word' id='word_1_172' title='bbox 966 2455 1033 2513; x_wconf 86' lang='lat' dir='ltr'><strong>alias</strong></span> <span class='ocrx_word' id='word_1_173' title='bbox 1054 2454 1177 2516; x_wconf 87' lang='lat' dir='ltr'><strong>Missam</strong></span> <span class='ocrx_word' id='word_1_174' title='bbox 1192 2460 1255 2535; x_wconf 86' lang='lat' dir='ltr'><strong>ipse</strong></span> 
     </span>
     <span class='ocr_line' id='line_1_22' title="bbox 161 2552 1254 2630; baseline 0 -18"><span class='ocrx_word' id='word_1_175' title='bbox 161 2553 258 2613; x_wconf 90' lang='lat' dir='ltr'><strong>audire</strong></span> <span class='ocrx_word' id='word_1_176' title='bbox 280 2563 420 2626; x_wconf 86' lang='lat' dir='ltr'><strong>nequeat:</strong></span> <span class='ocrx_word' id='word_1_177' title='bbox 442 2552 597 2613; x_wconf 89' lang='lat' dir='ltr'><strong>dummodo</strong></span> <span class='ocrx_word' id='word_1_178' title='bbox 620 2564 715 2612; x_wconf 88' lang='lat' dir='ltr'><strong>tamen</strong></span> <span class='ocrx_word' id='word_1_179' title='bbox 735 2555 828 2630; x_wconf 88' lang='lat' dir='ltr'><strong>possit</strong></span> <span class='ocrx_word' id='word_1_180' title='bbox 849 2568 1008 2613; x_wconf 88' lang='lat' dir='ltr'><strong>reverenter</strong></span> <span class='ocrx_word' id='word_1_181' title='bbox 1029 2565 1136 2615; x_wconf 90' lang='lat' dir='ltr'><strong>tautum</strong></span> <span class='ocrx_word' id='word_1_182' title='bbox 1151 2575 1254 2615; x_wconf 90' lang='lat' dir='ltr'><strong>munus</strong></span> 
     </span>
     <span class='ocr_line' id='line_1_23' title="bbox 161 2653 1255 2730; baseline 0 -18"><span class='ocrx_word' id='word_1_183' title='bbox 161 2654 241 2712; x_wconf 88' lang='lat' dir='ltr'><strong>obire</strong></span> <span class='ocrx_word' id='word_1_184' title='bbox 254 2653 290 2711; x_wconf 86' lang='lat' dir='ltr'><strong>iis</strong></span> <span class='ocrx_word' id='word_1_185' title='bbox 301 2653 330 2710; x_wconf 92' lang='lat' dir='ltr'><strong>in</strong></span> <span class='ocrx_word' id='word_1_186' title='bbox 343 2669 437 2710; x_wconf 90' lang='lat' dir='ltr'><strong>rerum</strong></span> <span class='ocrx_word' id='word_1_187' title='bbox 451 2653 590 2730; x_wconf 90' lang='lat' dir='ltr'><strong>adjunctis</strong></span> <span class='ocrx_word' id='word_1_188' title='bbox 604 2655 633 2710; x_wconf 93' lang='lat' dir='ltr'><strong>in</strong></span> <span class='ocrx_word' id='word_1_189' title='bbox 647 2655 749 2725; x_wconf 91' lang='lat' dir='ltr'><strong>quibus</strong></span> <span class='ocrx_word' id='word_1_190' title='bbox 763 2673 830 2712; x_wconf 90' lang='lat' dir='ltr'><strong>euru</strong></span> <span class='ocrx_word' id='word_1_191' title='bbox 845 2657 949 2713; x_wconf 88' lang='lat' dir='ltr'><strong>versari</strong></span> <span class='ocrx_word' id='word_1_192' title='bbox 962 2656 1120 2730; x_wconf 86' lang='lat' dir='ltr'><strong>contigerit.</strong></span> <span class='ocrx_word' id='word_1_193' title='bbox 1163 2654 1255 2714; x_wconf 78' lang='lat' dir='ltr'><strong>Cate-</strong></span> 
     </span>
    </p>
   </div>
   <div class='ocr_carea' id='block_1_5' title="bbox 160 2748 1339 2811">
    <p class='ocr_par' dir='ltr' id='par_1_8' title="bbox 160 2748 1339 2811">
     <span class='ocr_line' id='line_1_24' title="bbox 160 2748 1339 2811; baseline -0.001 -1"><span class='ocrx_word' id='word_1_194' title='bbox 160 2771 226 2810; x_wconf 90' lang='lat' dir='ltr'><strong>rurn</strong></span> <span class='ocrx_word' id='word_1_195' title='bbox 239 2754 265 2810; x_wconf 87' lang='lat' dir='ltr'><strong>si</strong></span> <span class='ocrx_word' id='word_1_196' title='bbox 278 2753 352 2810; x_wconf 88' lang='lat' dir='ltr'><strong>inter</strong></span> <span class='ocrx_word' id='word_1_197' title='bbox 365 2751 536 2809; x_wconf 88' lang='lat' dir='ltr'><strong>acatholicos</strong></span> <span class='ocrx_word' id='word_1_198' title='bbox 550 2752 628 2810; x_wconf 87' lang='lat' dir='ltr'><strong>solus</strong></span> <span class='ocrx_word' id='word_1_199' title='bbox 642 2763 768 2810; x_wconf 85' lang='lat' dir='ltr'><strong>versetur</strong></span> <span class='ocrx_word' id='word_1_200' title='bbox 780 2753 810 2809; x_wconf 91' lang='lat' dir='ltr'><strong>in</strong></span> <span class='ocrx_word' id='word_1_201' title='bbox 824 2753 922 2809; x_wconf 91' lang='lat' dir='ltr'><strong>itinere</strong></span> <span class='ocrx_word' id='word_1_202' title='bbox 936 2772 994 2811; x_wconf 93' lang='lat' dir='ltr'><strong>non</strong></span> <span class='ocrx_word' id='word_1_203' title='bbox 1014 2764 1123 2809; x_wconf 90' lang='lat' dir='ltr'><strong>tenetur</strong></span> <span class='ocrx_word' id='word_1_204' title='bbox 1136 2753 1170 2809; x_wconf 90' lang='lat' dir='ltr'><strong>ad</strong></span> <span class='ocrx_word' id='word_1_205' title='bbox 1184 2754 1256 2810; x_wconf 87' lang='lat' dir='ltr'><strong>cele·</strong></span> <span class='ocrx_word' id='word_1_206' title='bbox 1334 2748 1339 2759; x_wconf 84' lang='lat'>&#39;</span> 
     </span>
    </p>
   </div>
   <div class='ocr_carea' id='block_1_6' title="bbox 161 2851 1260 4110">
    <p class='ocr_par' dir='ltr' id='par_1_9' title="bbox 164 2851 1159 2927">
     <span class='ocr_line' id='line_1_25' title="bbox 164 2851 1159 2927; baseline -0.003 -17"><span class='ocrx_word' id='word_1_207' title='bbox 164 2851 322 2918; x_wconf 85' lang='lat' dir='ltr'><strong>brandum;</strong></span> <span class='ocrx_word' id='word_1_208' title='bbox 344 2866 433 2923; x_wconf 89' lang='lat' dir='ltr'><strong>quum</strong></span> <span class='ocrx_word' id='word_1_209' title='bbox 447 2852 495 2908; x_wconf 85' lang='lat' dir='ltr'><strong>vix</strong></span> <span class='ocrx_word' id='word_1_210' title='bbox 510 2852 601 2927; x_wconf 88' lang='lat' dir='ltr'><strong>possit</strong></span> <span class='ocrx_word' id='word_1_211' title='bbox 613 2851 706 2909; x_wconf 89' lang='lat' dir='ltr'><strong>debita</strong></span> <span class='ocrx_word' id='word_1_212' title='bbox 719 2851 859 2908; x_wconf 83' lang='lat' dir='ltr'><strong>sacrificio</strong></span> <span class='ocrx_word' id='word_1_213' title='bbox 874 2851 1031 2909; x_wconf 89' lang='lat' dir='ltr'><strong>reverentia</strong></span> <span class='ocrx_word' id='word_1_214' title='bbox 1043 2851 1159 2907; x_wconf 87' lang='lat' dir='ltr'><strong>servari.</strong></span> 
     </span>
    </p>

    <p class='ocr_par' dir='ltr' id='par_1_10' title="bbox 161 2947 1258 3709">
     <span class='ocr_line' id='line_1_26' title="bbox 210 2947 1254 3018; baseline 0.003 -11"><span class='ocrx_word' id='word_1_215' title='bbox 210 2954 256 3007; x_wconf 84' lang='grc'><strong>16.</strong></span> <span class='ocrx_word' id='word_1_216' title='bbox 277 2950 335 3016; x_wconf 86' lang='lat' dir='ltr'><strong>Qut</strong></span> <span class='ocrx_word' id='word_1_217' title='bbox 347 2951 377 3008; x_wconf 94' lang='lat' dir='ltr'><strong>in</strong></span> <span class='ocrx_word' id='word_1_218' title='bbox 390 2951 472 3016; x_wconf 91' lang='lat' dir='ltr'><strong>mari,</strong></span> <span class='ocrx_word' id='word_1_219' title='bbox 483 2950 529 3007; x_wconf 92' lang='lat' dir='ltr'><strong>vel</strong></span> <span class='ocrx_word' id='word_1_220' title='bbox 542 2968 653 3007; x_wconf 85' lang='lat' dir='ltr'><strong>carcere</strong></span> <span class='ocrx_word' id='word_1_221' title='bbox 663 2959 816 3017; x_wconf 86' lang='lat' dir='ltr'><strong>versantur,</strong></span> <span class='ocrx_word' id='word_1_222' title='bbox 826 2950 1000 3008; x_wconf 74' lang='lat' dir='ltr'><strong>excusariab</strong></span> <span class='ocrx_word' id='word_1_223' title='bbox 1009 2947 1150 3007; x_wconf 87' lang='lat' dir='ltr'><strong>audiendo</strong></span> <span class='ocrx_word' id='word_1_224' title='bbox 1164 2969 1254 3018; x_wconf 86' lang='lat' dir='ltr'><strong>sacro,</strong></span> 
     </span>
     <span class='ocr_line' id='line_1_27' title="bbox 164 3048 1257 3121; baseline 0.002 -15"><span class='ocrx_word' id='word_1_225' title='bbox 164 3052 192 3108; x_wconf 88' lang='lat' dir='ltr'><strong>si</strong></span> <span class='ocrx_word' id='word_1_226' title='bbox 204 3048 335 3107; x_wconf 89' lang='lat' dir='ltr'><strong>sacerdos</strong></span> <span class='ocrx_word' id='word_1_227' title='bbox 349 3049 399 3121; x_wconf 90' lang='lat' dir='ltr'><strong>qui</strong></span> <span class='ocrx_word' id='word_1_228' title='bbox 411 3048 534 3107; x_wconf 88' lang='lat' dir='ltr'><strong>celebret</strong></span> <span class='ocrx_word' id='word_1_229' title='bbox 546 3066 604 3106; x_wconf 92' lang='lat' dir='ltr'><strong>non</strong></span> <span class='ocrx_word' id='word_1_230' title='bbox 624 3049 705 3116; x_wconf 89' lang='lat' dir='ltr'><strong>adsit,</strong></span> <span class='ocrx_word' id='word_1_231' title='bbox 720 3067 806 3108; x_wconf 92' lang='lat' dir='ltr'><strong>nemo</strong></span> <span class='ocrx_word' id='word_1_232' title='bbox 826 3066 884 3107; x_wconf 91' lang='lat' dir='ltr'><strong>non</strong></span> <span class='ocrx_word' id='word_1_233' title='bbox 899 3049 982 3108; x_wconf 88' lang='lat' dir='ltr'><strong>videt</strong></span> <span class='ocrx_word' id='word_1_234' title='bbox 1024 3048 1158 3107; x_wconf 90' lang='lat' dir='ltr'><strong>lufirmos</strong></span> <span class='ocrx_word' id='word_1_235' title='bbox 1172 3053 1257 3109; x_wconf 88' lang='lat' dir='ltr'><strong>etiam</strong></span> 
     </span>
     <span class='ocr_line' id='line_1_28' title="bbox 162 3146 1256 3226; baseline 0 -19"><span class='ocrx_word' id='word_1_236' title='bbox 162 3149 302 3215; x_wconf 85' lang='lat' dir='ltr'><strong>excusari,</strong></span> <span class='ocrx_word' id='word_1_237' title='bbox 317 3149 365 3220; x_wconf 89' lang='lat' dir='ltr'><strong>qui</strong></span> <span class='ocrx_word' id='word_1_238' title='bbox 385 3146 517 3206; x_wconf 85' lang='lat' dir='ltr'><strong>exeundo</strong></span> <span class='ocrx_word' id='word_1_239' title='bbox 531 3147 566 3204; x_wconf 89' lang='lat' dir='ltr'><strong>ad</strong></span> <span class='ocrx_word' id='word_1_240' title='bbox 580 3148 702 3207; x_wconf 88' lang='lat' dir='ltr'><strong>Missam</strong></span> <span class='ocrx_word' id='word_1_241' title='bbox 716 3148 885 3207; x_wconf 87' lang='lat' dir='ltr'><strong>audiendam</strong></span> <span class='ocrx_word' id='word_1_242' title='bbox 905 3167 989 3226; x_wconf 79' lang='lat' dir='ltr'><strong>grave</strong></span> <span class='ocrx_word' id='word_1_243' title='bbox 1002 3147 1138 3206; x_wconf 86' lang='lat' dir='ltr'><strong>damnum</strong></span> <span class='ocrx_word' id='word_1_244' title='bbox 1152 3149 1256 3207; x_wconf 84' lang='lat' dir='ltr'><strong>valetu-</strong></span> 
     </span>
     <span class='ocr_line' id='line_1_29' title="bbox 161 3243 1254 3322; baseline 0 -17"><span class='ocrx_word' id='word_1_245' title='bbox 161 3247 233 3314; x_wconf 90' lang='lat' dir='ltr'><strong>dini,</strong></span> <span class='ocrx_word' id='word_1_246' title='bbox 247 3247 292 3303; x_wconf 94' lang='lat' dir='ltr'><strong>vel</strong></span> <span class='ocrx_word' id='word_1_247' title='bbox 305 3264 414 3304; x_wconf 89' lang='lat' dir='ltr'><strong>moram</strong></span> <span class='ocrx_word' id='word_1_248' title='bbox 433 3246 469 3305; x_wconf 88' lang='lat' dir='ltr'><strong>ad</strong></span> <span class='ocrx_word' id='word_1_249' title='bbox 488 3247 745 3307; x_wconf 84' lang='lat' dir='ltr'><strong>convalescendum</strong></span> <span class='ocrx_word' id='word_1_250' title='bbox 759 3248 922 3314; x_wconf 86' lang='lat' dir='ltr'><strong>notabilem,</strong></span> <span class='ocrx_word' id='word_1_251' title='bbox 937 3249 1046 3311; x_wconf 86' lang='lat' dir='ltr'><strong>timent,</strong></span> <span class='ocrx_word' id='word_1_252' title='bbox 1062 3243 1137 3322; x_wconf 92' lang='lat' dir='ltr'><strong>apud</strong></span> <span class='ocrx_word' id='word_1_253' title='bbox 1151 3264 1254 3304; x_wconf 88' lang='lat' dir='ltr'><strong>omnes</strong></span> 
     </span>
     <span class='ocr_line' id='line_1_30' title="bbox 161 3342 1257 3421; baseline -0.003 -16"><span class='ocrx_word' id='word_1_254' title='bbox 161 3354 281 3405; x_wconf 85' lang='lat' dir='ltr'><strong>constat.</strong></span> <span class='ocrx_word' id='word_1_255' title='bbox 324 3346 358 3403; x_wconf 93' lang='lat' dir='ltr'><strong>ln</strong></span> <span class='ocrx_word' id='word_1_256' title='bbox 371 3344 457 3403; x_wconf 92' lang='lat' dir='ltr'><strong>dubio</strong></span> <span class='ocrx_word' id='word_1_257' title='bbox 477 3356 570 3403; x_wconf 88' lang='lat' dir='ltr'><strong>autem</strong></span> <span class='ocrx_word' id='word_1_258' title='bbox 593 3349 673 3419; x_wconf 90' lang='lat' dir='ltr'><strong>sequi</strong></span> <span class='ocrx_word' id='word_1_259' title='bbox 687 3355 821 3421; x_wconf 87' lang='lat' dir='ltr'><strong>poterunt</strong></span> <span class='ocrx_word' id='word_1_260' title='bbox 832 3343 1010 3410; x_wconf 82' lang='lat' dir='ltr'><strong>confessarii,</strong></span> <span class='ocrx_word' id='word_1_261' title='bbox 1024 3342 1069 3399; x_wconf 93' lang='lat' dir='ltr'><strong>vel</strong></span> <span class='ocrx_word' id='word_1_262' title='bbox 1083 3342 1197 3410; x_wconf 86' lang='lat' dir='ltr'><strong>medici,</strong></span> <span class='ocrx_word' id='word_1_263' title='bbox 1212 3346 1257 3402; x_wconf 88' lang='lat' dir='ltr'><strong>vel</strong></span> 
     </span>
     <span class='ocr_line' id='line_1_31' title="bbox 162 3442 1256 3522; baseline 0.001 -20"><span class='ocrx_word' id='word_1_264' title='bbox 162 3443 309 3521; x_wconf 89' lang='lat' dir='ltr'><strong>prudentis</strong></span> <span class='ocrx_word' id='word_1_265' title='bbox 322 3454 351 3502; x_wconf 89' lang='lat' dir='ltr'><strong>et</strong></span> <span class='ocrx_word' id='word_1_266' title='bbox 369 3445 410 3519; x_wconf 93' lang='lat' dir='ltr'><strong>pii</strong></span> <span class='ocrx_word' id='word_1_267' title='bbox 424 3446 476 3503; x_wconf 85' lang='lat' dir='ltr'><strong>viri</strong></span> <span class='ocrx_word' id='word_1_268' title='bbox 492 3444 645 3522; x_wconf 89' lang='lat' dir='ltr'><strong>judicium.</strong></span> <span class='ocrx_word' id='word_1_269' title='bbox 689 3444 780 3501; x_wconf 85' lang='lat' dir='ltr'><strong>Senes</strong></span> <span class='ocrx_word' id='word_1_270' title='bbox 794 3444 879 3501; x_wconf 92' lang='lat' dir='ltr'><strong>etiam</strong></span> <span class='ocrx_word' id='word_1_271' title='bbox 892 3442 974 3499; x_wconf 86' lang='lat' dir='ltr'><strong>facile</strong></span> <span class='ocrx_word' id='word_1_272' title='bbox 987 3451 1162 3499; x_wconf 84' lang='lat' dir='ltr'><strong>excusantur</strong></span> <span class='ocrx_word' id='word_1_273' title='bbox 1174 3445 1256 3503; x_wconf 82' lang='lat' dir='ltr'><strong>saevi-</strong></span> 
     </span>
     <span class='ocr_line' id='line_1_32' title="bbox 162 3542 1258 3620; baseline 0.001 -18"><span class='ocrx_word' id='word_1_274' title='bbox 162 3554 228 3602; x_wconf 90' lang='lat' dir='ltr'><strong>ente</strong></span> <span class='ocrx_word' id='word_1_275' title='bbox 241 3542 347 3609; x_wconf 87' lang='lat' dir='ltr'><strong>bieme,</strong></span> <span class='ocrx_word' id='word_1_276' title='bbox 361 3553 390 3600; x_wconf 89' lang='lat' dir='ltr'><strong>et</strong></span> <span class='ocrx_word' id='word_1_277' title='bbox 401 3543 491 3619; x_wconf 79' lang='lat' dir='ltr'><strong>glacie</strong></span> <span class='ocrx_word' id='word_1_278' title='bbox 505 3545 568 3603; x_wconf 89' lang='lat' dir='ltr'><strong>solo</strong></span> <span class='ocrx_word' id='word_1_279' title='bbox 582 3553 696 3602; x_wconf 83' lang='lat' dir='ltr'><strong>coacto:</strong></span> <span class='ocrx_word' id='word_1_280' title='bbox 719 3553 763 3601; x_wconf 92' lang='lat' dir='ltr'><strong>est</strong></span> <span class='ocrx_word' id='word_1_281' title='bbox 775 3544 853 3603; x_wconf 90' lang='lat' dir='ltr'><strong>enim</strong></span> <span class='ocrx_word' id='word_1_282' title='bbox 867 3542 1050 3602; x_wconf 78' lang='lat' dir='ltr'><strong>manifestum</strong></span> <span class='ocrx_word' id='word_1_283' title='bbox 1069 3542 1169 3620; x_wconf 92' lang='lat' dir='ltr'><strong>lapsus</strong></span> <span class='ocrx_word' id='word_1_284' title='bbox 1183 3546 1258 3620; x_wconf 92' lang='lat' dir='ltr'><strong>peri·</strong></span> 
     </span>
     <span class='ocr_line' id='line_1_33' title="bbox 163 3642 594 3709; baseline 0.005 -10"><span class='ocrx_word' id='word_1_285' title='bbox 163 3643 270 3709; x_wconf 86' lang='lat' dir='ltr'><strong>culum,</strong></span> <span class='ocrx_word' id='word_1_286' title='bbox 282 3652 310 3699; x_wconf 91' lang='lat' dir='ltr'><strong>et</strong></span> <span class='ocrx_word' id='word_1_287' title='bbox 322 3642 442 3700; x_wconf 90' lang='lat' dir='ltr'><strong>membri</strong></span> <span class='ocrx_word' id='word_1_288' title='bbox 456 3643 594 3701; x_wconf 84' lang='lat' dir='ltr'><strong>fracturas.</strong></span> 
     </span>
    </p>

    <p class='ocr_par' dir='ltr' id='par_1_11' title="bbox 162 3741 1260 4110">
     <span class='ocr_line' id='line_1_34' title="bbox 207 3741 1258 3818; baseline 0.001 -21"><span class='ocrx_word' id='word_1_289' title='bbox 207 3745 254 3799; x_wconf 90' lang='grc'><strong>17.</strong></span> <span class='ocrx_word' id='word_1_290' title='bbox 276 3741 459 3799; x_wconf 84' lang='lat' dir='ltr'><strong>Excusantur</strong></span> <span class='ocrx_word' id='word_1_291' title='bbox 480 3743 500 3799; x_wconf 90' lang='lat' dir='ltr'><strong>ii</strong></span> <span class='ocrx_word' id='word_1_292' title='bbox 522 3744 572 3815; x_wconf 90' lang='lat' dir='ltr'><strong>qui</strong></span> <span class='ocrx_word' id='word_1_293' title='bbox 595 3743 756 3801; x_wconf 85' lang='lat' dir='ltr'><strong>necessario</strong></span> <span class='ocrx_word' id='word_1_294' title='bbox 776 3761 890 3801; x_wconf 90' lang='lat' dir='ltr'><strong>manere</strong></span> <span class='ocrx_word' id='word_1_295' title='bbox 913 3741 991 3801; x_wconf 90' lang='lat' dir='ltr'><strong>domi</strong></span> <span class='ocrx_word' id='word_1_296' title='bbox 1013 3741 1115 3800; x_wconf 91' lang='lat' dir='ltr'><strong>debent</strong></span> <span class='ocrx_word' id='word_1_297' title='bbox 1136 3741 1170 3798; x_wconf 88' lang='lat' dir='ltr'><strong>ad</strong></span> <span class='ocrx_word' id='word_1_298' title='bbox 1197 3743 1258 3818; x_wconf 85' lang='lat' dir='ltr'><strong>ejus</strong></span> 
     </span>
     <span class='ocr_line' id='line_1_35' title="bbox 165 3838 1259 3918; baseline -0.002 -20"><span class='ocrx_word' id='word_1_299' title='bbox 165 3839 325 3898; x_wconf 88' lang='lat' dir='ltr'><strong>custodiam</strong></span> <span class='ocrx_word' id='word_1_300' title='bbox 337 3860 344 3905; x_wconf 90' lang='lat'><strong>;</strong></span> <span class='ocrx_word' id='word_1_301' title='bbox 365 3838 416 3897; x_wconf 89' lang='lat' dir='ltr'><strong>sed</strong></span> <span class='ocrx_word' id='word_1_302' title='bbox 429 3841 454 3897; x_wconf 88' lang='lat' dir='ltr'><strong>si</strong></span> <span class='ocrx_word' id='word_1_303' title='bbox 469 3842 565 3917; x_wconf 90' lang='lat' dir='ltr'><strong>plures</strong></span> <span class='ocrx_word' id='word_1_304' title='bbox 578 3844 636 3900; x_wconf 91' lang='lat' dir='ltr'><strong>sint</strong></span> <span class='ocrx_word' id='word_1_305' title='bbox 655 3840 785 3918; x_wconf 88' lang='lat' dir='ltr'><strong>ejusdem</strong></span> <span class='ocrx_word' id='word_1_306' title='bbox 798 3841 921 3906; x_wconf 78' lang='lat' dir='ltr'><strong>familias,</strong></span> <span class='ocrx_word' id='word_1_307' title='bbox 943 3841 1046 3898; x_wconf 91' lang='lat' dir='ltr'><strong>debent</strong></span> <span class='ocrx_word' id='word_1_308' title='bbox 1058 3842 1132 3897; x_wconf 87' lang='lat' dir='ltr'><strong>inter</strong></span> <span class='ocrx_word' id='word_1_309' title='bbox 1144 3856 1175 3893; x_wconf 90' lang='lat' dir='ltr'><strong>se</strong></span> <span class='ocrx_word' id='word_1_310' title='bbox 1191 3854 1259 3896; x_wconf 85' lang='lat' dir='ltr'><strong>oon·</strong></span> 
     </span>
     <span class='ocr_line' id='line_1_36' title="bbox 162 3937 1258 4016; baseline -0.003 -19"><span class='ocrx_word' id='word_1_311' title='bbox 162 3940 271 4007; x_wconf 60' lang='lat' dir='ltr'><strong>¹unire,</strong></span> <span class='ocrx_word' id='word_1_312' title='bbox 285 3949 316 3997; x_wconf 86' lang='lat' dir='ltr'><strong>ut</strong></span> <span class='ocrx_word' id='word_1_313' title='bbox 328 3958 380 4016; x_wconf 91' lang='lat' dir='ltr'><strong>per</strong></span> <span class='ocrx_word' id='word_1_314' title='bbox 393 3940 470 3996; x_wconf 88' lang='lat' dir='ltr'><strong>vices</strong></span> <span class='ocrx_word' id='word_1_315' title='bbox 483 3941 641 4000; x_wconf 86' lang='lat' dir='ltr'><strong>custodiam</strong></span> <span class='ocrx_word' id='word_1_316' title='bbox 661 3949 784 3998; x_wconf 90' lang='lat' dir='ltr'><strong>servent.</strong></span> <span class='ocrx_word' id='word_1_317' title='bbox 826 3938 939 3996; x_wconf 88' lang='lat' dir='ltr'><strong>Famuli</strong></span> <span class='ocrx_word' id='word_1_318' title='bbox 959 3946 1079 4014; x_wconf 88' lang='lat' dir='ltr'><strong>possunt</strong></span> <span class='ocrx_word' id='word_1_319' title='bbox 1091 3937 1220 3993; x_wconf 81' lang='lat' dir='ltr'><strong>excusari</strong></span> <span class='ocrx_word' id='word_1_320' title='bbox 1233 3939 1258 3994; x_wconf 95' lang='lat' dir='ltr'><strong>si</strong></span> 
     </span>
     <span class='ocr_line' id='line_1_37' title="bbox 167 4033 1260 4110; baseline -0.003 -13"><span class='ocrx_word' id='word_1_321' title='bbox 167 4039 258 4097; x_wconf 89' lang='lat' dir='ltr'><strong>rarius</strong></span> <span class='ocrx_word' id='word_1_322' title='bbox 272 4038 308 4098; x_wconf 89' lang='lat' dir='ltr'><strong>ad</strong></span> <span class='ocrx_word' id='word_1_323' title='bbox 321 4037 445 4098; x_wconf 84' lang='lat' dir='ltr'><strong>Missam</strong></span> <span class='ocrx_word' id='word_1_324' title='bbox 459 4039 626 4099; x_wconf 90' lang='lat' dir='ltr'><strong>audiendam</strong></span> <span class='ocrx_word' id='word_1_325' title='bbox 647 4037 791 4104; x_wconf 88' lang='lat' dir='ltr'><strong>accedant,</strong></span> <span class='ocrx_word' id='word_1_326' title='bbox 805 4036 880 4096; x_wconf 87' lang='lat' dir='ltr'><strong>beris</strong></span> <span class='ocrx_word' id='word_1_327' title='bbox 900 4035 1012 4110; x_wconf 85' lang='lat' dir='ltr'><strong>copiam</strong></span> <span class='ocrx_word' id='word_1_328' title='bbox 1032 4033 1182 4092; x_wconf 85' lang='lat' dir='ltr'><strong>ecclesiam</strong></span> <span class='ocrx_word' id='word_1_329' title='bbox 1195 4033 1260 4094; x_wconf 90' lang='lat' dir='ltr'><strong>ade·</strong></span> 
     </span>
    </p>
   </div>
   <div class='ocr_carea' id='block_1_7' title="bbox 570 4218 839 4373">
    <p class='ocr_par' dir='ltr' id='par_1_12' title="bbox 570 4218 839 4373">
     <span class='ocr_line' id='line_1_38' title="bbox 570 4218 839 4290; baseline -0.015 -18"><span class='ocrx_word' id='word_1_330' title='bbox 570 4227 612 4290; x_wconf 87' lang='lat' dir='ltr'><strong>(l)</strong></span> <span class='ocrx_word' id='word_1_331' title='bbox 632 4223 768 4280; x_wconf 82' lang='lat' dir='ltr'><strong>lbidsnr,n</strong></span> <span class='ocrx_word' id='word_1_332' title='bbox 781 4218 839 4270; x_wconf 77' lang='grc'><strong>311.</strong></span> 
     </span>
     <span class='ocr_line' id='line_1_39' title="bbox 685 4315 741 4373; baseline 0.018 -1"><span class='ocrx_word' id='word_1_333' title='bbox 685 4315 741 4373; x_wconf 70' lang='lat'><strong>18*</strong></span> 
     </span>
    </p>
   </div>
   <div class='ocr_carea' id='block_1_8' title="bbox 0 0 1395 4996">
    <p class='ocr_par' dir='ltr' id='par_1_13' title="bbox 0 0 1395 4996">
     <span class='ocr_line' id='line_1_40' title="bbox 0 0 1395 4996; baseline 0 0"><span class='ocrx_word' id='word_1_334' title='bbox 0 0 1395 4996; x_wconf 95' lang='lat' dir='ltr'><strong> </strong></span> 
     </span>
    </p>
   </div>
  </div>
 </body>
</html>
