2766 4996
258 431 314 491 DE
336 432 575 492 PARENTUM
596 433 967 494 OBLIGATlONlBUS.
1104 438 1163 495 367

68 596 247 656 liberioribus
260 596 307 663 sit,
320 597 451 672 estjusta
463 616 550 655 causa
562 615 686 656 cursum
700 608 778 675 pater
791 617 849 658 non
869 598 956 658 donet
968 600 1029 676 pari
1041 598 1159 657 heredi·

69 697 132 754 tatis
147 695 294 773 portione:
319 696 361 752 sic
384 695 468 753 edam
492 695 644 754 dicendum
657 696 692 754 de
712 697 771 756 filia
784 717 846 769 quae
869 698 1013 776 impudica
1033 698 1095 765 fuit,
1119 699 1166 757 vel

69 795 168 872 nupsit
180 793 320 870 prodigo:
342 793 392 850 sed
405 795 499 869 gravis
513 795 681 871 plerumque
693 797 844 868 requiritur
850 816 935 855 causa
948 797 1095 871 inaequalis
1108 795 1166 855 dis·

70 894 248 952 tributionis:
271 911 323 950 neo
338 903 432 949 tamen
445 895 554 969 cogitur
567 907 646 971 pater
658 896 753 952 omnia
762 914 814 952 sua
826 894 900 953 bona
908 895 975 955 dare
985 898 1063 964 filiis,
1077 915 1166 969 quum

69 1002 98 1051 et
110 993 210 1051 amicis
222 992 316 1067 legata
328 992 421 1067 possit
434 993 604 1065 relinquere,
619 1003 648 1050 et
666 994 778 1070 pietatis
798 1011 883 1051 causa
903 1012 965 1067 qme
980 995 1101 1053 voluerit
1114 995 1164 1054 do·

30 1113 33 1119 ·
70 1109 147 1150 nare.
191 1091 335 1163 Equidem
351 1091 431 1167 leges
446 1091 542 1150 Status
563 1092 773 1151 Delavariensis
787 1102 897 1160 cavent,
909 1108 948 1151 ne
967 1093 1022 1152 hoc
1036 1094 1094 1160 fiat,
1108 1095 1168 1153 nisi

70 1191 258 1249 instrumento
271 1188 475 1265 adsignationis
489 1191 568 1249 facte
582 1210 687 1249 annum
709 1194 851 1268 integrum
871 1204 935 1251 ante
949 1202 1087 1251 mortem:
1110 1211 1167 1265 qua

71 1292 102 1348 in
111 1308 142 1347 re
150 1289 229 1365 leges
237 1289 349 1363 Angliae
359 1289 513 1347 imitantur.
547 1290 706 1349 Deficiente
721 1300 888 1350 testamento
898 1291 1046 1350 hereditas
1060 1292 1166 1363 aequal·

71 1391 126 1447 iter
152 1387 328 1446 distribuitur
354 1387 464 1465 legibus
487 1392 590 1448 nostris
620 1392 693 1449 inter
723 1390 798 1449 filios
824 1403 853 1448 et
876 1389 961 1458 filias,
988 1391 1067 1448 tertia
1086 1401 1167 1466 parte

73 1489 213 1545 bonorum
226 1486 376 1545 mobilium
387 1489 490 1546 tributa
499 1488 601 1558 vidus,
616 1509 679 1563 quae
693 1490 829 1548 etimitur
841 1491 922 1548 tertia
933 1499 1012 1566 parte
1025 1490 1166 1550 bonorum
1239 1546 1247 1559 ,

73 1585 264 1645 immobilium
278 1604 329 1661 per
341 1588 429 1644 vitam
443 1605 534 1644 suam.

112 1689 163 1743 ol.
184 1685 286 1750 Tutor,
301 1683 346 1741 vel
359 1694 483 1751 curator,
497 1704 585 1757 quum
605 1687 642 1744 sit
655 1686 742 1762 patris
762 1688 837 1753 loeo,
851 1685 949 1743 eadem
964 1704 1031 1764 erga
1044 1686 1167 1762 pupillos
1243 1685 1251 1699 '

73 1785 152 1842 obire
165 1782 248 1840 debet
261 1785 381 1841 munia:
403 1783 523 1855 ideoque
545 1794 653 1842 tenetur
673 1784 708 1841 ad
728 1802 824 1842 curam
844 1802 943 1843 eornm
957 1783 1108 1862 diligenter
1120 1803 1168 1862 ge·

73 1883 201 1941 rendam.
243 1881 338 1939 Debet
359 1901 409 1940 eos
432 1892 507 1939 recte
529 1884 695 1950 institutore,
710 1893 738 1939 et
757 1883 908 1958 magistros
922 1885 1046 1959 optimos
1061 1882 1168 1940 idcireo

73 1983 205 2058 seligere,
228 1982 279 2054 qui
304 1999 354 2038 eos
377 1980 556 2040 documentis
578 1981 740 2040 christianis
754 1992 784 2040 et
794 1982 877 2038 bonis
892 1981 996 2040 artibus
1010 1984 1166 2041 instituant.

73 2079 107 2137 si
123 2089 254 2156 parentes
265 2080 369 2137 suerint
382 2078 536 2148 Catholici,
552 2080 635 2138 debet
646 2081 763 2138 omnino
778 2099 875 2137 curare
888 2089 920 2136 ut
929 2082 1031 2159 pupilli
1043 2101 1088 2139 res
1102 2081 1170 2140 fidei

73 2178 255 2246 edoceantur,
276 2188 305 2234 et
324 2180 421 2236 munia
440 2198 519 2236 sacra
540 2179 691 2256 impleant:
714 2179 934 2238 acatholicorum
956 2192 1049 2239 autem
1070 2199 1167 2238 euram

74 2295 132 2335 non
145 2277 228 2334 debet
237 2296 392 2345 assumere,
407 2296 496 2351 quum
519 2297 577 2335 non
607 2280 697 2354 possit
717 2278 818 2335 haeresi
832 2277 926 2334 favere
940 2297 991 2336 eos
1011 2281 1041 2337 in
1055 2296 1090 2335 ea
1102 2276 1170 2336 edu·

74 2375 177 2440 cando,
192 2385 220 2430 et
233 2375 358 2447 alioquin
372 2376 513 2434 videretur
527 2377 633 2435 violare
646 2376 733 2434 fidem
754 2377 878 2434 testatori
891 2376 936 2432 vel
949 2375 1047 2435 Curiae
1061 2378 1170 2453 praesti·

76 2484 145 2540 tam,
158 2473 215 2529 nisi
229 2473 290 2550 ejus
305 2476 417 2533 arbitrio
431 2477 602 2552 permissum
617 2477 654 2532 sit
673 2495 722 2534 eos
736 2495 788 2552 pro
801 2475 977 2534 conscientia
997 2495 1048 2534 sua
1069 2478 1170 2534 instru-

74 2591 132 2630 ere.
175 2571 235 2630 Res
258 2592 357 2631 eorum
376 2574 496 2633 fideliter
516 2575 710 2634 administrare
731 2575 823 2641 debet,
840 2584 868 2632 et
891 2595 990 2634 eorum
1004 2577 1170 2636 utilitatibus

76 2671 244 2729 consulere:
266 2692 323 2744 qua
344 2672 381 2728 de
401 2693 487 2730 cansa
507 2673 585 2750 leges
609 2675 778 2749 plerumque
787 2676 890 2750 jubent
902 2686 934 2731 ut
953 2675 1076 2750 pecunia
1089 2674 1170 2733 detur

74 2780 181 2836 mutua,
196 2771 242 2827 vel
261 2771 394 2828 actiones
413 2773 654 2851 comparenturin
677 2771 857 2827 societatibus
880 2771 1014 2844 publicis,
1034 2770 1080 2827 vel
1101 2773 1170 2829 alias

74 2887 140 2926 cum
153 2868 233 2924 lucro
247 2867 444 2941 impendatur:
466 2863 617 2938 dequibus
638 2867 792 2924 rationibus
812 2866 885 2925 lucri
905 2886 942 2925 ex
955 2869 1077 2943 pecunia
1102 2870 1171 2927 alias

76 2966 270 3025 disseremus:
293 2965 403 3021 interim
418 2963 447 3021 id
461 2964 726 3031 animadvertentes,
741 2983 829 3037 quum
852 2966 914 3041 ipse
937 2965 1037 3024 debeat
1059 2968 1170 3026 solvere

75 3084 190 3124 usuram
205 3061 333 3141 legalem
347 3065 371 3120 si
386 3064 535 3138 pecuniam
551 3063 707 3140 neglexerit
720 3064 757 3120 ita
770 3064 946 3140 impendere,
958 3077 986 3122 et
999 3066 1031 3123 S.
1042 3067 1171 3144 Congre-

77 3166 152 3241 gatio
162 3163 266 3238 saepius
278 3161 456 3238 responderit
465 3181 522 3220 non
533 3181 596 3219 esse
605 3163 803 3235 inquietandos
812 3164 861 3235 qui
871 3182 934 3223 eam
942 3166 1095 3241 recipiunt,
1105 3184 1170 3224 eum

77 3282 163 3340 posse
178 3271 235 3319 tuta
254 3262 430 3319 conscientia
449 3280 485 3318 ex
507 3262 579 3338 legis
602 3263 765 3319 auctoritate
791 3280 873 3336 agere
897 3261 931 3319 ad
953 3282 984 3320 se
1008 3262 1171 3321 indemnem

78 3361 259 3429 servandum,
274 3363 357 3420 rebus
368 3360 469 3438 pupilli
483 3361 586 3418 utiliter
597 3361 694 3437 gestis.

119 3463 168 3517 92.
191 3460 322 3536 Magistri
338 3460 442 3518 debent
455 3459 613 3534 discipulos
621 3459 721 3516 litteris
732 3469 760 3514 et
773 3458 899 3516 scientiis
912 3459 1039 3517 imbuere
1053 3458 1172 3535 diligen·

79 3570 129 3625 ter,
144 3572 172 3616 et
185 3578 302 3621 omnen
316 3559 448 3616 adhibere
462 3576 578 3634 operam
595 3568 626 3616 ut
638 3558 796 3633 proficiant.
831 3556 957 3615 Peccant
969 3559 1054 3635 igitur
1066 3578 1170 3618 munus

79 3657 201 3716 docendi
211 3657 384 3733 usurpando,
395 3659 420 3715 si
430 3676 489 3715 non
500 3658 558 3715 sint
570 3656 675 3715 idonei.
697 3655 842 3729 Equidem
851 3675 909 3714 non
918 3656 1018 3716 eadem
1026 3659 1132 3732 ubique
1144 3662 1172 3718 in

78 3756 274 3831 ludimagistro
288 3758 410 3832 exigitur
424 3757 543 3833 peritia:
564 3756 615 3813 sed
639 3775 690 3833 pro
711 3758 767 3815 loci
788 3766 816 3814 et
835 3755 1031 3833 adjunctorum
1052 3760 1172 3824 ratione,

79 3855 162 3915 deba
173 3855 242 3911 satis
257 3856 355 3913 instrui
369 3857 468 3913 litteris
482 3865 513 3914 ut
532 3874 637 3913 munus
651 3856 727 3929 quod
749 3855 896 3930 profitetur
908 3862 1084 3926 exequatur:
1107 3875 1173 3932 pec·

80 3964 123 4011 cat
136 3953 244 4029 quippe
258 3964 355 4011 contra
363 3955 515 4030 justitiam,
535 3953 611 4010 etad
624 3951 827 4010 restituendum
848 3961 968 4017 tenetur,
983 3952 1008 4007 si
1022 3953 1172 4013 scientiam

75 4050 210 4130 jactando
223 4053 374 4129 pecuniam
389 4053 520 4128 accipiat,
541 4051 733 4110 conditionem
753 4049 790 4108 ob
810 4067 896 4120 quam
910 4049 992 4106 datur
1004 4069 1062 4109 non
1076 4053 1174 4112 valens

79 4152 208 4227 implere.
250 4151 308 4208 Sed
322 4160 351 4208 et
363 4168 481 4227 peccare
495 4148 653 4207 censendus
672 4158 716 4205 est
736 4148 859 4225 graviter
879 4148 929 4220 qui
942 4152 1131 4209 necessariam
1145 4154 1177 4213 in

79 4249 209 4309 docendo
232 4249 405 4326 diligentiam
429 4249 541 4315 omittit,
564 4264 725 4325 puerosque
746 4247 803 4304 otio
825 4255 987 4324 torpescere
1010 4248 1088 4317 sinit,
1108 4270 1174 4311 com

81 4351 218 4427 temporis
240 4350 425 4427 pecuniaeque
445 4348 566 4424 jactura.
608 4347 742 4406 Moribus
765 4343 970 4423 discipulorum
992 4345 1075 4407 debet
1097 4370 1175 4429 pros·
