2766 4996
218 398 279 452 270
378 390 609 485 ngnruuir
630 389 827 450 crimnis
845 388 1158 450 onuuarrorrn.

220 562 336 617 tissime
350 570 444 615 autern
457 568 577 632 peceant
588 556 637 627 qui
647 568 753 612 minere
760 565 789 612 et
796 555 853 612 leri
862 573 1045 628 quocumque
1055 563 1200 632 pretextu
1208 566 1312 632 pertan-

220 659 286 715 hant
298 657 511 732 rempublicam.

262 760 309 813 16.
331 755 365 812 ln
378 755 504 811 Statibus
516 751 670 819 foderatis,
684 770 773 824 quum
786 762 912 843 potestas
924 768 1059 828 suprema
1072 769 1167 828 penes
1179 753 1313 829 pupulum

221 872 387 930 permanere
401 864 559 919 censeatur,
573 871 632 909 non
645 860 744 926 peccat
756 846 940 927 repugndo
957 851 1106 926 pomus
1124 849 1313 928 legumlatori-

220 953 273 1010 bus
288 954 333 1011 rel
347 952 591 1011 Gubernatoribus
604 951 765 1007 commissae
779 949 930 1007 manifesto
942 949 1053 1016 abusui,
1068 948 1114 1006 rel
1134 949 1207 1007 alias
1220 966 1310 1007 emen·

220 1049 387 1125 dandoque
397 1064 496 1110 contra
506 1047 760 1108 constitutionem
771 1047 1002 1124 amagisuatibus
1009 1047 1055 1104 rel
1062 1047 1312 1120 aliisquihussum·

222 1169 279 1223 que
293 1161 475 1216 attentanur13
496 1168 554 1207 non
576 1150 654 1206 enim
672 1149 780 1205 resistit
800 1147 941 1223 potestati,
954 1144 1007 1202 sed
1024 1147 1217 1222 usurpationi.
1258 1146 1312 1204 Sed

222 1250 293 1307 ordo
312 1249 441 1326 publicus
461 1247 616 1306 serrandus
636 1258 691 1313 est,
712 1246 856 1316 turbaque
876 1242 996 1302 sitands
1007 1264 1024 1337 z·
1036 1263 1092 1303 nec
1111 1245 1172 1303 levi
1185 1244 1221 1302 de
1235 1264 1313 1303 causa

222 1349 359 1404 exercitio
371 1348 542 1404 auctoritatis
560 1343 795 1421 repugnandum
815 1363 852 1403 ne
873 1362 911 1400 ex
929 1341 1065 1401 libertatis
1088 1342 1187 1402 studio
1206 1344 1313 1403 lieentia

128 1459 131 1464 ’
221 1447 336 1511 ematur,
349 1455 378 1501 et
390 1445 571 1501 factiosomm
584 1443 734 1500 conatibus
747 1442 907 1518 respdaliea
924 1451 996 1499 ruat.

264 1548 311 1601 17.
332 1543 444 1620 Legum
458 1543 503 1599 vis
516 1561 553 1599 ex
562 1541 678 1600 dotibus
692 1561 740 1598 eas
754 1541 904 1601 ferentium
919 1559 977 1598 non
989 1538 1106 1617 pendet,
1117 1559 1187 1598 nam
1196 1540 1311 1599 ethnicis

222 1640 437 1718 imperatoribus
457 1651 486 1697 et
504 1641 711 1720 magistratibus
732 1641 864 1717 Apostoli
884 1638 1041 1698 docuerunt
1059 1639 1310 1717 obtemperandum

221 1759 302 1799 esse:
324 1751 496 1818 quaprapter
509 1756 633 1813 sequens
646 1738 774 1799 Wicleffi
785 1739 943 1815 propositio
952 1737 1155 1796 damnataest:
1179 1748 1200 1775 ‘⁶
1210 1739 1309 1798 Nullus

220 1852 265 1896 est
277 1839 412 1899 dominns
425 1840 529 1907 civilis,
549 1841 644 1898 nullus
666 1850 711 1897 est
729 1837 870 1915 prelatus,
890 1836 985 1895 nullus
1004 1844 1049 1893 est
1067 1837 1235 1915 episeopus,
1248 1837 1310 1897 dun

221 1949 265 1995 est
277 1940 307 1996 in
320 1949 437 2014 peccato
451 1935 609 1998 notatim
652 1938 729 1996 Hinc
741 1938 820 2014 leges
834 1945 936 1996 nostro
949 1953 1012 2009 que
1025 1934 1154 1994 feruntur
1167 1958 1185 1995 a
1197 1939 1311 1996 cutibus

220 2035 369 2093 hominum
384 2037 432 2106 qui
445 2037 550 2108 absone
564 2036 729 2095 discrimine
741 2036 888 2112 religionis
901 2052 917 2091 e
930 2036 1036 2095 civium
1056 2054 1179 2096 numero
1192 2037 1310 2114 seligun-

222 2142 277 2199 tur,
292 2134 389 2210 paucis
403 2135 520 2192 omnino
534 2134 578 2191 vel
596 2134 684 2193 nullis
705 2133 861 2192 Catholicis
881 2134 1144 2202 intervenientibus,
1158 2136 1244 2212 plena
1256 2136 1311 2213 pol·

220 2232 281 2291 lent
293 2234 332 2300 vi,
346 2251 435 2305 quum
453 2233 569 2310 publica
588 2234 751 2292 anctoritate
764 2234 935 2291 muniantur.
977 2231 1056 2292 Hinc
1073 2243 1151 2292 recte
1164 2235 1249 2295 docet
1262 2234 1311 2293 Pe

221 2341 279 2390 trus
288 2331 371 2390 Dens
384 2333 462 2409 leges
471 2332 667 2392 hereticorum
678 2333 803 2410 obligare
817 2332 944 2390 subditos
955 2330 1122 2391 catholicos
1133 2326 1158 2400 ς’
1177 2333 1311 2408 quidquid

220 2431 258 2486 sit
270 2429 305 2486 de
316 2431 496 2487 conscientiae
508 2431 654 2506 ligamine,
668 2432 704 2489 de
718 2449 776 2503 qno
789 2450 857 2488 mox
870 2430 970 2489 dicturi
985 2450 1095 2489 sumus.

262 2530 308 2582 18.
330 2527 449 2583 Nullam
462 2545 527 2583 esse
541 2529 741 2604 obligationem
755 2529 828 2605 legis
850 2531 961 2606 injuste
975 2539 1094 2598 constat,
1114 2548 1182 2590 nam
1200 2533 1311 2607 justitia

218 2623 336 2682 omnino
356 2626 516 2681 necessaria
536 2636 579 2683 est
597 2637 628 2684 ut
640 2627 688 2685 lex
701 2622 836 2684 dicatur.³
877 2628 982 2687 Omnis
999 2639 1093 2687 autem
1111 2630 1160 2687 lex
1185 2629 1310 2689 habenda

218 2733 262 2780 est
277 2724 365 2801 justa,
387 2724 443 2783 nisi
463 2735 573 2783 constet
592 2744 655 2784 eam
675 2725 772 2785 divino
793 2726 837 2783 vel
859 2727 1051 2786 ecclesiastico
1072 2729 1131 2805 juri
1152 2728 1308 2795 adversam

219 2823 312 2881 velud
332 2843 516 2883 communem
529 2827 636 2883 civium
650 2825 797 2885 utilitatem
811 2845 868 2883 non
889 2845 953 2884 esse
972 2826 1126 2894 directam
1147 2828 1194 2885 vel
1207 2829 1308 2887 civium

217 2922 328 2992 aliquos
358 2942 415 2997 prae
441 2926 549 2981 ceteris
576 2926 662 2982 nimis
682 2942 815 3001 gravare;
837 2925 882 2983 vel
902 2925 1039 2984 excedere
1060 2936 1229 3002 potestatem
1249 2945 1309 2986 eam

218 3017 343 3075 ferentis.
386 3020 449 3076 Lex
476 3039 538 3091 quae
558 3020 709 3080 divortium
736 3024 880 3099 permittit,
901 3026 985 3082 venia
1004 3024 1076 3083 sacta
1101 3026 1170 3084 novi
1196 3024 1308 3085 ineundi

216 3117 402 3185 matrimonii,
429 3116 526 3175 divino
548 3119 606 3196 juri
634 3121 717 3196 plane
744 3121 915 3190 adversabar,
943 3142 1031 3197 quum
1058 3121 1194 3182 Christus
1220 3125 1306 3184 dicat:

216 3214 334 3282 “Quod
360 3215 440 3274 Deus
466 3217 624 3295 conjunxit,
652 3217 740 3276 homo
772 3239 829 3278 non
855 3217 1016 3297 separet.”⁴
1067 3222 1100 3280 Si
1124 3225 1174 3282 lex
1200 3224 1308 3283 clericis

215 3313 376 3393 injungeret
396 3335 472 3375 arma
498 3336 606 3394 gerere,
627 3329 655 3375 et
674 3319 817 3394 stipendia
836 3321 938 3388 facere,
962 3321 1156 3380 ecclesiastico
1182 3322 1307 3381 adversa·

214 3423 291 3472 retur
315 3416 386 3492 juri,
419 3435 483 3474 curn
504 3417 612 3474 ordinis
638 3419 711 3476 sacri
732 3417 882 3487 dedecore,
904 3429 932 3476 et
957 3420 1034 3477 nulla
1053 3421 1217 3496 reipublice
1236 3422 1306 3479 utili·

214 3519 278 3576 tate,
299 3512 437 3584 quidquid
462 3512 536 3570 dicat
555 3510 722 3573 Vattelius.⁵
762 3517 812 3575 Sic
832 3528 860 3575 et
872 3518 950 3594 leges
964 3537 1027 3591 quae
1048 3529 1142 3577 vetant
1155 3539 1191 3578 ne
1204 3519 1305 3580 subditi

246 3745 288 3812 (1)
309 3742 381 3811 Prop.
391 3743 443 3795 xiii.
767 3752 809 3819 (2)
830 3753 943 3804 Tractde
955 3755 1051 3817 legibus
1061 3769 1102 3819 qu.
1115 3771 1138 3804 r.
1149 3771 1176 3805 n.
1187 3757 1226 3807 33.

246 3833 288 3900 (2)
308 3837 322 3862 ¹¹
332 3829 406 3881 Laws
424 3846 464 3880 ars
480 3831 562 3896 public
579 3832 703 3883 mischieis
721 3835 743 3884 is
756 3835 813 3902 they
826 3838 885 3888 bind
904 3848 929 3889 to
946 3839 1069 3906 injustius,
1080 3840 1128 3890 and
1141 3841 1267 3900 therefore,
1283 3849 1306 3889 to

209 3923 322 3974 establish
335 3939 384 3987 any
396 3921 467 3985 thing
478 3921 530 3973 that
541 3923 563 3973 is
575 3925 660 3991 unjust
671 3940 699 3974 or
709 3926 756 3977 evil
769 3927 791 3976 is
808 3928 904 3991 against
915 3928 957 3979 the
974 3938 1060 3980 nature
1077 3931 1107 3980 ot*
1119 3931 1188 3992 lavis,
1202 3932 1251 3982 and
1267 3931 1306 3982 the

208 4022 290 4072 power
301 4012 330 4059 of
337 4009 378 4058 the
390 4009 513 4073 Superior,
529 4010 578 4060 and
590 4011 631 4061 the
642 4011 796 4063 intendment
807 4014 836 4064 oi
849 4013 891 4064 the
903 4015 1030 4080 Supremo.
1065 4015 1183 4067 ForGod
1205 4019 1307 4081 girsatu

207 4107 240 4143 no
249 4109 305 4143 man
317 4110 399 4158 power
410 4095 486 4145 abore
497 4111 523 4145 ur
534 4097 629 4160 against
641 4096 762 4148 himssls.”
797 4099 846 4149 Jsr.
858 4100 958 4165 Tuylor,
967 4101 1030 4152 Duc.
1044 4102 1109 4153 Dub.
1121 4106 1168 4155 vol.
1180 4104 1208 4156 ii.
1219 4121 1244 4171 p.
1255 4107 1294 4154 ³2.

244 4177 289 4295 Q
306 4178 376 4228 Matr.
387 4177 439 4226 xix·
452 4179 475 4226 θ.
703 4182 742 4247 (b)
762 4180 822 4233 Law
832 4185 861 4233 of
868 4183 985 4247 Nationa,
996 4187 1012 4236 1.
1023 4186 1058 4236 iii.
1070 4203 1091 4238 c.
1103 4188 1128 4237 ii.
1141 4191 1155 4247 θ
1170 4190 1209 4238 10.
