2766 4996
283 118 303 149 ’ὑ

479 178 511 249 ὁ

175 410 247 471 'm
394 410 451 470 DE
472 407 767 469 PEGCATORUM
787 407 1117 470 DlS'I'lNCTIONE.

188 574 246 635 lll.
260 573 333 652 neg.
348 577 409 632 xix.
431 573 555 631 ‘Altaria
567 583 615 630 tua
635 571 842 640 destruxerunt,
862 583 892 630 et
909 572 1067 650 prophetas
1088 583 1155 631 tuos
1175 570 1275 630 occide

189 671 386 785 runt‘dioss
428 674 611 749 vituperatur
624 673 709 730 etiam
730 673 855 731 maxime
873 681 1024 749 peccatm
1044 671 1276 730 commissumin

189 788 326 849 personas
335 773 521 848 propinquas,
535 770 692 830 secundum
700 770 769 829 illud
782 771 914 830 Michera
924 771 994 829 Vll.
1011 771 1129 830 ‘Filius
1139 781 1275 829 coutume

188 871 256 928 liam
269 871 337 929 iacit
349 873 436 948 pstri3
457 872 517 931 filia
529 871 674 947 consurgit
686 868 819 929 adversus
832 879 950 928 matrem
963 869 1069 928 suam.'
1079 865 1117 898 ’¹¹
1161 870 1276 945 ‘injuria

189 969 236 1027 tali
250 989 380 1047 persons
395 966 513 1050 (sacrae)
528 968 603 1026 illata
615 971 707 1046 magis
725 969 906 1028 redundatio
918 968 1025 1036 Deum,
1040 967 1203 1028 secundum
1216 965 1276 1026 illud

191 1064 279 1128 Zach.
295 1069 335 1128 ll.
357 1070 435 1136 ‘Qui
448 1087 500 1128 vos
514 1069 645 1145 tetigerit,
659 1069 750 1145 tangit
757 1067 895 1145 pupillam
905 1067 981 1126 oculi
994 1067 1075 1126 mei!
1121 1067 1208 1126 Unde
1220 1084 1276 1143 pec·

191 1180 285 1227 catum
304 1169 337 1226 fit
355 1169 468 1246 gravius
487 1186 525 1224 ex
546 1167 601 1225 hoc
626 1166 703 1240 quod
722 1177 855 1243 peceamr
873 1167 903 1224 in
925 1184 1081 1244 personam
1103 1169 1200 1244 magis
1222 1165 1277 1223 Deo

191 1268 381 1343 conjunctam,
396 1267 441 1324 vel
453 1267 560 1324 ratione
575 1265 695 1332 virtutis,
709 1264 754 1323 vel
773 1265 881 1324 ratione
899 1265 997 1323 officii.
1040 1265 1092 1323 Ex
1105 1277 1188 1341 parte
1201 1267 1277 1323 etiam

190 1365 328 1440 suiipsius
341 1365 524 1423 manifestum
539 1374 591 1430 est,
613 1362 690 1434 quod
710 1374 787 1422 tanto
806 1364 908 1436 aliquis
921 1363 1039 1443 panus,
1048 1374 1164 1440 peccat,
1182 1372 1278 1438 quanto

191 1461 293 1534 aliquis
306 1465 336 1520 in
350 1463 531 1539 conjunctam
543 1479 706 1536 personam,
726 1480 778 1520 seu
797 1462 916 1520 natarali
935 1462 1163 1531 necessitudine,
1177 1483 1227 1521 seu
1238 1463 1278 1520 bc·

191 1560 314 1630 neiiciis,
337 1580 388 1621 seu
411 1577 592 1635 quacumque
614 1561 815 1637 conjunctione
838 1562 1006 1637 peccaverit,
1029 1563 1099 1634 quia
1120 1561 1277 1620 videbarin

191 1660 320 1737 seipsum
333 1663 425 1740 magis
438 1677 565 1737 peecare,
579 1669 607 1716 et
620 1677 672 1735 pro
685 1669 762 1718 tauto
778 1661 891 1737 gravius
911 1670 1020 1738 peccat,
1040 1660 1203 1719 meandum
1216 1656 1278 1718 illud

192 1758 389 1820 Ecclesiastioi
401 1761 468 1819 xiv:
490 1758 567 1823 ‘Qui
580 1759 633 1817 sibi
647 1777 770 1831 nequam
783 1770 835 1826 est,
849 1761 896 1817 cui
915 1760 1007 1818 bonus
1019 1760 1075 1819 erit
1084 1760 1106 1818 i’
1142 1760 1193 1817 Ex
1207 1770 1278 1838 parte

192 1858 260 1918 verb
274 1862 398 1937 proximi
411 1869 487 1918 tauto
500 1859 614 1934 gravius
633 1868 776 1935 peccatur,
794 1869 900 1930 quanto
914 1867 1062 1933 peccatum
1076 1859 1175 1936 piures
1188 1860 1277 1936 mugit

193 1956 234 2016 Et
246 1956 310 2016 ideo
323 1969 470 2035 peecatum
490 1956 567 2030 quod
586 1955 619 2013 fit
639 1958 668 2014 iu
681 1975 832 2033 personam
852 1956 1004 2034 publicam,
1027 1969 1098 2034 puta
1117 1975 1226 2035 regem,
1239 1955 1279 2013 vel

192 2055 362 2131 principem,
377 2057 426 2128 qui
439 2055 512 2131 gerit
523 2072 675 2131 personam
689 2057 775 2114 totius
793 2054 996 2124 multitudinis,
1013 2065 1058 2113 est
1070 2058 1188 2133 gravium
1201 2073 1279 2128 quam

194 2164 342 2230 peecatum
355 2153 431 2227 quod
444 2152 630 2212 committitur
642 2163 738 2211 oonna
751 2173 836 2213 unam
850 2171 1004 2232 personam
1017 2156 1169 2231 privatam.
1200 2152 1279 2213 Unde

194 2253 353 2329 specialiter
373 2253 474 2312 dicitur
496 2250 594 2313 Exodi
616 2252 697 2310 xxii:
731 2252 880 2330 ‘Principi
902 2254 1003 2330 populi
1026 2254 1067 2312 tui
1085 2272 1148 2313 non
1168 2251 1278 2315 maledi·

195 2351 265 2409 ces.’
275 2346 313 2380 ssa

233 2454 283 2505 27.
304 2449 411 2521 Liquet
422 2459 537 2525 peccata
556 2449 653 2507 omnia
666 2468 724 2508 non
746 2469 810 2510 esse
829 2453 903 2511 inter
920 2423 1107 2519 ste-connexa,
1129 2461 1198 2510 sunt
1209 2451 1280 2510 nim

194 2542 324 2616 quasdam
338 2565 401 2617 quar
415 2547 469 2604 alia
488 2546 654 2615 excludunt,
677 2549 792 2606 avaritia
812 2550 889 2608 enim
909 2551 1063 2626 opponitur
1082 2547 1280 2626 prodigalitati.

196 2641 340 2703 Caeterum
354 2646 439 2702 unius
453 2645 561 2721 peceati
574 2645 668 2719 gravis
682 2644 819 2704 admissio
832 2647 980 2706 hominem
996 2666 1077 2706 reum
1089 2648 1245 2713 constituit,
1258 2656 1284 2703 ct

196 2754 306 2803 aetemae
319 2763 410 2821 poenae
423 2745 591 2811 obnoxium,
605 2741 677 2801 adeo
689 2752 721 2800 ut
732 2745 820 2802 veluti
833 2765 898 2804 reus
909 2747 1038 2805 omnium
1047 2746 1195 2815 habeatur,
1205 2748 1283 2822 juxta

196 2843 265 2902 illud
279 2844 297 2904 J
300 2845 379 2902 aoobi
391 2864 398 2901 :
422 2844 634 2917 “Quicumque
654 2844 740 2901 totaih
758 2845 853 2921 legem
867 2846 1031 2913 servaverit,
1045 2844 1175 2905 offendat
1192 2855 1284 2901 autem

195 2942 226 2998 in
243 2961 311 3007 uno,
325 2943 414 2999 sactus
427 2953 472 2998 est
492 2943 621 3000 omnium
634 2960 701 3000 reus
711 2938 758 2998 :''³
779 2952 798 2978 ‘⁶
809 2945 878 3015 quia
890 2943 1000 3001 seilicet
1012 2961 1071 3003 uno
1083 2952 1203 3020 peccato
1221 2959 1284 3019 pec·

196 3036 288 3095 cando
301 3039 417 3096 incurrit
428 3058 519 3114 poenae
535 3054 644 3098 reatum
664 3058 701 3096 ex
720 3041 776 3099 hoo
795 3041 872 3114 quod
885 3045 1042 3101 coutemnit
1053 3042 1169 3101 Deum:
1190 3061 1227 3099 ex
1240 3060 1284 3098 cu·

192 3137 242 3213 jus
250 3147 413 3213 contemptu
422 3139 689 3213 prouenitomnium
697 3151 878 3214 peccatomm
886 3135 1029 3199 reatus.’'⁴
1047 3140 1092 3199 Ita
1099 3142 1132 3198 S.
1145 3141 1281 3199 Thomas.

197 3236 254 3296 Est
266 3237 350 3294 etiam
363 3237 437 3295 inter
450 3250 565 3314 peccata
574 3238 654 3315 plura
663 3256 756 3296 nexus
770 3238 851 3296 valde
865 3249 974 3298 arctus:
990 3259 1017 3297 v.
1029 3259 1065 3316 g:
1086 3240 1208 3297 ebrietas
1222 3256 1284 3297 oum

197 3336 308 3395 rixandi
321 3337 439 3396 libidine
452 3346 480 3394 et
492 3337 645 3414 oupiditate
668 3355 753 3412 prava
773 3355 850 3414 saepe
864 3340 1056 3397 eonnectitur:
1079 3340 1197 3396 avaritia
1216 3337 1285 3414 parit

198 3433 292 3492 cordis
314 3435 457 3502 duritiem,
480 3455 623 3495 sacrorum
647 3455 796 3496 munerum
818 3436 990 3513 neglectum,
1004 3447 1107 3514 preater
1127 3435 1240 3495 fraudes
1259 3446 1285 3490 et

198 3539 270 3583 artes
292 3531 403 3601 iniquas
422 3533 567 3590 lucrandi:
588 3535 677 3592 libido
697 3555 763 3595 cum
786 3535 870 3594 taedio
892 3537 1093 3595 exercitiorum
1116 3535 1240 3614 pietatis,
1259 3543 1284 3590 et

197 3622 367 3682 hebetudine
381 3629 483 3685 mentis
497 3630 528 3685 in
540 3633 625 3688 rebus
639 3632 744 3690 divinis
757 3634 970 3712 perpendendis
983 3636 1178 3712 conjungitur.

268 3812 309 3878 (l)
326 3813 347 3860 l.
360 3814 385 3859 2.
396 3827 437 3875 qu.
450 3812 526 3862 lxxiii.
539 3821 582 3863 art.
592 3813 678 3865 inseri
685 3821 778 3867 contra.
930 3824 970 3887 (2)
989 3821 1090 3879 Ibidem,
1103 3820 1178 3888 Reap.

267 3896 309 3965 (³)
322 3898 375 3954 lac.
386 3895 458 3948 ii·10.
740 3901 779 3966 (4)
797 3904 850 3950 l.2.
861 3920 903 3967 qu.
915 3906 992 3956 lxxiii.
1006 3913 1049 3956 art.
1062 3904 1078 3957 i.
1088 3904 1125 3956 ud
1129 3905 1255 3972 primum
