2766 4996
139 402 258 508 ⁸qm‘s
305 486 315 507 ,
360 413 418 489 nn
438 418 705 509 resumamus
725 392 1099 487 osmcauuorvtsu's.

74 580 77 585 ¹
159 570 520 681 pondereopprimebatur‚
541 589 634 653 ‹ionec
653 587 849 679 responderet,
863 583 1102 677 vel—eutpiraret.¹
1143 585 1249 659 Ubique

108 752 118 769 ,
159 691 284 753 muniuit
298 691 360 768 jum
376 688 479 749 'mitior
496 687 673 768 iudiciorum
695 686 796 753 forma,
819 695 848 744 et
869 687 1074 745 contutatione
1098 686 1258 744 Americana

58 792 78 823 ⁴·
161 789 321 870 presertim
336 799 453 848 cavetur
465 805 503 848 ne
516 790 582 862 qnia
595 797 694 847 contra
712 770 749 844 sd
757 787 787 843 in
799 804 885 844 causa
897 785 1041 844 criminali
1054 784 1132 843 ferre
1145 785 1258 843 testimo

160 891 244 949 nium
258 897 385 964 cogatur.

203 988 272 1045 112.
296 986 419 1047 Pmnam
439 987 504 1064 lege
526 995 658 1044 statutam
681 982 766 1041 debet
784 981 936 1041 decernere
954 980 1050 1059 judex
1073 980 1258 1059 irrogmdam,

156 1084 259 1167 tanta
272 1085 438 1145 hominibus
458 1104 540 1144 reum
553 1083 760 1142 damnantibus.
801 1081 837 1140 In
855 1082 891 1139 iis
904 1082 934 1139 in
954 1081 1061 1154 quibus
1072 1080 1192 1139 arbitrio
1203 1082 1259 1156 ejus

158 1168 248 1263 prena
261 1204 278 1242 a
290 1184 354 1262 lege
369 1182 549 1262 pdrmittitur,
569 1202 651 1255 equo
671 1181 767 1239 animo
785 1198 848 1238 eam
868 1188 988 1239 statuere
1009 1178 1109 1248 debet,
1123 1179 1259 1257 publicem

160 1284 324 1365 nudatam,
338 1302 511 1357 morumque
523 1280 753 1355 emendationem
766 1297 824 1356 pras
837 1279 928 1338 oculis
942 1278 1065 1336 habens.

530 1477 600 1552 511.
620 1475 669 1536 De
690 1487 896 1535 accusareris.

204 1646 271 1701 113.
296 1645 441 1703 Accusare
467 1643 570 1701 dicitur
596 1643 645 1716 qui
668 1643 796 1701 criminis
817 1660 898 1699 reum
918 1640 1043 1714 aliquem
1069 1641 1158 1699 refert
1175 1640 1255 1718 judici

159 1742 291 1819 legitimo
305 1754 336 1802 ut
348 1744 491 1820 puniatur,
505 1741 633 1815 illudque
647 1741 825 1819 probandum
839 1741 913 1799 inse
927 1739 1059 1816 suscipit.
1103 1740 1164 1806 Qui
1177 1737 1256 1796 defert

159 1843 423 1919 crimeasuperiori
437 1852 469 1899 ut
481 1840 648 1900 emendetur
668 1859 744 1907 reus,
759 1840 805 1898 vel
820 1850 852 1896 nt
872 1839 1019 1898 communi
1034 1838 1151 1897 utilitati
1164 1855 1258 1896 consu·

160 1939 242 2006 tumr,
257 1958 313 2012 qua
325 1941 417 2018 possit
430 1939 539 1998 meliori
552 1941 670 2008 ratione,
681 1939 847 1998 denuntiare
859 1936 930 1997 illud
942 1937 1057 2005 dicitur,
1069 1937 1183 2010 quoties
1196 1933 1257 1993 illud

161 2036 301 2114 probandi
311 2057 384 2096 onus
398 2056 457 2097 non
469 2039 601 2115 suscipit.

203 2138 271 2193 114.
293 2136 476 2209 Quicumque
489 2137 651 2212 specialiter
672 2136 707 2194 ad
727 2154 831 2195 munus
851 2133 1016 2211 invigilandi
1033 2132 1164 2209 deputati
1185 2143 1254 2196 suut,

161 2245 278 2311 accepta
290 2234 431 2304 mercede,
446 2245 577 2295 tenentur
587 2235 622 2292 ad
636 2235 755 2293 crimina
768 2234 921 2292 commissa
934 2233 969 2290 ab
978 2233 1043 2290 aliis
1057 2243 1160 2290 contra
1172 2230 1256 2290 domi·

160 2351 262 2393 norum
276 2335 424 2392 utilitatem
436 2333 603 2393 referendae
624 2352 707 2392 secus
729 2352 793 2406 quae
815 2352 867 2390 sua
886 2331 1070 2389 conniventia
1091 2331 1255 2407 contingant

160 2429 264 2489 damna
277 2431 381 2489 debent
393 2451 533 2507 reparare.
576 2433 626 2489 Sic
639 2431 752 2489 fiscales
772 2430 876 2489 debent
896 2428 1056 2489 fraudantes
1071 2429 1253 2505 vectigalibus

159 2527 331 2604 gubernium
351 2545 451 2602 capere
465 2538 493 2586 et
506 2547 656 2585 accusare:
679 2528 795 2600 quodsi
816 2547 935 2589 munere
949 2537 1068 2604 accepto
1090 2527 1256 2586 conniveant

158 2624 260 2695 fraudi,
275 2634 405 2684 tenentur
418 2624 454 2682 ad
466 2624 602 2682 damnum
612 2625 809 2684 reficiendum.
846 2629 897 2685 Sic
910 2627 1012 2685 domus
1027 2625 1074 2683 vel
1089 2627 1149 2703 agri
1163 2637 1255 2683 custos

159 2724 267 2809 suripus
280 2723 364 2783 debet
376 2726 517 2809 resistcre,
531 2743 639 2798 eosque
658 2737 756 2801 captos
777 2712 885 2783 tradere
900 2724 1074 2801 magistratui
1092 2736 1124 2781 ut
1136 2726 1253 2799 punian-

160 2832 221 2882 tur:
245 2823 365 2898 quodue
379 2824 545 2902 neglexerit,
560 2835 588 2881 et
599 2823 673 2882 furto
684 2824 798 2883 silentio
808 2825 909 2882 saltem
924 2823 1034 2889 faverit,
1048 2841 1115 2880 reus
1128 2825 1192 2899 ipse
1205 2832 1254 2882 est,

161 2933 190 2979 et
202 2923 238 2980 ad
252 2924 458 2982 restitutionem
472 2923 620 3000 obligatur.
663 2924 794 2981 Privatus
805 2924 927 2996 quisque
940 2922 1024 2979 debet
1036 2940 1102 2979 reos
1116 2939 1254 2985 accusare,

168 3020 212 3077 vel
227 3018 403 3086 denuntiare,
428 3023 538 3093 quoties
552 3022 643 3096 agitur
656 3021 691 3079 de
711 3022 815 3079 damno
835 3022 999 3097 reipublice
1014 3021 1197 3095 gravissimo,
1219 3020 1259 3074 vel

160 3120 245 3177 etiam
260 3119 370 3176 innoxii
383 3119 517 3178 hominis.
560 3119 664 3192 Liquet
677 3139 821 3192 quemque
842 3120 876 3176 ad
899 3119 926 3175 id
949 3120 1074 3176 muneris
1095 3138 1162 3195 erga
1186 3135 1255 3174 rem·

160 3218 302 3296 publicam
317 3217 421 3285 teneri,
435 3237 472 3275 nc
487 3218 593 3276 malum
604 3232 698 3295 serpat
711 3238 777 3277 curn
790 3238 893 3295 magno
904 3218 1089 3294 plurimorum
1106 3217 1254 3274 detrimen·

161 3326 206 3373 to:
237 3328 266 3374 et
288 3316 323 3374 ad
349 3318 510 3375 innocentis
533 3316 660 3376 hominis
686 3318 821 3376 damnum
848 3317 934 3375 etiam
960 3315 1192 3393 praecavendum,
1220 3333 1253 3371 ne

158 3417 351 3491 opprimatur:
374 3416 492 3474 “libera
510 3435 576 3476 eum
591 3418 639 3489 qui
654 3418 786 3494 injuriam
805 3418 909 3492 patitur
928 3416 963 3473 de
985 3434 1072 3472 mann
1092 3405 1252 3491 superbi.”¹

49 3588 53 3594 Ι
159 3512 209 3569 Sic
224 3514 272 3584 qui
286 3515 365 3571 novit
377 3515 487 3586 aliquos
508 3526 621 3591 pactum
642 3517 714 3573 inter
734 3535 765 3572 se
788 3515 887 3572 iniisse
908 3515 1032 3587 aliquem
1054 3510 1252 3575 interficiendi,

157 3607 241 3666 debet
253 3627 303 3665 cos
317 3608 491 3679 denuntiare,
506 3614 552 3672 v'el
565 3615 634 3670 alias
648 3615 730 3672 saluti
744 3615 903 3672 innocentis
916 3613 1076 3671 consulere.

201 3711 267 3765 115.
290 3707 452 3775 Accusatio,
468 3710 513 3765 vel
534 3709 688 3768 denutiatio
701 3713 762 3769 fieri
783 3722 877 3789 potest
896 3713 973 3769 nulla
993 3711 1143 3787 premissa
1162 3708 1253 3767 moni·

160 3809 245 3876 tione,
260 3808 371 3882 quoties
386 3806 537 3884 prudenter
557 3808 668 3865 timetur
681 3827 716 3866 nc
730 3828 795 3867 reus
808 3811 933 3870 monitus
947 3809 1087 3868 occultius
1102 3816 1212 3885 peccet,
1227 3817 1255 3863 et

193 4033 232 4094 tl)
244 4029 307 4078 Vide
318 4029 382 4093 apud
395 4027 551 4088 Blaelrstone,
565 4027 715 4096 Pcinesorte
726 4033 749 4078 st
760 4028 830 4087 dare,
843 4032 858 4079 l.
869 4030 900 4079 ir.
913 4046 937 4079 u.
950 4031 1006 4078 325.

195 4115 236 4178 (⁸2)
251 4121 265 4144 ⁸⁶
274 4113 316 4162 No
326 4129 412 4178 person
426 4114 537 4165 ...shall
549 4117 578 4164 bs
590 4114 730 4179 compelled,
744 4115 769 4164 in
788 4131 837 4178 any
848 4115 960 4164 criminal
971 4130 1035 4172 ease,
1049 4122 1074 4164 te
1085 4114 1116 4162 be
1126 4129 1141 4162 a
1153 4112 1254 4162 witness

159 4199 254 4254 nquinat
264 4197 385 4248 ttmlt'’
415 4199 506 4248 Article
520 4217 540 4250 v.
564 4196 669 4248 Amenrl
681 4203 705 4248 tc
721 4197 828 4248 Curiatii.
844 4197 871 4247 U.
883 4197 909 4247 S.

193 4284 232 4347 (³)
248 4283 315 4333 Eccl.
327 4285 358 4332 iv.
371 4286 394 4332 9.
