2744 4980
133 381 193 436 392
314 374 371 434 DE
392 374 659 435 FORENSIBUS
679 371 1054 433 OBLIGATIONIBUS.

132 528 248 586 revelet
290 527 389 586 Potest
411 536 505 586 tamen
525 537 554 586 et
576 526 661 585 debet
678 544 796 584 eausam
817 525 960 592 deserere,
985 525 1031 584 vel
1054 542 1121 585 eum
1144 529 1214 605 eujus

133 645 248 683 eausam
262 627 320 701 agit
332 626 367 683 ad
386 625 546 685 cedendum
567 624 714 691 inducere,
729 626 791 683 sive
805 623 841 682 ad
860 622 1095 701 componendum
1108 625 1168 683 sine
1178 624 1215 685 ad·

134 725 249 782 versarii
262 724 399 782 damno.’'
441 725 486 782 lta
505 725 538 782 S.
554 716 713 781 Thomas.¹

175 826 241 880 1³7.
263 823 298 881 ln
311 841 397 879 eausa
410 822 610 897 prosequenda
623 829 724 898 peccat
737 820 890 880 advocatus
910 825 936 882 ai
951 820 1105 898 diligenter
1117 840 1172 880 uon
1184 824 1215 882 in·

133 921 232 997 vigilet
244 921 355 978 clientis
368 920 544 988 utilitatibus,
565 920 610 978 vel
623 919 694 992 quid
713 918 867 996 prudenter
879 921 925 978 vel
940 920 1100 978 socorditer
1112 921 1215 990 omittat,

134 1037 191 1091 quo
212 1019 361 1076 deficiente
384 1019 473 1076 cliens
494 1038 579 1077 causa
600 1018 693 1077 cedat.
735 1017 841 1076 Pecoat
863 1021 948 1078 etiam
974 1019 1069 1078 litium
1096 1020 1216 1095 ambages

136 1117 299 1189 querendo,
313 1127 345 1176 ut
356 1118 501 1195 impensas
515 1128 615 1194 augeat
624 1111 649 1174 τ’
668 1116 714 1174 vel
726 1115 885 1175 differendo
894 1118 952 1175 litis
962 1117 1108 1194 judicium
1119 1119 1221 1194 injustis

135 1218 353 1292 exceptionibus
367 1226 395 1274 et
407 1217 641 1282 cavillationibus,
659 1217 777 1292 justitiae
791 1215 949 1285 eludenda,
970 1216 1017 1273 vel
1037 1217 1110 1274 lucri
1130 1218 1222 1293 privati

136 1314 240 1372 studio.
284 1316 388 1373 Pereat
400 1316 484 1374 etiam
498 1316 605 1389 aliquid
624 1315 687 1373 falsi
702 1313 832 1372 consulte
847 1316 1030 1390 proferende,
1046 1315 1092 1372 vel
1104 1314 1228 1373 fraudem

136 1412 266 1471 iaciendo
292 1414 322 1470 in
343 1414 464 1489 judicio,
479 1415 634 1489 presertim
657 1431 724 1471 eum
747 1413 863 1471 alterius
887 1408 1086 1474 detrimento.³
1127 1413 1228 1471 Peeeat

135 1509 282 1568 suadendo
302 1513 397 1569 clienti
411 1521 443 1569 ut
455 1512 557 1569 salsum
567 1514 653 1589 juret,
667 1511 713 1568 vel
726 1529 793 1569 eum
813 1514 844 1570 in
869 1516 1068 1572 necessitatem
1083 1512 1228 1590 pejerandi

135 1608 220 1667 veluti
234 1608 423 1686 conjiciendo,
431 1610 582 1669 indicando
591 1629 673 1688 spem
685 1610 755 1667 alias
770 1612 876 1669 nullam
886 1630 950 1672 esse
963 1614 1090 1671 victoriae
1106 1631 1114 1668 t
1136 1622 1228 1687 peceat

135 1709 220 1767 etianr
234 1708 355 1767 sinendo
375 1708 507 1767 clientem
527 1710 629 1768 salsum
644 1710 751 1785 jurare.
793 1711 898 1768 Peeoat
917 1721 1003 1770 testes
1023 1712 1116 1770 falsos
1131 1711 1227 1784 exqui-

136 1808 236 1876 rendo,
251 1807 297 1865 vel
311 1808 375 1865 ficta
395 1809 590 1876 instrumenta,
611 1807 657 1866 vel
676 1808 755 1883 leges
776 1807 860 1867 salsas
880 1820 909 1867 et
924 1810 1033 1888 judicia
1048 1809 1173 1876 citando,
1187 1810 1229 1866 vel

135 1906 214 1983 leges
236 1906 430 1980 detorquendo
453 1927 519 1966 curn
538 1908 651 1965 alterius
671 1905 784 1964 damno.
827 1908 912 1973 Quod
933 1911 958 1967 si
972 1911 1124 1987 ingeniose
1138 1908 1228 1967 detor·

136 2016 274 2077 queantur
287 2006 364 2081 leges
378 2006 413 2063 ab
426 2007 511 2065 obvio
524 2025 621 2073 sensu,
635 2014 667 2063 ut
679 2023 745 2063 reus
766 2008 939 2083 supplicium
952 2008 1064 2077 evadat,
1079 2027 1138 2066 non
1152 2007 1227 2064 vide·

135 2117 180 2162 tur
192 2105 321 2180 peccari:
344 2124 410 2162 nam
424 2105 453 2162 id
466 2105 497 2162 fit
510 2107 617 2179 absque
631 2105 751 2180 alicujus
764 2104 879 2173 damno,
891 2116 919 2164 et
932 2126 1017 2183 poena
1029 2127 1090 2167 non
1103 2117 1150 2165 est
1162 2108 1228 2164 irre·

136 2202 228 2280 ganda
240 2204 306 2271 nisi,
327 2222 365 2261 ex
386 2204 495 2280 judicis
519 2205 692 2270 auctoritate,
720 2205 768 2261 lex
793 2205 951 2281 applicetur
969 2206 1085 2265 delicto.
1129 2196 1231 2263 Peeeat

135 2314 243 2360 secreta
257 2303 366 2361 clientis
387 2303 546 2361 adversario
566 2301 725 2380 prodendo,
739 2303 784 2360 vel
804 2303 917 2375 aliquod
939 2305 1092 2380 praebendo
1112 2305 1228 2363 admini-

135 2401 241 2468 culum,
256 2421 313 2474 quo
327 2401 415 2460 eliens
436 2404 583 2461 vincatur:
602 2401 648 2459 vel
667 2400 814 2459 suadendo
837 2402 932 2460 clienti
963 2414 996 2461 ut
1014 2405 1230 2461 transactionem

134 2498 219 2554 saciat
231 2500 368 2571 iniquam.

176 2600 243 2653 138.
273 2598 307 2655 ln
327 2615 412 2653 causa
433 2598 573 2655 criminali
592 2599 695 2655 aetiris
716 2608 812 2674 partes
836 2619 894 2656 non
915 2600 1000 2659 debet
1025 2604 1185 2678 suscipere,
1206 2603 1231 2660 si

135 2696 233 2766 iniqua
246 2699 284 2754 sit
296 2696 446 2763 accusatio,
461 2705 490 2752 et
502 2697 627 2772 perjurio
641 2696 784 2755 innitatur.
807 2698 892 2764 Quod
906 2701 931 2757 si
945 2699 1032 2758 dubia
1044 2702 1091 2769 sit,
1107 2701 1230 2759 Antoine

136 2806 235 2851 censet
247 2794 413 2853 advocatum
427 2813 543 2870 peceare
555 2788 578 2861 ;4
591 2793 642 2851 sed
657 2814 724 2852 eum
738 2793 871 2853 damnare
886 2817 945 2856 non
958 2798 1107 2867 audemus,
1121 2820 1151 2857 re
1162 2819 1232 2857 non·

136 2892 203 2950 dum
219 2893 330 2969 judicio
352 2894 484 2964 eliquata.
527 2893 598 2950 Post
617 2894 814 2962 monitionem,
836 2913 872 2952 ne
893 2908 971 2955 actor
990 2898 1057 2955 odio
1070 2899 1116 2956 vel
1129 2900 1230 2956 mentis

137 2992 257 3048 somniis
271 3010 302 3047 se
316 2992 390 3048 sinat
403 2991 513 3058 abduci,
528 3003 661 3067 putamus
675 3010 761 3068 posse
783 2992 949 3053 advocatum
962 2997 1025 3073 ejus
1040 3015 1141 3073 urgere
1155 3016 1233 3054 accu-

137 3091 276 3147 sationem
296 3089 438 3147 modorate
459 3099 553 3148 tamen
576 3101 603 3147 et
625 3087 777 3167 legitime.⁵
818 3092 880 3151 Reo
900 3097 1018 3170 pauperi
1031 3099 1061 3154 in
1075 3096 1232 3154 minoribus

171 3261 208 3318 (ly
227 3261 250 3305 2.
258 3262 282 3305 2.
293 3275 334 3323 qu.
348 3257 406 3306 lxxi.
427 3266 470 3308 ιιι.
483 3257 514 3306 iii
525 3255 561 3306 ad
570 3256 715 3309 scandum.
892 3261 934 3326 (2)
953 3262 1013 3327 Cap
1025 3260 1072 3312 alt.
1080 3261 1111 3312 de
1122 3263 1202 3330 injur.

172 3343 214 3408 (b)
233 3351 247 3373 “
259 3343 284 3391 li
292 3343 318 3391 in
331 3359 345 3391 a
359 3343 411 3407 just
428 3358 500 3392 cause
516 3342 557 3391 the
569 3343 685 3394 advocate
703 3360 730 3394 or
740 3352 811 3408 party
830 3359 887 3408 may
899 3352 943 3394 not
954 3347 995 3395 tell
1008 3363 1022 3395 ι
1033 3347 1097 3407 lie,l
1116 3347 1235 3398 conclude

137 3427 189 3476 that
201 3428 275 3478 much
288 3429 335 3476 less
347 3443 402 3491 inny
415 3428 446 3476 he
458 3428 489 3476 do
497 3427 516 3476 it
527 3428 553 3477 in
564 3444 596 3478 ιιι
609 3431 696 3494 unjust
708 3445 790 3487 cause,
800 3430 849 3478 end
861 3430 897 3478 ser
907 3430 948 3479 the
958 3430 1059 3481 defense
1069 3434 1098 3481 of
1109 3449 1234 3495 wrong...

137 3512 251 3562 Artifices
261 3514 308 3562 end
320 3514 395 3575 eralty
409 3513 570 3563 intercourses
587 3531 644 3579 may
656 3518 686 3565 he
699 3521 757 3565 used
770 3526 795 3566 to
804 3517 915 3567 defende
928 3520 982 3582 just
992 3535 1066 3568 cause
1078 3520 1132 3569 that
1143 3537 1189 3570 can
1201 3535 1234 3570 no

136 3595 206 3645 other
219 3612 271 3658 way
285 3598 314 3642 ba
325 3597 451 3653 defended,
465 3599 509 3645 but
520 3598 577 3661 they
588 3615 644 3663 may
656 3603 737 3649 nothe
751 3602 809 3650 used
822 3611 847 3651 ιο
858 3611 967 3666 promota
984 3619 1017 3652 ιιι
1028 3605 1076 3653 evil
1087 3620 1177 3662 cauee;
1194 3607 1233 3653 be·

135 3695 209 3729 cause
220 3679 277 3741 they
290 3678 318 3726 ef
326 3677 478 3736 themselves,
491 3681 585 3741 though
598 3683 654 3745 they
665 3686 695 3733 be
707 3684 852 3746 indifferent,
863 3695 905 3750 yet
917 3695 960 3735 not
970 3688 1069 3750 sarving
1082 3690 1172 3751 egued
1183 3689 1232 3739 end

136 3766 180 3814 but
190 3781 221 3814 an
231 3764 286 3822 evil,
298 3763 329 3812 do
341 3762 458 3812 therefore
470 3765 569 3813 become
585 3765 657 3814 evil.'’
685 3767 736 3816 Jer.
749 3769 848 3834 Teylor,
866 3770 942 3821 Duct.
953 3772 1018 3822 Duh.
1031 3774 1047 3824 l.
1059 3774 1095 3824 iii.
1106 3791 1128 3824 c
1140 3774 1166 3824 ii.
1179 3774 1234 3824 Vol.

135 3850 161 3898 ii.
173 3864 197 3913 p.
209 3852 248 3897 91.

172 3934 215 3997 (t)
234 3932 317 3982 Tract.
328 3934 358 3982 de
371 3933 483 3995 Oblig.e.
493 3951 516 3982 v.
530 3938 577 3993 §a
591 3952 616 3985 n.
629 3939 652 3986 5.

172 4018 212 4081 (b)
230 4025 244 4048 “
253 4016 283 4066 ln
295 4018 326 4066 all
339 4019 451 4068 criminal
471 4022 648 4084 prosecutioni,
659 4023 788 4087 especially
801 4023 882 4073 where
894 4025 935 4074 the
946 4027 1057 4091 prisoner
1068 4045 1116 4079 can
1127 4029 1190 4079 heve
1201 4044 1233 4079 no

135 4102 237 4151 coensel
248 4110 273 4150 to
286 4102 357 4165 pleed
368 4103 404 4151 sor
416 4103 475 4163 him,
487 4105 623 4156 ebenister
634 4107 655 4156 is
668 4124 695 4156 ιι
711 4108 787 4157 raueh
809 4109 890 4159 bound
911 4119 936 4159 to
949 4112 1053 4162 diaelose
1065 4114 1097 4163 all
1109 4113 1180 4164 those
1191 4114 1235 4164 eu-

134 4193 290 4235 cumstanees
302 4195 327 4235 ιο
339 4186 380 4236 the
388 4189 455 4252 jury,
467 4189 516 4238 end
528 4198 553 4240 to
566 4205 651 4242 reason
663 4208 731 4257 open
750 4193 817 4243 them
829 4210 856 4242 ιι
867 4195 937 4259 fully,
948 4196 1031 4247 which
1044 4213 1084 4247 ιιι
1096 4199 1233 4249 ιἰιοιιιιιιιι

135 4279 160 4321 ιο
172 4270 213 4320 the
224 4272 340 4335 prisoner,
352 4288 379 4320 ιι
391 4273 460 4322 those
472 4274 554 4325 which
566 4293 607 4327 ιιο
624 4278 697 4342 likely
710 4285 735 4328 ιο
754 4288 856 4343 support
875 4279 916 4330 the
927 4283 1110 4347 prosecution.”
1146 4283 1233 4336 Ohittii

134 4356 259 4407 adnotatio
271 4358 304 4406 at
317 4357 343 4407 in
355 4356 513 4422 Blrcltstene,
525 4363 541 4412 l.
554 4361 586 4412 iv.
596 4379 622 4413 n.
632 4363 691 4412 85⁷.
