2744 4980
150 399 210 454 21⁰
366 393 422 452 DE
442 391 618 453 JEJUNIO
638 393 696 453 ET
716 390 1016 451 ABSTINENTIA.

83 588 86 593 ·
153 578 223 637 gens
232 559 374 638 jejunium
388 559 538 627 Ecclesioe,
553 559 588 616 ad
601 558 677 631 quod
692 566 811 624 tenetur,
825 575 884 614 non
898 567 997 634 peccat
1009 557 1179 621 mortaliter,
1190 554 1245 613 nisi

153 678 189 717 ex
212 669 385 734 contemptu,
406 659 452 716 vel
474 658 663 716 inobedientia
683 657 738 716 hoe
761 656 852 722 saciat,
876 666 953 733 puta,
974 657 1120 728 quianon
1140 653 1203 711 vult
1215 673 1243 714 se

152 761 290 836 subjicere
304 752 495 834 precepto.'’¹
535 756 621 823 Quod
634 757 659 814 si
672 758 747 829 quis,
769 755 815 812 uel
835 755 916 822 sorte,
931 755 976 812 vel
995 753 1140 821 consulto,
1155 754 1186 832 in
1200 752 1239 813 die

148 860 251 935 jejunii
262 857 332 915 duas
345 857 500 933 sumpserit
508 856 684 923 resech'ones,
695 857 764 913 alias
778 873 890 912 sumere
903 874 962 912 non
975 855 1028 912 erit
1040 855 1136 931 gravia
1150 854 1237 930 culpa,

152 977 241 1030 quum
254 956 377 1032 amplius
391 966 514 1027 nequeat
526 964 698 1032 preceptum
712 973 834 1012 servare.

191 1062 241 1115 42.
263 1055 392 1113 Refectio
406 1056 498 1121 unica,
513 1073 576 1126 quar
589 1054 635 1111 die
644 1055 748 1132 jejunii
758 1054 937 1130 permittitur,
948 1063 1014 1128 post
1025 1053 1097 1111 solis
1111 1071 1240 1130 occasum

153 1154 223 1213 olim
236 1156 398 1212 sumebatur
411 1156 440 1212 in
460 1152 693 1231 quadragesima;
713 1165 741 1211 et
760 1153 831 1210 hora
843 1171 929 1219 nona,
952 1170 1004 1209 seu
1024 1152 1112 1209 tribus
1134 1152 1242 1208 circiter

154 1267 218 1328 post
240 1253 387 1313 meridiem
401 1254 488 1319 horis,
502 1254 610 1310 ceteris
630 1255 696 1310 anni
716 1253 908 1328 temporibus;
924 1253 986 1328 jam
1008 1251 1145 1309 asaeculo
1160 1250 1240 1308 xlv.

153 1354 228 1412 circa
239 1351 388 1413 meridiem
408 1353 538 1409 sumitur.
580 1352 711 1428 Tempus
734 1352 790 1409 hoc
813 1349 969 1428 prandendi
991 1350 1151 1408 notabiliter
1174 1370 1242 1425 pra·

153 1453 259 1520 venire,
274 1463 342 1529 puta
354 1470 405 1528 per
418 1451 487 1508 duas
501 1461 549 1507 aut
562 1460 616 1508 tres
630 1451 714 1508 horas
734 1451 827 1527 gravis
846 1449 992 1508 nonnullis
1012 1449 1122 1507 videtur
1142 1450 1241 1525 culpa:

153 1552 214 1609 aliis
228 1553 320 1609 levem
333 1570 396 1609 eam
409 1550 587 1617 habentibus,
601 1569 688 1622 quum
699 1551 856 1608 substantia
864 1549 968 1626 jejunii
981 1559 1116 1616 servetur,
1131 1551 1244 1621 quoties

152 1653 237 1708 unica
262 1651 291 1707 in
305 1649 350 1707 die
373 1650 492 1706 sumitur
512 1648 637 1707 resectio.
679 1650 706 1706 A
725 1650 780 1707 levi
807 1648 891 1725 eulpa
912 1648 1013 1706 eximit
1032 1648 1141 1721 quaevis
1165 1667 1247 1721 aequa

154 1769 255 1807 causa:
278 1768 313 1804 v:
337 1769 370 1824 g:
393 1750 444 1804 iter
457 1747 658 1807 inchoandum.
700 1750 733 1805 Si
747 1747 896 1825 prandium
910 1748 1076 1823 interrumpi
1089 1748 1245 1824 contingat,

153 1849 221 1906 licet
232 1848 301 1906 illud
314 1859 414 1924 postea
426 1847 517 1912 finire,
539 1865 626 1918 quum
650 1849 734 1905 unica
752 1847 887 1905 habeatur
906 1846 1029 1904 refectio.
1072 1846 1246 1923 Intermptio

155 1958 249 2004 autern
263 1947 392 2024 prudenti
413 1945 525 2002 arbitrio
546 1946 712 2004 aestimanda
725 1956 776 2013 est,
798 1947 892 2003 habita
911 1945 1108 2022 adjunctorum
1121 1947 1241 2007 ratione.

154 2047 227 2105 Post
239 2046 333 2121 plures
347 2045 430 2103 horas
445 2044 479 2101 ad
493 2044 641 2119 prandium
656 2044 746 2103 redire
760 2064 817 2102 non
836 2045 913 2112 licet,
927 2046 952 2101 si
971 2045 1032 2121 jam
1050 2063 1083 2101 se
1096 2046 1166 2102 satis
1181 2048 1245 2117 quis

153 2145 291 2212 refecerit,
317 2162 370 2203 nec
396 2144 484 2209 euim,
508 2152 584 2201 tanto
609 2144 799 2202 intercedente
822 2143 979 2210 intervallo,
1002 2143 1103 2202 eadem
1129 2144 1246 2203 resectio

154 2244 251 2302 haberi
272 2253 373 2320 potest.
416 2243 480 2300 Etsi
504 2244 568 2314 quis
591 2262 726 2301 amensa
746 2245 899 2302 surrexerit
924 2243 1019 2301 animo
1040 2243 1166 2318 amplius
1188 2263 1246 2302 non

155 2341 334 2410 comedendi,
349 2344 452 2420 poterit
474 2341 643 2418 paulopost
665 2343 766 2410 redire,
781 2344 825 2400 vel
845 2362 931 2420 poma
954 2353 1001 2399 aut
1022 2343 1101 2400 cibos
1123 2343 1245 2401 leuiores

155 2440 313 2499 comedere.
356 2442 487 2516 Tempus
502 2459 553 2515 per
566 2441 642 2513 quod
662 2441 812 2518 prandium
826 2443 950 2518 protrahi
963 2452 1065 2517 potest,
1080 2442 1160 2499 nulla
1173 2453 1247 2499 certa

156 2540 252 2616 regula
261 2539 371 2596 definiri
385 2550 494 2615 potest;
516 2540 567 2596 sed
581 2540 734 2616 prudenter
748 2551 792 2598 cst
803 2539 998 2600 estimandum
1013 2559 1064 2616 pro
1079 2559 1160 2598 more
1174 2543 1245 2618 regi·

155 2658 252 2698 onum.
295 2638 340 2696 Ad
353 2638 422 2696 duas
436 2638 519 2695 lroms
534 2637 602 2696 illud
615 2639 739 2715 protrahi
753 2639 880 2717 theologi
893 2640 1021 2698 nonnulli
1034 2640 1205 2698 concedunt.

195 2742 244 2795 43.
266 2738 376 2796 Vinum
395 2738 521 2809 aliosque
542 2738 666 2810 liquores
687 2757 799 2796 sumere
822 2741 851 2797 in
871 2740 971 2797 diebus
987 2740 1091 2816 jejunii
1104 2740 1174 2797 olim
1188 2759 1245 2797 non

156 2838 249 2895 licuit:
272 2837 467 2914 progrediente
488 2837 554 2895 verb
577 2848 704 2914 tempore
725 2838 795 2896 adeo
816 2840 941 2916 mitigata
960 2850 1004 2896 est
1029 2838 1189 2914 disciplina,
1216 2851 1246 2897 ut

157 2946 240 3012 potus
255 2936 418 3013 hujusmodi
438 2937 549 3012 legibus
558 2936 708 3014 jejunandi
721 2957 877 3014 repugnare
891 2937 967 2995 haud
980 2948 1137 2995 censeatur.
1182 2938 1246 2997 Fini

157 3045 249 3091 tamen
264 3054 349 3107 quem
364 3036 417 3091 sibi
431 3037 565 3110 proponit
577 3036 711 3095 Ecclesia
729 3037 856 3096 maxime
876 3036 1079 3104 adversaretur,
1101 3037 1151 3110 qui
1166 3040 1243 3113 potui

155 3134 245 3192 nimio
259 3133 417 3211 indulgeret
429 3135 458 3190 in
472 3133 598 3191 fraudem
607 3136 721 3213 jejunii.
764 3136 877 3194 Bibenti
897 3136 1042 3195 modicum
1063 3136 1170 3209 aliquid
1191 3138 1245 3194 cibi

156 3234 241 3291 simul
255 3252 367 3291 sumere
381 3253 436 3291 una
450 3245 498 3290 aut
516 3233 601 3291 altera
620 3237 694 3303 vice,
708 3253 744 3292 ne
765 3246 848 3312 potus
862 3245 971 3303 noceat,
993 3236 1117 3313 theologi
1131 3237 1245 3311 permit·

156 3341 225 3390 tunt.

195 3436 243 3488 44.
266 3431 454 3499 Electuuriu,
470 3452 532 3504 quae
547 3432 610 3491 ideo
624 3433 755 3491 dicuntur
768 3432 844 3507 quod
858 3453 895 3492 ex
909 3434 1005 3493 electis
1018 3434 1113 3501 rebus,
1128 3443 1198 3509 puta
1210 3451 1247 3492 ex

155 3530 300 3597 saccharo,
316 3543 343 3587 et
357 3533 503 3606 junipero,
518 3543 565 3589 aut
580 3532 665 3590 cedro
684 3533 880 3600 conficiuntur,
896 3542 916 3568 “
927 3534 1037 3592 etiamsi
1050 3533 1147 3605 aliquo
1161 3533 1248 3592 modo

154 3628 285 3692 nutriant,
300 3647 357 3685 non
372 3639 464 3685 tamen
480 3630 671 3705 principaliter
683 3641 865 3690 assumuntur
874 3631 910 3690 ad
920 3634 1132 3700 nutrimentum,
1146 3632 1199 3690 sed
1213 3632 1247 3691 ad

153 3725 342 3803 digestionem
356 3727 501 3782 ciborum:
523 3727 599 3785 unde
614 3747 670 3785 non
683 3729 799 3787 solvunt
806 3732 961 3807 jejunium,
975 3733 1049 3790 sicut
1062 3750 1115 3789 nec
1129 3732 1246 3790 aliarum

152 3929 213 3991 days
225 3928 252 3977 of
266 3927 358 3977 festival
370 3929 485 3986 exorciso,
502 3929 538 3977 tor
551 3928 592 3978 tha
609 3928 715 3991 traming
725 3930 755 3979 ot*
769 3930 810 3980 the
829 3948 876 3982 one
893 3932 1016 3993 affection,
1028 3936 1076 3984 und
1095 3935 1173 3999 partly
1187 3934 1247 3985 with

152 4011 224 4060 times
231 4011 259 4059 ot
267 4020 398 4074 econtrary
408 4020 464 4070 sort,
477 4012 512 4060 for
521 4011 562 4061 the
571 4012 740 4077 persectingot
748 4013 789 4063 the
800 4013 893 4064 other.”
928 4013 995 4066 Ecol.
1005 4015 1099 4084 purity,
1112 4017 1127 4066 l.
1139 4034 1161 4065 r.
1171 4033 1196 4067 n.
1207 4021 1247 4067 72.

150 4094 282 4159 Jejunandi
293 4110 383 4144 morem
396 4106 419 4145 et
429 4097 506 4158 legem
518 4113 548 4146 er
561 4097 667 4164 professo
679 4112 708 4147 so
721 4098 768 4149 loci
776 4098 892 4150 defendit.

189 4181 231 4246 (t)
252 4178 324 4245 Prop.
336 4184 377 4228 23.
