2744 4980
553 1291 695 1355 CAPUT
715 1293 769 1354 Vl.

520 1536 569 1577 DE
599 1539 823 1581 snnvl'w‘rs:
839 1561 847 1577 ι

167 1737 219 1792 35.
241 1731 332 1800 Quor(
345 1749 445 1792 omnes
459 1732 590 1792 homines
598 1735 664 1811 jure
673 1743 779 1792 namroe
791 1735 849 1792 sint
861 1752 955 1811 pares,
969 1752 1055 1793 nemo
1069 1745 1113 1793 est
1122 1746 1224 1796 natura

129 1830 244 1890 alterius
267 1831 418 1898 dominus3
437 1832 502 1908 jure
523 1841 618 1891 tamen
640 1833 767 1910 gentium
786 1851 845 1891 non
865 1842 973 1891 tentum
986 1832 1224 1912 Juriedictionis

129 1928 300 1997 dominium,
314 1929 365 1988 sed
377 1930 462 1987 etiam
471 1930 668 2007 proprietatis
681 1931 844 1990 hominibus
857 1932 888 1988 in
900 1932 1033 1990 homines
1046 1933 1222 1992 conceditur.

130 2027 209 2099 quod
228 2039 257 2085 et
267 2036 348 2085 rems
360 2028 409 2084 lex
421 2036 513 2087 ratum
525 2023 647 2087 habuit.¹
688 2028 774 2106 Capti
793 2031 823 2087 in
841 2029 916 2088 bello
935 2030 1105 2106 plerumque
1121 2031 1152 2088 in
1165 2049 1225 2089 ser·

129 2125 249 2184 riuum
273 2125 343 2183 olim
367 2124 581 2202 redigebantur,
608 2125 722 2200 quondo
744 2128 898 2186 victoribus
926 2129 1019 2187 visum
1041 2137 1086 2186 est
1112 2146 1228 2205 parcere

131 2224 225 2282 victis.
268 2223 328 2288 Qui
340 2232 422 2293 atrox
434 2224 551 2297 aliquod
570 2225 680 2284 facinus
701 2236 843 2301 patrarant
854 2224 954 2285 eedem
968 2245 1054 2303 poena
1066 2226 1229 2284 afficieban-

129 2314 200 2379 tur.²
240 2320 335 2377 Tanto
347 2320 432 2378 etiam
445 2333 505 2380 erat
524 2323 614 2397 patrie
631 2332 756 2397 potestas
769 2333 800 2379 ιιι
818 2323 894 2380 filios
914 2323 1038 2380 vendere
1052 2324 1174 2389 licuerit,
1189 2321 1224 2380 ad

126 2434 188 2474 suoe
201 2416 430 2475 subveniendum
443 2419 558 2496 inopie,
573 2418 682 2494 adjecta
700 2417 861 2477 conditione
875 2417 912 2476 de
931 2418 1108 2487 redimendo,
1124 2419 1150 2477 si
1164 2437 1225 2476 me·

126 2514 184 2573 lior
197 2513 335 2573 affulserit
345 2509 483 2574 lortuna³
523 2515 663 2575 Nonnulli
682 2517 795 2593 seipsos
816 2515 979 2575 vendebant
997 2525 1028 2574 ιιι
1040 2534 1101 2575 sne
1116 2527 1228 2576 susten·

127 2613 229 2670 lationi
241 2613 431 2670 consulerent.
473 2613 587 2672 Horum
601 2615 730 2673 omnium
744 2613 805 2681 filii,
819 2632 857 2671 ex
869 2624 959 2673 matre
972 2632 1055 2672 servo
1067 2614 1137 2682 nati,
1152 2616 1227 2672 servi

127 2710 314 2777 habebantur,
338 2711 406 2782 quia
431 2719 558 2786 “partus
583 2712 710 2782 sequitur
732 2704 908 2770 ventrem.’'⁴
948 2712 1121 2769 Servitutem
1148 2710 1224 2786 apud

127 2809 281 2885 plerasque
294 2817 393 2883 gentes
402 2809 545 2884 vigentem
555 2807 712 2884 Apostolus
725 2827 784 2866 non
794 2809 963 2885 reprobavit,
975 2807 1027 2866 scd
1037 2808 1116 2867 heris
1130 2806 1227 2865 docuit

127 2905 339 2964 obediendum:
362 2912 382 2940 ‘⁴
391 2905 474 2963 Servi
486 2905 599 2964 obedite
612 2904 737 2964 dominis
757 2906 917 2964 camelibns
930 2925 997 2964 cum
1011 2907 1117 2965 timore
1131 2915 1161 2962 et
1174 2915 1227 2962 tre·
1260 2893 1263 2900 ’

127 3022 220 3070 more,
234 3005 265 3061 'm
286 3003 466 3080 simplicitate
486 3003 581 3063 cordis
603 3006 701 3072 vestri,
724 3005 799 3062 sicut
821 3001 987 3062 Christo.'’⁵
1027 3005 1116 3063 Horis
1140 3005 1225 3063 etiam

128 3101 381 3160 mansuetudinem
400 3111 428 3159 et
447 3104 608 3176 equitatem
630 3104 799 3161 insinuavit:
823 3111 843 3139 ⁴⁴
855 3103 895 3161 Et
914 3121 965 3161 vos
991 3103 1103 3163 domini
1124 3101 1226 3160 eadem

127 3200 213 3260 tacite
227 3201 294 3267 illis,
308 3201 484 3259 remittentes
498 3202 608 3260 minas:
630 3202 753 3260 scientes
767 3203 834 3273 quia
847 3210 876 3258 et
888 3201 1005 3260 illorum
1019 3213 1049 3260 et
1060 3211 1155 3259 vester
1167 3200 1228 3258 Do·

128 3300 225 3359 minus
244 3308 289 3357 est
301 3301 331 3358 in
344 3300 441 3358 coelis:
462 3310 491 3358 et
503 3319 688 3377 personamm
712 3301 840 3376 acceptio
854 3317 912 3357 non
932 3309 977 3358 est
990 3298 1065 3376 apud
1079 3289 1228 3356 Deum.”⁶

127 3399 297 3476 Apostolica
308 3396 480 3458 documenta
488 3417 604 3475 semper
613 3417 671 3475 pne
683 3399 775 3457 oculis
785 3398 884 3456 habuit
893 3397 1037 3465 Ecclesia,
1048 3416 1111 3471 qun
1121 3396 1228 3455 idcirco

128 3497 160 3555 in
173 3497 296 3556 concilio
311 3497 474 3573 Gangrensi
487 3498 631 3557 damnavit
643 3497 820 3556 anathemate
832 3498 947 3570 eosqui
961 3515 1059 3556 servos
1071 3517 1087 3554 a
1099 3495 1228 3554 domino-

130 3614 195 3654 rum
208 3597 347 3669 obsequio
360 3597 507 3673 religionis
520 3597 621 3674 specie
635 3595 814 3656 abducerent.
847 3594 993 3655 (luterum
1006 3597 1077 3655 favit
1088 3605 1228 3669 quantum

130 3694 219 3751 valuit
236 3694 369 3752 humanos
388 3695 518 3763 libertati,
542 3695 674 3754 dominos
697 3705 728 3753 ut
748 3695 890 3772 mancipia
908 3698 1142 3755 manumitterent
1162 3693 1225 3752 hor·

130 3790 225 3860 tando,
239 3791 332 3852 donec
345 3796 453 3853 sensim
467 3795 528 3853 sine
549 3813 634 3853 sensu
651 3793 758 3852 sublata
772 3795 915 3861 servitute,
930 3796 1051 3852 vetuerit
1063 3789 1225 3851 Alexander

166 4015 208 4079 (l)
220 4015 301 4066 Exod.
315 4016 368 4066 ni.
384 4015 463 4066 Lerit.
474 4032 533 4067 xxv.

168 4099 210 4165 (2)
225 4100 289 4167 Cap·
302 4101 366 4170 ltoq
384 4103 527 4162 cromdom,
539 4104 569 4154 de
585 4102 681 4155 ludaris
692 4110 717 4152 et
728 4102 894 4154 samaritanis.

166 4186 208 4250 (³)
222 4185 252 4235 L.
264 4187 278 4236 i.
288 4197 313 4239 et
324 4189 350 4238 ii.
361 4187 387 4237 il.
399 4190 429 4238 de
440 4189 549 4255 putribus
559 4188 602 4252 qui
614 4187 680 4239 tilios
690 4203 750 4238 snos
757 4187 932 4237 distraxerunt.

166 4272 207 4335 (d)
221 4271 323 4323 Portum
336 4272 396 4322 Cod.
407 4273 438 4323 de
450 4274 484 4323 rei
496 4273 586 4324 vindic.
701 4273 738 4332 (b)
752 4270 856 4336 prvi.
868 4271 892 4318 5.
994 4274 1034 4338 (6)
1049 4271 1141 4323 Ibidem
1154 4274 1179 4320 9.
