2744 4980
210 418 265 474 tes
394 409 451 469 DE
472 406 726 468 POTESTATE
748 406 887 467 LEGES
907 404 1107 466 FERENDI.

209 578 244 637 ad
259 578 387 637 fidelium
401 574 613 635 multitudinem
628 573 658 630 in
672 573 768 630 officio
789 570 990 629 continendum
999 571 1158 629 necessaria
1170 570 1217 633 sit,
1232 586 1299 625 ron·

207 698 288 736 cessa
300 676 400 753 procul
412 675 498 733 dubio
512 683 571 730 est:
593 681 765 747 quapropter
784 680 812 727 et
830 670 956 728 moribus
975 669 1165 736 moderantur,
1185 668 1297 742 legibus

203 779 278 844 latis,
292 788 322 833 et
335 776 532 847 delinquentes
546 772 640 848 poenis
654 769 868 828 medicinalibus
882 769 1016 845 plectunt,
1030 777 1059 825 et
1070 767 1234 842 desperatos
1247 785 1297 824 ox·

207 888 247 934 tra
260 877 424 933 societatem
439 873 557 948 pellunt.
591 869 750 945 ·Spirituale
763 869 860 940 utique
873 878 902 926 et
920 868 1033 925 coeleste
1053 876 1096 923 est
1109 864 1219 924 Christi
1236 884 1297 941 reg·

208 995 289 1041 num,
304 974 339 1030 ab
352 973 473 1048 imperio
486 970 689 1039 dominatuque
703 969 779 1026 civili
793 967 910 1026 omnino
924 966 1066 1024 diversum
1078 984 1086 1031 ς
1100 966 1207 1041 quippe
1221 965 1298 1035 quod

210 1086 300 1132 totum
313 1071 349 1128 ad
362 1073 518 1129 enimenim
531 1067 650 1124 salutern
668 1065 817 1142 dirigatur:
838 1065 889 1123 sed
909 1084 944 1123 eo
963 1066 1053 1141 magis
1067 1064 1174 1140 indiget
1185 1064 1297 1139 legibus

209 1172 312 1244 quibus
337 1169 511 1229 conscientia
532 1178 654 1244 regatur,
678 1165 754 1237 quod
778 1166 857 1223 abest
882 1165 1087 1241 suppliciomrn
1113 1165 1142 1222 in
1168 1163 1298 1220 haesita

206 1279 308 1329 metus.

528 1470 543 1544 §
558 1470 596 1529 11.
618 1470 666 1528 Du
680 1486 783 1528 sanun
797 1485 972 1526 saroarsue.

252 1661 280 1711 5.
302 1653 438 1712 Pontifex
452 1651 601 1711 Romanus
614 1652 692 1729 leges
706 1652 777 1710 serre
794 1650 869 1707 valet
887 1667 949 1722 quae
962 1651 1123 1708 universam
1137 1648 1299 1707 Ecclesiam

211 1754 367 1829 respiciant
378 1760 407 1808 et
418 1751 550 1827 obligent.
593 1751 736 1809 Novimus
753 1749 900 1825 theologos
919 1748 1058 1820 quosdam
1077 1758 1105 1805 et
1119 1749 1300 1824 jurisperitos

213 1851 321 1908 limites
334 1851 400 1908 huic
417 1850 548 1924 potestati
570 1849 734 1925 adsignare3
754 1846 805 1904 sed
825 1848 906 1905 nobis
925 1847 1017 1922 placet
1035 1867 1100 1905 curn
1120 1849 1301 1918 antiquorum

209 1951 295 2007 turba
307 1967 357 2007 eos
379 1958 486 2006 tanturn
500 1966 652 2025 agnoscere
666 1948 770 2005 limites
784 1947 834 2019 qui
847 1946 942 2004 divina
954 1945 1017 2024 lege
1030 1957 1203 2004 statuuntur:
1226 1947 1303 2003 irrita

214 2049 321 2124 quippe
336 2047 464 2104 soretlex
479 2065 541 2118 que
555 2047 622 2104 huie
636 2058 793 2122 repugnat;
814 2045 864 2103 sed
874 2046 933 2102 vim
947 2046 1072 2104 obtinere
1085 2044 1255 2117 debetque,
1270 2061 1304 2098 ea

215 2145 312 2212 illaesa,
327 2163 490 2222 asupremo
504 2146 644 2205 Eccleeiae
658 2157 775 2212 rectore,
790 2143 899 2201 Christi
911 2146 1027 2203 nomine
1040 2144 1137 2202 fertur.
1159 2144 1224 2202 Neo
1238 2141 1303 2199 ideo

213 2256 346 2321 putamus
359 2244 443 2302 licere
458 2245 584 2321 pontifici
597 2263 650 2303 suo
663 2244 749 2301 veluti
769 2244 898 2300 arbitratu
917 2245 1013 2302 omnia
1032 2244 1210 2319 singulorum
1227 2243 1302 2317 jura,

215 2344 261 2400 rel
280 2343 464 2402 ecclesiarum
484 2344 631 2420 privilegia
650 2355 678 2400 et
691 2341 910 2401 consuetudines
931 2343 1095 2400 conculcare
1111 2353 1139 2399 et
1158 2341 1300 2400 evellere:

213 2453 341 2516 potestas
354 2442 430 2499 enim
446 2442 473 2499 in
495 2442 710 2500 aedificationem
731 2440 794 2499 data
810 2450 864 2509 est,
884 2450 913 2499 et
934 2460 992 2500 non
1014 2443 1042 2498 in
1063 2441 1301 2499 destructionem:

213 2558 276 2611 quae
291 2541 316 2597 si
328 2540 417 2599 lubito
431 2541 555 2612 quodam
568 2540 733 2598 dominandi
747 2540 921 2607 adhibeatur,
936 2540 1012 2613 quod
1026 2541 1113 2599 absit!
1133 2542 1182 2597 vix
1197 2539 1303 2596 obtem·

210 2649 345 2715 perantes
358 2637 471 2696 habebit
483 2633 628 2716 populos.¹
671 2637 815 2711 Equidem
836 2648 945 2697 constat
964 2639 1037 2696 hanc
1049 2651 1216 2714 potestatem
1230 2655 1303 2693 sem·

210 2754 266 2812 per
276 2734 430 2797 adhibitam
444 2756 508 2794 esse
522 2756 626 2813 magno
639 2755 704 2794 oum
725 2737 929 2804 moderamine,
949 2748 976 2793 et
995 2738 1143 2812 pontifices
1164 2736 1303 2813 proclives

213 2853 245 2893 se
259 2832 425 2894 exhibuisse
439 2836 468 2893 in
481 2835 607 2893 fidelium
620 2836 764 2903 utilitates,
775 2847 803 2893 et
811 2837 890 2913 justa
901 2830 1067 2893 desideria.2

257 2938 285 2991 6.
308 2932 442 2993 Concilia
456 2935 656 3001 OEeumenica‚
671 2953 734 3007 quae
756 2935 901 3011 episcopis
921 2954 958 2992 ex
972 2944 1031 2992 toto
1044 2936 1111 2992 orbe
1125 2933 1304 3010 congregatis

217 3043 357 3099 constant,
372 3052 486 3090 summo
500 3033 640 3091 Pontifice
650 3033 794 3109 probante,
804 3034 897 3090 serunt
905 3033 985 3111 leges
994 3034 1096 3106 quibus
1107 3034 1238 3090 universa
1249 3031 1304 3088 Ec·

218 3131 308 3188 olesia
321 3132 503 3207 obstringitur
512 3123 536 3187 :³
549 3132 716 3207 hujusmodi
729 3133 806 3190 enirn
819 3143 911 3191 coetus
931 3144 1019 3192 totum
1033 3136 1234 3210 episcoporum
1249 3129 1305 3187 col·

247 3369 289 3433 (l)
309 3368 409 3434 Optime
426 3370 517 3422 Comes
539 3369 577 3422 De
600 3371 699 3423 llaistre
717 3371 899 3438 objicientibus:
917 3370 990 3432 “Qu'
1008 3378 1044 3421 est
1060 3386 1089 3420 ce
1105 3370 1147 3434 qui
1165 3376 1268 3420 anetem
1283 3369 1305 3417 le

212 3452 279 3516 Pape
288 3452 316 3501 1”
328 3456 476 3519 respondet:
495 3465 510 3488 ‘¹
521 3457 615 3516 'l'ota3
633 3459 668 3507 les
684 3474 785 3516 canons,
802 3456 837 3507 les
855 3458 907 3517 lois,
919 3458 954 3508 les
965 3466 1091 3507 coutumes
1101 3456 1144 3505 dos
1155 3456 1261 3513 natione,
1272 3454 1307 3503 les

209 3539 358 3589 assembldes
370 3541 518 3601 nsdonales,
531 3542 553 3591 ls
566 3544 732 3608 proscriptus,
740 3543 776 3593 les
784 3544 996 3607 representatione,
1003 3543 1038 3592 les
1049 3541 1225 3602 negociatione.
1235 3541 1257 3589 le
1268 3539 1309 3587 de·

211 3626 270 3681 von,
288 3626 311 3673 le
332 3627 434 3685 oreinte,
446 3627 470 3676 la
480 3627 610 3690 prudente.
626 3636 651 3677 et
667 3627 796 3692 pardessus
812 3626 898 3686 toutl’
910 3628 1010 3692 opinion
1022 3626 1130 3676 reinedu
1141 3623 1235 3675 mode.”
1265 3623 1307 3672 Du

208 3707 280 3773 Pape,
292 3707 331 3758 eh.
343 3709 410 3759 xviii.

247 3793 287 3858 (¹2)
301 3801 316 3824 ⁴⁴
331 3794 367 3843 Es
382 3794 484 3852 notorio,
502 3810 549 3858 que
567 3794 590 3844 la
607 3794 684 3844 Senta
696 3794 760 3845 Sede
776 3795 808 3845 ha
820 3796 884 3845 dedo
900 3796 1003 3861 siempre
1020 3796 1123 3860 praebes
1140 3795 1171 3846 de
1182 3795 1206 3844 la
1223 3810 1308 3859 mayor

88 3916 101 3939 ,
209 3879 432 3930 condescendencie
448 3896 496 3930 ooo
517 3889 626 3944 respecto
648 3878 664 3929 d
683 3881 752 3930 todes
764 3881 800 3930 las
816 3881 931 3943 lglesirs:
950 3898 999 3932 aun
1017 3882 1119 3932 muchan
1136 3897 1214 3940 voees,
1230 3883 1309 3945 ycasi

207 3965 320 4029 siempre,
332 3965 365 4015 be
383 3965 515 4030 presenido
532 3980 575 4015 sus
594 3964 753 4016 necesidedes
769 3966 906 4030 ydeseos·”
940 3966 1042 4032 Enssyo
1053 3968 1121 4017 sobre
1139 3967 1163 4017 ls
1180 3966 1310 4032 Suprema·

209 4052 247 4100 cie
259 4050 297 4099 del
317 4049 384 4113 Papa
398 4051 436 4109 §i-
449 4066 472 4114 p.
485 4048 524 4099 88.
536 4066 580 4116 por
591 4051 612 4099 el
625 4048 657 4100 D.
669 4049 702 4100 D.
712 4050 771 4100 lose
783 4049 884 4113 lgnacio
898 4052 1146 4113 Moreno‚Arcidiano
1154 4051 1214 4102 dele
1222 4052 1311 4115 lglesis

210 4136 313 4198 Metrop.
326 4135 356 4183 de
369 4133 450 4192 Liuia.
463 4133 541 4193 laima,
556 4135 629 4184 teet.
663 4135 725 4186 Hac
742 4136 794 4201 ipse
810 4152 842 4187 ex
859 4153 916 4188 mox
935 4137 1032 4188 laudato
1044 4152 1115 4204 opere
1126 4145 1255 4189 mutuatus
1265 4146 1311 4196 est,

210 4220 324 4284 praeelsro
336 4219 416 4270 studio
424 4220 480 4283 juro
489 4219 515 4266 S.
527 4218 598 4269 Sedis
610 4219 743 4271 vindicans.

248 4306 290 4369 (³)
305 4305 362 4354 ¹·As
374 4319 421 4354 one
432 4305 479 4355 end
493 4303 534 4354 the
545 4320 612 4356 seme
623 4305 670 4355 lew
682 4306 764 4358 divine
774 4307 795 4357 is
805 4315 866 4358 unto
875 4307 908 4356 sll
920 4306 1044 4358 Christian
1056 4305 1175 4358 cburches
1185 4323 1201 4358 s
1211 4307 1265 4359 ruls
1273 4307 1309 4357 ior
