2744 4980
158 429 219 485 261)
337 425 394 485 DE
415 425 681 485 POTESTATIS
702 422 855 485 clvnns
875 424 1069 485 ORIGINE.

160 611 236 661 nem,
249 593 296 651 vel
309 593 437 670 singulos
457 601 555 659 actus;
576 590 628 650 sed
641 609 731 663 quum
744 591 812 648 relit
824 591 887 666 ipse
907 591 1039 650 ordinem
1056 591 1254 668 justitiamque

161 693 275 759 servari,
290 703 318 749 et
330 690 454 768 populos
467 691 496 748 in
511 691 676 748 societatem
695 689 865 756 coalescere,
885 708 972 749 omne
985 689 1164 748 auctoritatis
1177 706 1254 746 exer·

161 791 259 853 ciffum
274 792 349 864 quod
363 790 408 848 his
422 790 541 846 inservit
550 788 664 855 finibus,
675 805 857 861 quocumque
871 790 969 848 veniat
981 790 1112 855 nomine,
1127 788 1185 863 ipsi
1198 806 1256 863 pro

160 890 256 947 batum
271 887 445 947 censendum
459 898 512 944 est
534 886 651 963 Optime
664 885 836 945 Dominicus
850 888 922 946 Soto
934 888 1083 964 potestatis
1098 887 1192 944 civilis
1204 886 1255 944 ori·

160 989 256 1065 ginem
266 986 300 1044 ad
308 984 649 1046 instinctumseservandi
655 985 787 1044 omnibus
795 984 916 1044 inditum
923 985 1028 1044 refert:
1045 995 1064 1021 ‘⁶
1074 983 1254 1061 congregata

161 1085 228 1144 verb
237 1085 398 1162 respublica
405 1087 568 1157 neutiquam
576 1102 607 1141 se
618 1094 729 1160 poterat
736 1083 903 1161 gubernare,
912 1084 1068 1157 hostesque
1080 1083 1254 1160 propulsare,

162 1185 433 1255 malefactorumque
447 1183 594 1241 audaciam
607 1182 750 1250 cohibere,
764 1182 820 1240 nisi
839 1184 1019 1260 magistratus
1032 1181 1183 1259 deligeret,
1198 1183 1255 1253 qui·

160 1283 214 1340 bus
228 1301 309 1341 suam
323 1283 456 1340 tribueret
472 1282 641 1341 facultatem.
684 1280 762 1340 Nam
782 1281 851 1338 alias
870 1291 927 1340 tota
940 1282 1127 1359 congregatio
1140 1281 1204 1338 aine
1216 1299 1255 1338 or·

160 1379 227 1440 dine
247 1393 276 1439 et
297 1381 390 1457 capite
403 1398 496 1452 neque
519 1399 607 1438 unum
630 1398 735 1457 corpus
756 1389 979 1456 representaret,
1001 1398 1098 1452 neque
1118 1399 1154 1438 ea
1166 1380 1256 1455 provi·

161 1478 227 1538 dere
240 1490 347 1557 posset,
361 1497 425 1551 quae
439 1478 617 1556 expedirent.
639 1478 719 1556 Ergo
732 1477 832 1537 eadem
842 1480 949 1538 ratione
963 1478 1053 1538 doctae
1063 1477 1256 1550 divinitusque

161 1578 304 1638 manacta
318 1577 496 1654 respublica,
518 1579 580 1636 aliae
604 1579 720 1637 annales
741 1577 885 1645 consules,
905 1578 968 1637 aliar
988 1576 1060 1636 alias
1079 1577 1256 1654 publicarum

161 1676 436 1736 administrationum
450 1677 555 1734 formae
569 1677 623 1733 eibi
637 1677 826 1734 instituerunt.
840 1718 847 1733 .
860 1717 888 1734 ..
919 1677 998 1736 Ecce
1012 1673 1256 1750 quemadmodum

161 1776 275 1851 publica
288 1775 382 1835 civilis
401 1785 525 1852 potestas
538 1774 678 1834 ordinatio
698 1774 755 1833 Dei
768 1785 830 1833 est:
852 1793 911 1834 non
930 1775 1009 1850 quod
1021 1776 1188 1852 respublica
1200 1794 1256 1833 non

161 1877 298 1934 creaverit
310 1875 466 1952 principes,
480 1873 531 1931 sed
544 1872 621 1948 quod
642 1873 741 1933 fecerit
760 1873 894 1932 divinitus
915 1874 1034 1934 erudita.
1077 1873 1167 1933 Unde
1189 1873 1256 1932 illud

164 1973 233 2050 Sap.
249 1975 308 2030 xiv.
341 1974 436 2040 ‘Tua,
451 1972 546 2040 Pater,
569 1972 746 2049 providentia
764 1974 798 2030 ab
819 1973 899 2031 initio
912 1984 1013 2032 cuncta
1035 1971 1197 2051 gubernat’
1210 2015 1217 2029 .
1230 2015 1256 2030 ..

100 2104 107 2120 ·
160 2071 201 2130 Et
212 2071 277 2129 ideo
292 2071 398 2130 Paulus
415 2070 451 2128 ad
471 2071 556 2129 Rom.
570 2072 632 2129 xiii.
655 2073 847 2131 auctoritatem
867 2073 1031 2150 principum
1052 2090 1114 2131 uon
1136 2073 1167 2130 in
1187 2090 1257 2130 rem·

160 2169 302 2246 publicam
317 2181 434 2237 tantum,
449 2169 499 2226 sed
513 2171 542 2228 in
555 2170 651 2228 Deum
664 2171 760 2248 ipsum
772 2164 904 2228 refert.”¹

199 2275 229 2328 2.
250 2269 424 2328 Potestatem
437 2287 553 2328 omnem
566 2269 678 2329 civilem
691 2290 708 2328 a
721 2270 786 2328 Deo
799 2288 873 2337 esse,
887 2287 1076 2344 quecumque
1090 2269 1130 2327 sit
1142 2271 1254 2349 regimi-

164 2369 210 2426 nis
223 2369 324 2437 sorma,
340 2368 480 2426 credimus
500 2367 639 2443 Apostolo
653 2367 790 2428 docente:
812 2377 832 2404 “
843 2386 900 2426 non
913 2378 958 2427 est
970 2369 1048 2427 enim
1067 2378 1197 2445 potestas
1205 2368 1258 2427 nisi

160 2464 273 2525 aDeo:
296 2486 358 2539 quac
372 2477 466 2524 autern
488 2477 563 2534 sunt,
585 2465 679 2525 aDeo
699 2468 834 2526 ordinatae
855 2463 969 2527 sunt.”²
1008 2467 1089 2527 Hinc
1111 2467 1257 2545 Sapientia

160 2561 255 2622 divina
267 2566 322 2622 sibi
335 2565 428 2622 tribuit
440 2575 581 2622 rectorum
594 2566 796 2634 auctoritatem,
810 2577 840 2624 et
851 2567 947 2645 legum
960 2566 1144 2644 disciplinam
1155 2586 1163 2623 ε
1179 2575 1258 2643 “per

154 2662 205 2721 'me
217 2681 299 2740 reges
313 2674 440 2740 regnant,
455 2673 483 2721 ct
494 2663 590 2740 legum
600 2663 761 2723 conditores
770 2667 849 2743 justa
862 2661 1067 2725 decernunt.”³
1108 2665 1256 2738 Equidem

159 2761 270 2823 homini
285 2765 474 2822 inhominem
488 2763 605 2821 alterum
620 2763 698 2822 nuilla
710 2775 753 2821 est
760 2765 826 2842 jure
839 2774 943 2824 natura
962 2775 1099 2842 potestas,
1114 2777 1145 2825 et
1157 2783 1254 2839 quam·

194 2948 237 3014 (l)
254 2948 292 2998 De
303 2950 318 2998 J
321 2951 403 3000 ustitia
418 2959 443 3000 et
451 2951 515 3015 jure,
527 2951 543 2999 l.
555 2950 680 3015 laqueet
692 2952 723 3001 ir.
734 2959 778 3002 ert.
790 2952 805 3002 i.

193 3033 235 3098 (2)
250 3033 320 3083 Rom.
333 3034 383 3083 riii.
396 3035 418 3083 1.
452 3042 467 3065 ⁴·
477 3034 533 3082 The
544 3035 686 3099 expression
698 3053 725 3086 es
736 3037 795 3087 used
812 3039 844 3101 by
857 3037 894 3087 St
907 3037 969 3089 Paul
981 3037 1003 3088 is
1016 3038 1071 3103 just
1082 3053 1110 3087 ss
1124 3036 1258 3103 appliceble

156 3125 181 3167 to
192 3133 240 3168 ona
251 3118 311 3169 kind
320 3119 349 3168 ol
362 3128 530 3181 goremmeut,
539 3121 587 3170 and
600 3130 625 3170 to
636 3137 684 3172 one
696 3121 756 3172 lind
769 3124 798 3173 of
805 3122 953 3183 succession,
965 3139 992 3172 es
1003 3131 1029 3173 to
1037 3122 1205 3173 another-to
1217 3120 1257 3169 the

154 3204 255 3255 elective
267 3204 406 3267 magistrate
415 3206 443 3254 oi
457 3221 471 3255 e
482 3220 543 3271 pure
554 3207 670 3270 republic,
682 3223 709 3257 es
721 3216 746 3258 to
758 3224 790 3258 su
802 3209 912 3258 absolute
929 3208 1067 3272 hereditary
1078 3205 1257 3258 monach?-

158 3288 254 3355 Pelsy’s
266 3291 345 3341 Moral
351 3290 511 3357 Philosophy,
523 3293 539 3342 l.
551 3294 583 3341 vi.
592 3309 612 3343 c
621 3294 646 3343 4.

190 3377 231 3440 (11)
246 3374 318 3425 l’rov.
328 3375 378 3425 viii.
393 3378 432 3425 1⁶.
449 3375 544 3426 Eodem
557 3376 668 3427 recidunt
676 3391 732 3440 qus
744 3376 816 3427 tradit
827 3376 932 3428 eximius
944 3377 1046 3443 scriptor
1058 3374 1183 3427 Bieuchi:
1203 3384 1217 3406 ⁸·
1226 3374 1260 3424 Se

155 3460 217 3509 bene
227 3461 249 3509 si
260 3460 387 3510 considera
397 3461 421 3510 ls
433 3469 520 3511 natura
530 3461 594 3513 della
604 3478 662 3513 cosa
673 3462 700 3512 iu
717 3477 744 3512 se
760 3471 846 3523 sm,
862 3479 876 3513 e
887 3479 914 3512 se
931 3463 953 3513 si
964 3462 1050 3513 ridette
1063 3462 1104 3512 sll'
1116 3461 1221 3523 origiue,
1233 3460 1256 3509 sl

155 3557 289 3607 progresso,
306 3546 353 3594 alla
371 3545 507 3595 venerisne
525 3547 589 3596 della
611 3547 709 3614 publica
728 3548 835 3610 signorie
852 3548 883 3598 de
901 3548 947 3598 che
964 3548 991 3598 t'u
1011 3547 1144 3597 introdotta
1168 3556 1206 3596 trs
1224 3547 1257 3608 gli

152 3627 288 3686 dominici
300 3626 431 3677 conoscere
443 3629 614 3688 chiaramente,
626 3632 672 3681 che
681 3633 729 3683 ella
740 3648 791 3683 non
804 3633 830 3683 in
840 3634 900 3684 altro
912 3648 984 3684 senso
997 3633 1101 3698 proceda
1115 3632 1149 3682 ds
1162 3632 1218 3689 Dio,
1231 3647 1257 3680 se

154 3725 205 3761 non
213 3710 240 3761 iu
252 3719 352 3776 quanto,
361 3711 455 3760 arendo
466 3713 513 3775 egli
526 3721 561 3762 tra
573 3715 605 3775 gli
618 3715 673 3764 altri
684 3715 743 3765 doni
754 3718 858 3767 naturali
871 3715 994 3768 all'uman
1003 3715 1102 3766 Genera
1112 3715 1171 3766 dato
1182 3731 1256 3765 antor

155 3796 237 3859 quello
248 3796 272 3847 di
292 3795 383 3861 repersi
395 3811 539 3846 conservare
556 3797 621 3846 nella
638 3813 730 3849 umaue
747 3797 855 3859 sociere,
875 3799 1007 3851 dilendersi
1023 3797 1082 3849 dell'
1100 3801 1260 3864 oppressione

139 3874 191 3928 ‘dc'
204 3881 368 3946 prepotenti,s
388 3880 508 3931 custodire
520 3879 536 3930 l'
548 3880 641 3946 equitd,
653 3898 667 3931 o
678 3882 703 3932 le
713 3882 825 3945 giustizia
841 3893 927 3934 contro
939 3885 962 3935 le
974 3884 1085 3934 violence
1095 3882 1135 3934 de’
1146 3884 1261 3949 malvagi,

152 3966 186 4025 gli
195 3966 228 4016 ha
239 3969 376 4020 conceduto
389 3984 477 4018 ancora
489 3968 506 4018 il
519 3967 602 4018 diritto
614 3967 639 4018 d'
650 3968 755 4020 istituire
767 3969 775 4019 i
787 3967 904 4036 Principi,
917 3986 931 4019 e
943 3970 951 4019 i
964 3968 1110 4032 Magistrati,
1121 3984 1136 4019 e
1147 3968 1174 4019 di
1188 3969 1260 4020 collo·

150 4063 205 4098 cere
216 4052 240 4100 la
249 4055 345 4117 publiea
356 4051 458 4120 potasti,
471 4055 524 4104 oin
537 4071 587 4105 uno
596 4055 656 4114 solo,
666 4055 711 4105 che
723 4055 757 4118 gli
769 4056 823 4106 altri
834 4056 1045 4120 soprantendesse,
1057 4071 1073 4105 o
1084 4054 1111 4104 in
1124 4055 1210 4105 alcuni
1222 4054 1261 4105 de’

152 4130 195 4191 piu
204 4135 285 4194 scelti,
296 4137 342 4186 che
354 4138 379 4188 di
391 4155 482 4189 comun
495 4139 615 4202 consiglio
625 4138 844 4189 amministrassero
861 4139 884 4189 le
900 4137 1021 4202 giustiais,
1033 4153 1047 4187 s
1059 4139 1082 4188 le
1094 4137 1206 4188 violence
1217 4138 1261 4187 im·

150 4213 297 4347 ΐῖἱίϋοτοΡ
333 4220 405 4271 Delle
416 4221 516 4273 Potestis
527 4240 542 4274 e
553 4224 616 4275 della
628 4221 717 4274 Politia
725 4223 788 4274 delle
801 4222 901 4284 chiesa,
912 4223 943 4273 da
949 4221 1071 4295 pieuchi,
1083 4221 1173 4283 Reme,
1187 4223 1260 4272 1745.

175 4332 181 4345 .
203 4333 209 4346 .
223 4303 236 4357 ς
251 4301 265 4349 i.
279 4317 303 4351 n.
315 4307 340 4352 2.
