2744 4980
188 433 226 488 62
525 424 582 484 DE
603 422 719 482 LEGE
741 423 942 485 NATURAE.

188 595 255 659 sint,
278 607 341 663 quae
364 607 398 646 ea
415 590 477 666 jam
499 588 721 649 includebantur.
765 589 815 645 Sic
835 592 864 647 in
884 591 958 648 bona
978 590 1069 647 aliena
1089 600 1183 666 potest
1195 592 1288 649 lacere

187 698 367 768 potestatem,
391 696 419 744 et
441 689 525 745 etiam
548 689 577 746 in
600 691 686 747 vitam
718 688 851 758 alterins;
879 690 941 765 ipse
964 690 1040 747 enim
1063 700 1106 745 est
1139 709 1291 766 supremus

188 809 282 849 rerum
299 788 454 854 Dominus,
468 789 532 845 vitae
546 807 578 843 ac
592 790 670 846 necis
681 788 792 845 arbiter.

234 894 281 947 18.
303 886 688 962 Epiikia-tmuxna—quae
702 897 745 944 est
758 905 840 959 aequa
848 887 921 963 legis
932 887 1133 962 interpretatio,
1145 905 1200 958 qua
1210 907 1292 944 casus

195 989 348 1065 singularis
362 986 399 1044 ob
413 986 548 1060 specialia
561 987 692 1064 adjuncta
710 1003 768 1042 non
781 995 912 1043 censetur
923 986 986 1060 lege
1001 985 1213 1059 comprehendi,
1228 986 1294 1042 licet

193 1087 289 1143 uerbis
303 1086 365 1160 ejus
380 1084 548 1152 includatur,
561 1085 657 1143 locum
670 1083 826 1142 nonhabet
844 1086 874 1142 in
893 1084 956 1159 lege
976 1083 1112 1141 naturali:
1135 1083 1195 1140 haec
1216 1085 1292 1140 enim

195 1185 290 1243 verbis
304 1202 361 1241 non
375 1194 494 1251 constat,
509 1184 560 1241 sed
573 1193 678 1241 nature
692 1183 779 1240 sertur
791 1185 933 1248 instinctu,
958 1201 1021 1255 quae
1042 1182 1161 1258 singulis
1181 1183 1293 1239 casibus

195 1294 239 1340 est
251 1280 475 1339 accommodata.
503 1281 639 1338 Prohibet
652 1298 688 1337 ne
702 1282 766 1351 quis
780 1281 898 1337 altemm
912 1281 1079 1338 interficiat:
1101 1280 1177 1352 qnod
1191 1283 1216 1338 si
1230 1283 1294 1353 quis

194 1393 314 1440 mortem
329 1390 452 1451 nequeat
464 1381 551 1435 vitare
564 1379 620 1434 nisi
640 1395 835 1452 aggressorem
855 1378 991 1451 injustum
1011 1378 1217 1446 interficiendo,
1234 1381 1296 1454 ipsa

193 1479 317 1554 impellit
336 1488 367 1534 ut
386 1477 468 1534 nobis
493 1475 684 1533 consulamus.
726 1476 759 1532 Si
779 1476 844 1549 quis
864 1474 930 1531 verb
950 1477 1042 1552 legem
1057 1478 1211 1535 naturalem
1227 1497 1295 1534 con-

193 1577 307 1642 sideret,
316 1584 401 1653 prout
413 1574 548 1651 decalogo
559 1573 725 1650 explicatur,
734 1575 778 1632 vcl
786 1575 852 1651 jure
863 1575 989 1651 gentium
998 1583 1110 1649 rec-epta
1120 1586 1171 1639 est,
1184 1576 1295 1650 epiikia

193 1674 365 1733 admittenda
383 1674 445 1740 erit,
467 1682 499 1730 ut
518 1673 630 1730 casibus
660 1674 848 1750 singularibus
868 1674 961 1729 verbis
980 1673 1052 1748 legis
1073 1674 1293 1749 comprehensis

195 1773 433 1833 accommodetur.
476 1772 525 1828 Sic
547 1772 689 1847 promissa
711 1770 848 1831 solvenda
870 1781 936 1828 sunt
954 1790 992 1828 ex
1011 1773 1075 1847 jure
1097 1783 1213 1838 naturae,
1228 1792 1292 1845 qum

194 1884 287 1933 tamen
301 1874 358 1932 vim
372 1873 494 1961 plenam¹
503 1890 560 1931 non
574 1873 710 1940 obtinent,
725 1875 750 1931 si
763 1873 867 1930 suerint
879 1870 981 1946 injuria
993 1880 1111 1928 extorta.
