2744 4980
470 1281 803 1359 TRACTATUS
833 1285 899 1358 VI.

332 1551 401 1615 llE
433 1553 688 1619 LEGIBUS
720 1554 1042 1618 CIVILIBUS.

585 2096 728 2158 CAPUT
749 2099 774 2157 Ι.

422 2328 461 2367 DE
482 2327 664 2369 Porns'rms
683 2329 792 2370 ctvttls
812 2329 948 2370 nurnine.

180 2492 208 2545 1.
230 2486 322 2554 Quor(
336 2487 435 2564 populi
448 2486 597 2547 multitudo
616 2489 727 2567 legibue
747 2491 848 2562 quibus
867 2500 981 2568 regatur
992 2486 1126 2565 indigeat,
1140 2490 1229 2561 liquet

135 2605 182 2644 eas
205 2586 312 2645 serendi
334 2594 500 2663 potestatem
521 2587 596 2663 apud
616 2607 679 2647 eam
702 2583 848 2657 existere,¹
871 2608 956 2662 quam
969 2598 1085 2646 exercet
1104 2607 1156 2666 per
1178 2606 1227 2645 eos

136 2705 209 2758 quos
223 2687 329 2744 creavit
342 2686 530 2764 magistratus,
545 2686 590 2743 vel
610 2688 660 2758 qui
679 2688 758 2754 alias,
779 2689 885 2763 populo
898 2689 1102 2754 consentiente,
1117 2687 1161 2743 vel
1175 2686 1228 2743 sal·

136 2794 191 2843 tem
206 2786 352 2852 tolerante,
366 2803 500 2861 supremo
521 2784 675 2861 funguntur
693 2786 842 2862 regimine.
884 2785 964 2845 Deus
980 2794 1073 2844 autem
1090 2787 1155 2862 jure
1169 2801 1227 2841 me·

136 2885 248 2957 riteque
262 2893 394 2942 censetur
407 2883 524 2960 probare
539 2903 602 2957 quae
623 2884 658 2941 ad
678 2883 805 2942 ordinem
827 2886 967 2942 societatis
989 2882 1123 2941 tuendum
1144 2881 1227 2941 etad

133 2984 198 3058 jura
211 2982 389 3061 singulorum
402 2981 572 3040 vindicanda
585 2982 674 3051 liunt;
694 2993 722 3040 et
741 2984 896 3042 rectoribus
915 2980 1113 3051 multitudinis,
1129 2983 1174 3041 vel
1194 2983 1228 3038 ab

136 3099 168 3138 ea
182 3083 293 3150 electis,
308 3081 353 3140 vel
366 3081 433 3139 aliae
447 3082 618 3149 constitutis,
638 3101 701 3140 eam
722 3082 843 3142 tribuere
856 3093 1023 3160 potestatem
1043 3100 1106 3154 quae
1127 3082 1161 3139 ad
1174 3082 1227 3139 rei·

131 3182 254 3256 publicae
269 3181 389 3239 salutem
401 3190 445 3238 est
457 3182 626 3239 necessaria.
669 3182 813 3241 Novimus
834 3182 950 3253 quidem
970 3199 1121 3257 regnorum
1143 3191 1171 3237 et
1184 3199 1225 3237 re·

133 3280 376 3357 mmpublicamm
390 3280 529 3356 originem
542 3280 619 3338 haud
632 3298 746 3356 semper
765 3280 800 3338 ad
818 3280 934 3339 liberam
948 3280 1047 3356 populi
1060 3278 1227 3337 electionem

130 3380 233 3437 referri
246 3397 344 3456 posse,
357 3388 386 3436 et
398 3379 510 3451 iniquas
529 3398 606 3456 saepe
626 3379 754 3437 adhiberi
775 3389 847 3436 artes
868 3377 903 3436 ad
923 3387 1091 3455 potestatem
1104 3379 1227 3436 retinen·

131 3477 199 3536 dam
209 3470 235 3536 :²
254 3478 375 3552 ideoque
388 3477 453 3535 Deo
467 3498 526 3536 non
539 3497 602 3536 esse
620 3477 796 3537 tribuendam
815 3478 962 3555 regiminis
976 3477 1067 3535 civilis
1079 3477 1229 3536 institutio·

166 3686 210 3751 (1)
226 3692 241 3716 ¹⁴
251 3685 362 3735 Potentes
372 3684 451 3735 civilis
462 3685 554 3737 serendi
563 3686 630 3749 leges
642 3685 801 3752 competitor
813 3691 902 3736 nsturs
911 3687 945 3737 rei
957 3685 1096 3737 immediate
1107 3685 1153 3750 ipsi
1165 3700 1229 3736 com·

125 3769 272 3820 munitati.’'
306 3768 394 3819 Petrus
406 3769 482 3830 Dens,
495 3779 562 3820 tract.
575 3770 605 3820 de
624 3770 726 3833 legibue,
737 3786 778 3834 qu.
789 3770 823 3821 iii.
835 3786 860 3820 n.
874 3769 912 3820 te.

167 3856 210 3920 (2)
232 3853 303 3904 Nihil
327 3854 385 3904 noui
404 3864 429 3905 et
448 3857 478 3905 sb
495 3855 601 3906 historic
621 3855 721 3905 veritsts
738 3855 845 3905 ebenum
866 3854 967 3919 protulit
984 3854 1011 3902 S.
1023 3853 1156 3915 Gregorius
1168 3851 1232 3916 vn,

128 3943 246 4005 quemvis
258 3940 374 3991 idcircoc
390 3941 502 4006 plurimis
520 3957 625 3991 censum
642 3949 762 3990 rexatus:
779 3940 867 4000 “Quis
884 3940 978 3990 nesciet
989 3954 1057 4000 reges
1073 3947 1098 3988 et
1114 3937 1190 3987 duces
1201 3940 1231 3988 ab
1321 3928 1325 3935 ’

126 4026 162 4075 iis
173 4026 290 4077 habuisse
300 4027 448 4091 principium
465 4027 509 4091 qui
527 4026 608 4076 Deum
627 4027 776 4090 ignorantes,
793 4025 913 4089 superbis,
925 4023 1023 4091 rupinis,
1034 4022 1141 4088 perfidis,
1153 4022 1231 4074 homi·

123 4109 206 4169 cidiis,
218 4117 342 4175 postremo
354 4110 473 4161 universis
490 4110 540 4159 fers
558 4110 697 4168 sceleribus,
708 4107 795 4159 mundi
813 4107 924 4172 principe
944 4106 1040 4156 diabolo
1051 4105 1164 4156 videlicet
1181 4108 1230 4170 sgi-

127 4202 206 4254 tente,
217 4211 292 4260 super
300 4210 378 4261 pares,
389 4195 481 4246 scilicet
491 4195 606 4245 homines
618 4193 737 4244 dominsri
749 4208 815 4243 coeca
826 4192 967 4258 cupiditate,
978 4199 1004 4240 st
1014 4190 1158 4242 intolerabili
1170 4208 1231 4259 μη·
1327 4256 1331 4261 ⁶

128 4279 273 4344 sumptione
284 4279 457 4331 affectaverunt
465 4278 495 4328 l”
514 4278 605 4341 Regist.
620 4278 637 4329 1.
649 4277 697 4329 viii.
710 4293 749 4345 sp.
760 4277 811 4327 xxi.
845 4275 901 4328 Nsc
918 4275 974 4325 ideo
991 4275 1142 4342 principibus
1153 4278 1231 4343 legiti-

133 4377 174 4413 mo
185 4364 289 4431 irnperio
297 4364 421 4417 utentibus
429 4363 587 4416 detrahimus.

954 4612 1097 4694 Α
