2744 4980
526 1205 528 1209 ,
583 1149 726 1209 CAPUT
747 1151 801 1210 xt.

412 1378 460 1417 DE
487 1377 667 1418 suuutuo
695 1378 941 1419 PRAECEPTO.

585 1565 600 1589 ⁴⁴
608 1556 669 1606 Non
680 1556 819 1607 furaberis.’'

202 1726 270 1779 153.
293 1718 432 1788 Fuerunt,
453 1719 530 1792 quod
549 1721 672 1797 septimo
695 1719 835 1797 Decalogi
854 1732 997 1798 precepto
1015 1722 1188 1799 prohibetur,
1208 1736 1252 1787 est

156 1821 271 1878 occulta
291 1830 320 1877 et
338 1820 441 1897 injusta
466 1821 508 1878 rei
527 1819 626 1877 aliena
655 1819 766 1887 ablatio,
787 1819 904 1877 domino
928 1822 1127 1881 rationabiliter
1151 1825 1250 1884 invito.

157 1919 299 1977 violenta
310 1920 350 1977 rei
363 1919 462 1976 aliene
476 1919 587 1986 ablatio,
602 1919 709 1995 injuria
721 1917 804 1987 saeta,
813 1919 922 1997 rapina
935 1917 1047 1988 dieitur,
1058 1938 1121 1992 qun
1134 1924 1254 1981 etretita

158 2017 307 2076 censenda
320 2028 371 2075 est.
406 2017 451 2076 De
465 2028 583 2090 utroque
597 2011 716 2075 crimine
737 2016 806 2076 dicit
817 2018 988 2094 Apostolus:
1012 2020 1146 2093 “Neque
1166 2021 1252 2090 fures,

159 2136 254 2190 neque
280 2135 408 2194 rapaces,
430 2159 438 2174 .
462 2159 469 2174 .
492 2158 500 2173 .
520 2134 641 2192 regnum
663 2115 720 2174 Dei
740 2111 972 2193 possidebunt.”¹
1020 2117 1182 2197 Plagium,
1201 2139 1254 2178 seu

159 2217 309 2292 plagiatus,
324 2217 531 2292 mancipiorum
544 2216 655 2274 scilicet
674 2235 691 2272 a
710 2215 834 2275 dominis
853 2217 957 2293 injusta
977 2216 1117 2285 abductio,
1139 2219 1174 2276 ab
1194 2218 1254 2277 He·

159 2316 242 2372 bruis
266 2313 368 2373 dieitur
388 2315 437 2372 hic
458 2316 615 2390 presertim
636 2316 770 2373 vetitum:
793 2314 845 2371 sed
866 2315 938 2373 nihil
951 2316 1075 2392 postulat
1092 2329 1123 2374 ut
1144 2318 1254 2376 arctiori

159 2432 245 2470 sensu
260 2432 317 2472 vox
331 2415 493 2490 accipiatur.
536 2413 780 2487 Quandocumque
793 2432 839 2471 res
853 2431 890 2472 ex
904 2415 1019 2490 publico
1041 2415 1183 2486 thesauro,
1201 2436 1253 2476 seu

159 2514 242 2579 fisco,
257 2513 381 2571 aufertur
394 2513 428 2570 ab
442 2512 538 2584 aliquo
552 2515 598 2570 cui
611 2532 714 2571 munus
727 2512 874 2590 publicum
887 2513 1079 2573 concreditum
1091 2522 1144 2584 est,
1154 2513 1256 2583 dieitur

156 2610 327 2689 peculatus.
369 2609 541 2688 Abigeatus
552 2623 596 2670 est
608 2613 793 2672 animantium
803 2613 905 2671 ablatio
918 2614 1037 2690 injusta:
1059 2600 1257 2693 suediegitrm

161 2723 205 2767 est
213 2730 307 2768 rerum
321 2729 464 2768 sacrarum
478 2712 584 2787 rapina,
599 2730 650 2768 seu
664 2711 778 2770 furtum.
1242 2768 1245 2773 .

205 2814 273 2866 154.
295 2811 435 2868 Extrema
458 2821 574 2886 urgente
596 2811 774 2879 necessitate,
795 2829 858 2884 quae
879 2809 914 2867 ad
927 2812 1014 2868 vitam
1028 2811 1193 2869 servandam
1208 2830 1257 2870 ne·

163 2910 286 2966 cessaria
300 2919 366 2966 sunt
374 2911 440 2986 jure
453 2919 640 2984 usurpantur3
656 2927 718 2982 quoe
729 2911 805 2969 euim
815 2910 934 2968 obtinuit
945 2910 1083 2968 bonorum
1096 2908 1209 2980 divisio,
1220 2929 1257 2970 ex

165 3008 314 3066 hominurn
327 3009 513 3066 conventione
527 3018 556 3064 et
576 3008 708 3067 diuturno
721 3028 785 3076 usu,
799 3027 857 3067 non
879 3017 973 3083 potest
984 3019 1089 3066 naturae
1103 3010 1257 3079 instinctui,

164 3127 221 3179 quo
234 3109 300 3181 quis
314 3107 349 3165 ad
363 3109 426 3165 vita
440 3109 685 3166 conservationem
699 3108 864 3185 impellitur,
879 3107 1000 3165 obstare.
1030 3108 1105 3165 “Ea
1117 3126 1180 3180 quae
1194 3121 1260 3167 sunt

161 3209 234 3283 juris
258 3207 388 3274 humani,
409 3226 466 3264 non
490 3219 611 3283 possunt
630 3206 766 3284 derogare
782 3208 842 3283 juri
862 3206 989 3272 naturali,
1012 3206 1057 3264 vel
1072 3207 1132 3282 juri
1151 3205 1257 3265 divino.

73 3350 77 3358 .
165 3306 332 3364 Secundum
342 3315 435 3363 autem
449 3306 603 3363 naturalem
615 3306 743 3363 ordinem
756 3325 792 3362 ex
803 3304 898 3362 divina
907 3302 1084 3378 providentia
1091 3304 1259 3374 institutum,

166 3425 210 3463 res
225 3406 374 3463 inferiores
386 3404 594 3464 suntordinatae
609 3404 643 3461 ad
653 3405 719 3472 hoc,
729 3403 804 3476 quod
818 3421 854 3460 ex
865 3402 910 3458 his
920 3403 1100 3460 subveniatur
1113 3401 1261 3463 hominum

166 3505 346 3563 necessitati:
362 3513 391 3560 et
403 3503 468 3561 ideo
482 3524 534 3580 per
547 3523 641 3562 rerum
655 3503 823 3561 divisionem
837 3511 866 3559 et
878 3502 1136 3577 appropriationem
1149 3521 1186 3560 ex
1196 3504 1261 3580 jure

167 3605 291 3661 humano
319 3603 522 3678 procedentem
544 3622 601 3660 non
623 3602 785 3679 impeditur,
807 3602 876 3674 quin
900 3601 1025 3658 hominis
1045 3602 1207 3661 necessitati
1226 3603 1263 3660 sit

167 3701 396 3759 subveniendum
410 3722 446 3760 ex
458 3701 622 3780 hujusmodi
635 3697 769 3759 rebus.”²
808 3700 842 3759 Id
855 3699 1004 3757 dicendum
1016 3702 1099 3759 etium
1110 3700 1219 3759 videtur
1227 3701 1262 3758 de

167 3801 336 3877 gravissima
351 3803 519 3860 necessitate
534 3821 596 3875 quae
610 3810 742 3858 extremae
757 3809 950 3877 comparatur:
973 3818 1007 3856 v:
1023 3819 1058 3875 g:
1074 3798 1187 3871 quando
1197 3800 1262 3872 quis

168 3911 295 3969 versatur
309 3901 338 3957 in
357 3901 495 3977 probabili
507 3901 633 3977 periculo
647 3899 808 3958 incurrendi
821 3908 951 3968 mortem,
961 3898 1006 3955 vel
1019 3908 1185 3974 perpetuam
1198 3917 1263 3976 cap·

168 4000 318 4066 tiritatem,
341 4000 386 4056 vel
406 3999 550 4058 amittendi
570 4000 729 4058 membrum
749 3999 934 4076 precipuum.
976 3997 1091 4072 Pauper
1109 3997 1194 4056 etiarn
1213 4017 1263 4057 ex·

171 4111 260 4157 trema
272 4099 443 4158 necessitate
457 4099 586 4159 laborans
600 4098 683 4157 debet
694 4117 755 4157 rem
769 4116 786 4155 a
804 4097 921 4156 domino
938 4114 990 4154 suo
1003 4105 1099 4171 petere
1112 4105 1263 4170 antequam

201 4305 243 4369 (t)
267 4307 275 4353 1
293 4303 351 4353 Cor.
364 4305 396 4353 vi.
408 4308 448 4354 1⁰,
650 4302 691 4369 (Ξ)
711 4298 735 4349 S.
748 4300 838 4351 Thoar.
850 4301 873 4350 2.
886 4304 910 4348 2.
921 4316 962 4365 qu.
976 4301 1034 4352 lxvi.
1043 4309 1087 4352 srt.
1099 4301 1141 4352 rii.
1153 4302 1228 4370 Resp.
