2766 4996
145 407 205 463 362
298 402 354 461 DE
376 398 740 460 OBLIGATIONIBUS
760 398 1099 462 RELIGIOSORUM.

143 571 225 647 ipsis.
268 567 376 625 Curam
403 567 516 625 illorum
542 558 665 624 habe.”¹
706 567 741 627 In
765 586 802 626 eo
826 570 941 627 elucere
969 567 1055 626 debet
1080 569 1232 646 Superioris

142 668 277 734 studium,
290 676 391 725 utnon
407 676 514 723 tantum
528 665 713 726 eliminentur
729 667 806 734 vitia,
826 666 877 724 sed
895 677 925 725 et
933 667 1075 743 perfectio
1094 682 1233 740 quaeraur,

146 779 174 826 et
193 766 328 844 specialia
350 765 463 841 pietatis
484 766 630 834 exercitia,
654 785 716 838 qua
739 765 855 824 cuilibet
876 767 1006 824 instituto
1029 778 1098 825 sunt
1123 771 1235 844 propria.

148 867 287 935 colantur,
302 864 471 923 florescente
483 864 637 941 disciplina
655 864 797 941 religiosa.
839 865 925 932 Quod
945 865 971 922 si
992 866 1130 927 socordia
1151 879 1238 925 suaet

148 965 331 1025 conniventia
352 964 518 1042 languescat
536 965 638 1041 pietas,
661 974 690 1021 et
716 962 853 1040 regularia
875 965 1059 1024 observantia
1079 968 1237 1044 negligatur,

151 1066 233 1124 facile
248 1066 301 1122 erit
313 1083 380 1122 reus
395 1064 533 1140 gravioris
542 1065 661 1139 peccati.
704 1062 828 1121 Pulchre
841 1064 962 1141 exponit
981 1063 1172 1124 Innocentius
1191 1066 1237 1125 ΙΙΙ.

148 1165 311 1242 Superioris
325 1164 437 1221 munia:
461 1172 481 1198 ‘⁴
493 1162 556 1220 Prae
576 1164 684 1220 ceteris
704 1173 807 1238 potens
820 1163 900 1221 sitin
912 1182 1004 1240 opere
1017 1175 1048 1222 et
1060 1185 1202 1230 sermone.
1215 1177 1240 1222 ut

141 1265 278 1340 exemplo
290 1264 368 1328 vitre,
382 1262 526 1333 verboque
540 1260 676 1320 doctrinae
690 1260 788 1319 fratres
802 1271 831 1318 et
840 1262 979 1321 instruere
993 1266 1091 1340 possit
1113 1267 1145 1323 in
1162 1267 1238 1328 bonu,

140 1372 168 1418 et
194 1383 211 1420 a
237 1361 314 1419 melo
345 1377 492 1419 revocare.
543 1360 646 1418 Zelum
679 1359 825 1437 religionis
854 1360 963 1421 habens
988 1364 1154 1422 secundum
1180 1384 1238 1424 cou-

143 1461 303 1525 scientiam‚
329 1468 362 1516 ut
389 1456 587 1529 delinquentes
613 1459 748 1534 conipiat
769 1468 798 1517 et
816 1461 943 1537 castiget,
966 1461 1139 1521 obedientes
1158 1467 1239 1524 foreat

143 1568 171 1616 et
183 1557 324 1617 confortet
325 1597 406 1614 .....
418 1557 545 1632 Vigilem
566 1576 662 1615 curam
686 1567 715 1615 et
727 1557 892 1634 diligentem
914 1561 1133 1621 solicitudinem
1147 1583 1239 1642 gerens

142 1657 178 1717 de
191 1658 348 1717 omnibusz
370 1666 402 1714 ut
411 1654 447 1714 de
460 1655 556 1715 officio
569 1657 623 1714 sibi
636 1657 793 1715 commisso
806 1656 921 1733 dignam
934 1658 1003 1717 Deo
1017 1662 1115 1736 possit
1131 1664 1238 1722 reddere

142 1753 334 1818 rationem.”²
354 1757 451 1823 Quum
466 1773 568 1814 munus
579 1755 635 1814 hoo
648 1755 718 1814 adeo
732 1755 912 1825 nitardum,
926 1758 1019 1830 liquet
1027 1759 1237 1837 dignioresesse

143 1857 309 1936 eligendos:
332 1865 451 1932 peccant
468 1856 554 1931 igitur
565 1856 663 1913 fratres
681 1856 730 1927 qui
743 1854 860 1914 laxioris
874 1857 938 1914 vita
952 1858 1051 1918 sudio
1064 1859 1235 1938 Religiosum

142 1968 241 2014 curant
253 1956 308 2014 sibi
322 1953 534 2032 praeficiendum
549 1955 599 2027 qui
611 1952 724 2030 dignior
736 1955 779 2012 eis
789 1973 849 2013 uon
861 1954 998 2015 videatur.

256 2152 298 2216 (Ι)
320 2150 387 2201 Ecel.
399 2151 477 2201 xxxii.
490 2156 510 2203 l.
691 2150 732 2217 (ἢ)
752 2152 812 2218 Cup.
825 2154 858 2203 ri.
870 2154 901 2203 ds
912 2153 986 2205 Statu
998 2157 1116 2207 monoeln
