2766 4996
325 421 381 480 DE
403 420 656 480 POTESTATE
677 422 816 482 LEGES
837 424 1037 485 FERENDI.
1172 433 1226 487 159

135 589 254 665 legium,
268 600 408 660 quotenus
422 593 450 648 in
465 609 554 648 unum
566 593 719 649 convenire
733 594 853 667 possint,
867 593 993 661 exhibet,
1008 596 1091 671 cujus
1110 595 1227 653 decreta

136 689 257 765 Spiritui
271 689 378 747 Sancto
391 689 514 765 probari,
528 690 601 747 sicut
613 691 682 748 olim
697 710 759 762 quae
780 712 796 748 a
815 693 938 750 concilio
958 693 1225 770 Hierosolymitano

135 787 311 863 prodierunt,
335 807 393 846 non
413 789 554 846 immerito
577 786 753 848 creduntur.²
797 791 932 850 Oenones
953 793 1085 851 dicuntur
1110 794 1190 870 leges
1212 812 1229 848 a

136 887 266 945 conciliis
280 889 465 946 oecumenicis
477 888 550 955 latre,
565 890 610 945 vel
623 908 686 961 quae
700 910 717 945 a
736 889 921 947 Pontificibus
941 893 986 948 vel
1005 893 1134 950 conciliis
1158 893 1203 950 ins
1218 922 1228 934 ·

136 987 257 1042 rioribus
271 986 446 1063 prodierunt,
460 990 531 1045 etin
550 1007 653 1063 corpus
672 989 750 1046 Juris
770 999 891 1065 receptor
902 1001 976 1047 sunt.
1019 990 1151 1049 Concilia
1171 992 1230 1049 Na·

137 1085 253 1142 tionalia
271 1104 307 1142 ex
328 1087 471 1162 episcopis
492 1088 576 1144 totius
595 1088 715 1144 nationis
736 1089 902 1155 constantia,
915 1089 993 1165 leges
1015 1089 1107 1147 lerunt
1126 1092 1228 1162 quibus

136 1183 238 1258 ligetur
250 1203 320 1260 gens
334 1184 379 1242 cui
393 1196 527 1260 praesunt.
570 1184 764 1242 Conciliorum
788 1187 1003 1262 provincialium
1023 1189 1102 1264 leges
1116 1191 1229 1264 provin·

136 1284 210 1341 ciam
223 1284 455 1350 ecclesiasticam,
471 1303 534 1356 quae
556 1285 650 1360 plures
670 1286 866 1359 complectitur
885 1287 1036 1353 dioeceseS‚
1057 1288 1227 1362 respiciunt,

138 1381 189 1438 sed
202 1400 259 1439 non
272 1382 386 1458 plenam
399 1384 527 1440 obtinent
539 1385 596 1441 vim
611 1394 673 1440 ante
689 1385 836 1442 Pontificis
858 1387 1062 1461 probationem.
1105 1386 1230 1461 Episco-

138 1499 191 1556 pus
205 1482 325 1552 quisque
338 1499 419 1539 suam
442 1481 587 1540 dioecesim
600 1484 682 1558 regit,
703 1482 811 1558 legibus
835 1486 863 1541 in
877 1483 989 1560 synodo
1008 1485 1170 1543 diecesana
1191 1504 1229 1543 ex

138 1581 256 1638 consilio
269 1580 337 1637 cleri
350 1580 423 1647 latis,
437 1581 483 1638 vel
496 1581 564 1638 alias
578 1582 671 1638 editis.
714 1582 829 1640 Nullius
844 1584 952 1641 roboris
965 1595 1009 1641 cst
1021 1584 1165 1642 decretum
1180 1583 1225 1642 vel

137 1678 260 1750 lexque
274 1681 427 1755 superioris
442 1680 587 1737 tribunalis
609 1680 720 1737 decreto
743 1694 899 1757 repugnem
920 1681 1041 1754 ideoque
1062 1683 1134 1740 nihil
1155 1683 1228 1740 valet

137 1778 289 1852 episcopus
302 1778 454 1837 decernere
467 1790 565 1837 contra
577 1778 767 1838 universalem
782 1780 920 1837 Ecclesiae
931 1779 1122 1855 disciplinam.

295 1995 310 2068 §
325 1995 378 2053 ΙΙΙ.
418 1996 466 2054 Dr:
481 2015 584 2054 neuun
598 2015 892 2056 scorasrasrrcnnnu
907 2015 1052 2055 narsem.

179 2164 207 2216 7.
230 2159 325 2225 Quum
345 2170 469 2234 potestas
489 2161 629 2219 Ecclesiae
650 2172 706 2219 tota
726 2160 760 2218 ad
781 2163 936 2221 animarum
956 2162 1075 2220 salutem
1095 2162 1158 2218 data
1177 2163 1224 2229 sil,

139 2257 234 2332 legum
248 2259 503 2317 ecclesiasticarum
518 2263 631 2336 propria
644 2261 759 2317 materia
773 2271 817 2318 est
829 2259 967 2333 quidquid
978 2278 1012 2316 eo
1023 2259 1119 2315 tendit.
1141 2260 1231 2335 Igitur

141 2356 280 2430 imprimis
294 2357 390 2416 divina
402 2357 535 2434 dogmate
546 2359 656 2435 legibus
670 2369 780 2416 tuentur
790 2360 929 2418 Ecclesiae
943 2359 1089 2434 presules,
1098 2367 1230 2415 caventes

141 2456 256 2525 nequid
270 2456 299 2513 in
312 2476 345 2514 ea
359 2469 500 2531 peccetur,
510 2458 555 2514 vel
565 2457 664 2515 fideles
673 2468 777 2515 temere
787 2478 817 2517 se
829 2459 985 2517 discrimini
995 2458 1060 2515 srdei
1071 2458 1234 2515 amittendae

140 2568 293 2629 exponant.
335 2555 382 2613 Eo
396 2555 554 2632 diriguntur
566 2557 646 2633 leges
660 2558 763 2630 quibus
777 2559 840 2618 libri
854 2559 934 2618 noxii
948 2567 1085 2614 vetantur.
1114 2557 1233 2614 Morum

141 2665 281 2730 praecepta
297 2655 433 2712 divinitus
454 2655 553 2712 tradita
574 2656 684 2733 legibus
707 2658 790 2714 etiam
814 2659 948 2733 presules
963 2658 1115 2722 inculcant,
1131 2672 1230 2731 poenes

141 2763 292 2810 statuentes
306 2755 336 2810 in
350 2771 413 2810 reos
427 2754 585 2810 enormium
609 2756 770 2819 criminum,
785 2774 867 2826 quos,
882 2757 969 2812 instar
986 2753 1129 2810 Corinthii
1143 2769 1231 2824 quem

142 2850 231 2924 plexit
250 2852 368 2918 Paulus
392 2851 543 2924 aliquando
563 2853 673 2927 privant
692 2852 819 2909 fidelium
846 2852 998 2917 consortio,
1019 2861 1050 2908 ut
1070 2850 1105 2907 ad
1125 2851 1229 2907 bonam

142 2948 253 3023 frugem
278 2962 307 3005 et
326 2951 521 3026 penitentiam
547 2950 718 3025 redigantur.
763 2951 828 3007 Huc
855 2951 994 3027 pertinent
1020 2949 1097 3026 leges
1124 2950 1226 3021 quibus

140 3147 180 3196 the
192 3148 293 3198 cbielert
304 3149 393 3211 things,
405 3152 437 3213 by
449 3166 534 3198 urceus
546 3150 654 3199 whereol
667 3151 724 3213 they
737 3152 768 3199 ell
781 3151 806 3199 in
819 3151 871 3199 that
883 3156 976 3214 respect
989 3150 1058 3198 melre
1070 3165 1117 3197 one
1126 3148 1220 3196 church

143 3248 169 3280 es
180 3232 271 3295 having
282 3234 314 3283 all
325 3236 369 3282 but
380 3250 427 3284 one
440 3234 513 3293 Lord,
524 3251 571 3285 one
580 3235 647 3290 seith.
666 3236 714 3283 end
727 3251 773 3283 one
785 3235 905 3297 Baptism,
917 3251 944 3281 so
957 3235 998 3282 the
1011 3243 1098 3293 urgent
1106 3232 1227 3294 necessity

141 3316 169 3366 ol
182 3321 276 3368 mutuel
288 3321 446 3370 communion
459 3322 494 3370 for
506 3321 669 3384 preservation
681 3321 709 3367 ol
722 3335 768 3367 our
780 3319 850 3380 unity
863 3320 889 3366 in
901 3318 969 3365 these
987 3317 1077 3376 things,
1089 3331 1116 3363 es
1129 3316 1179 3364 also
1199 3315 1234 3364 l'or

144 3403 211 3452 order
222 3405 248 3454 in
260 3421 327 3454 some
339 3406 408 3454 other
418 3407 501 3468 things
512 3404 659 3455 convenient
670 3412 695 3452 to
703 3405 733 3451 be
745 3403 904 3466 everywhere
917 3401 1047 3463 unilorrnly
1056 3401 1120 3463 kept,
1133 3399 1231 3449 meketh

144 3488 163 3536 it
173 3490 286 3551 requisita
297 3491 349 3539 that
361 3492 402 3540 the
413 3492 505 3540 oburcb
517 3492 545 3539 ol
560 3489 615 3538 God
628 3489 684 3538 hers
696 3505 729 3538 on
741 3489 808 3538 earth
818 3489 879 3538 bere
892 3489 935 3537 her
945 3489 1005 3537 lawe
1017 3487 1046 3535 ol
1054 3486 1237 3552 spirituelcom·

144 3587 221 3621 merce
234 3576 343 3623 between
350 3575 472 3624 Christian
485 3576 589 3634 notione,
600 3576 660 3624 lens
672 3577 703 3638 by
715 3575 792 3624 virtue
804 3574 913 3623 whereol
920 3575 951 3623 ell
960 3573 1079 3623 churches
1091 3589 1146 3636 may
1159 3574 1233 3638 enjoy

145 3658 218 3720 freely
229 3659 271 3708 the
282 3674 326 3708 use
346 3660 374 3708 ol
387 3660 456 3708 those
474 3661 589 3709 reverend
612 3660 728 3722 religione
749 3660 797 3708 end
816 3659 898 3709 sacred
910 3658 1087 3709 consultatione
1095 3657 1178 3707 which
1195 3672 1236 3705 ere

145 3742 235 3791 termed
247 3744 356 3792 ceuncils
368 3745 479 3805 general:
498 3760 512 3792 a
530 3745 600 3807 thing
620 3745 729 3794 wbereol
743 3744 820 3794 God’s
843 3760 900 3793 own
922 3743 1016 3793 bleseed
1034 3742 1110 3807 Spirit
1129 3738 1238 3789 werthe

146 3825 244 3879 euthor3
262 3842 276 3873 e
296 3826 367 3886 thing
387 3827 503 3889 practised
520 3828 552 3890 hy
570 3828 611 3876 the
634 3828 702 3891 Holy
721 3829 835 3892 Apostles
852 3828 1012 3881 themselves;
1030 3841 1044 3872 e
1062 3824 1133 3883 thing
1145 3822 1236 3883 always

144 3908 283 3958 afterwards
295 3911 353 3973 kept
364 3910 413 3958 eud
425 3911 539 3959 obserred
551 3910 701 3972 throughout
712 3911 753 3960 the
767 3908 864 3959 world.”
900 3907 1021 3958 Hoolrer's
1033 3904 1100 3954 licei.
1119 3901 1215 3967 poley,
1224 3903 1239 3950 l.

147 3992 163 4040 i.
176 4008 201 4042 n.
218 3993 256 4041 10.

184 4080 227 4143 (l)
246 4077 290 4127 “lt
300 4078 321 4127 is
333 4087 377 4128 not
387 4079 439 4127 said
450 4080 523 4128 amics
535 4079 654 4140 touching
672 4077 842 4127 ecclesiastical
859 4091 959 4129 canone.
971 4073 1023 4122 that
1040 4073 1072 4135 by
1091 4072 1193 4121 instinct
1209 4075 1238 4123 ol

148 4163 189 4212 the
201 4162 268 4226 Holy
281 4162 364 4212 Ghost
375 4163 433 4226 they
445 4162 506 4212 heve
517 4165 578 4212 been
591 4162 668 4217 mede,
679 4162 728 4210 end
739 4159 893 4210 consecrated
904 4159 936 4220 by
946 4157 988 4205 the
999 4157 1113 4206 reverend
1125 4164 1238 4220 accepte·

148 4247 225 4296 tation
243 4247 272 4296 ol
284 4246 327 4297 the
347 4245 445 4296 world.’'
480 4244 602 4296 Hoeker’e
619 4245 687 4294 Eccl.
703 4244 793 4306 Polity,
811 4243 825 4290 l.
836 4241 871 4290 iii.
881 4255 906 4291 ιι.
918 4240 940 4290 8.
953 4242 1031 4291 citans
1043 4240 1072 4290 0.
1088 4240 1231 4302 violatores,

151 4332 193 4380 25.
205 4346 248 4397 qu.
259 4333 276 4381 i.
