<?xml version="1.0" encoding="UTF-8"?>
<!DOCTYPE html PUBLIC "-//W3C//DTD XHTML 1.0 Transitional//EN"
    "http://www.w3.org/TR/xhtml1/DTD/xhtml1-transitional.dtd">
<html xmlns="http://www.w3.org/1999/xhtml" xml:lang="en" lang="en">
 <head>
  <title>
</title>
<meta http-equiv="Content-Type" content="text/html;charset=utf-8" />
  <meta name='ocr-system' content='tesseract 3.04.00' />
  <meta name='ocr-capabilities' content='ocr_page ocr_carea ocr_par ocr_line ocrx_word'/>
</head>
<body>
  <div class='ocr_page' id='page_1' title='image "./theologiaemoral00kenrgoog_0166.png"; bbox 0 0 2744 4980; ppageno 0'>
   <div class='ocr_carea' id='block_1_1' title="bbox 397 401 1219 474">
    <p class='ocr_par' dir='ltr' id='par_1_1' title="bbox 397 401 1219 474">
     <span class='ocr_line' id='line_1_1' title="bbox 397 401 1219 474; baseline 0.007 -10"><span class='ocrx_word' id='word_1_1' title='bbox 397 405 454 464; x_wconf 81' lang='lat' dir='ltr'>DE</span> <span class='ocrx_word' id='word_1_2' title='bbox 475 402 647 465; x_wconf 66' lang='lat' dir='ltr'>octavo</span> <span class='ocrx_word' id='word_1_3' title='bbox 668 401 921 474; x_wconf 75' lang='lat' dir='ltr'>PRAEcePw,</span> <span class='ocrx_word' id='word_1_4' title='bbox 1163 417 1219 471; x_wconf 79' lang='grc'>145</span> 
     </span>
    </p>
   </div>
   <div class='ocr_carea' id='block_1_2' title="bbox 125 548 1229 2607">
    <p class='ocr_par' dir='ltr' id='par_1_2' title="bbox 129 548 1221 843">
     <span class='ocr_line' id='line_1_2' title="bbox 129 548 1221 647; baseline 0.005 -19"><span class='ocrx_word' id='word_1_5' title='bbox 129 570 222 647; x_wconf 78' lang='lat' dir='ltr'>gionis</span> <span class='ocrx_word' id='word_1_6' title='bbox 234 568 396 647; x_wconf 79' lang='lat' dir='ltr'>injuriabat</span> <span class='ocrx_word' id='word_1_7' title='bbox 403 569 561 646; x_wconf 48' lang='lat' dir='ltr'>jamnel</span> <span class='ocrx_word' id='word_1_8' title='bbox 574 567 609 627; x_wconf 90' lang='lat' dir='ltr'>de</span> <span class='ocrx_word' id='word_1_9' title='bbox 621 569 764 627; x_wconf 80' lang='lat' dir='ltr'>bbecoenis</span> <span class='ocrx_word' id='word_1_10' title='bbox 777 587 843 627; x_wconf 89' lang='lat' dir='ltr'>cum</span> <span class='ocrx_word' id='word_1_11' title='bbox 856 587 967 629; x_wconf 88' lang='lat' dir='ltr'>morum</span> <span class='ocrx_word' id='word_1_12' title='bbox 980 548 1161 640; x_wconf 87' lang='lat' dir='ltr'>detrimento,</span> <span class='ocrx_word' id='word_1_13' title='bbox 1175 578 1221 635; x_wconf 87' lang='lat' dir='ltr'>vel</span> 
     </span>
     <span class='ocr_line' id='line_1_3' title="bbox 129 667 1221 747; baseline 0.005 -21"><span class='ocrx_word' id='word_1_14' title='bbox 129 668 161 726; x_wconf 89' lang='lat' dir='ltr'>de</span> <span class='ocrx_word' id='word_1_15' title='bbox 178 667 279 736; x_wconf 84' lang='lat' dir='ltr'>altero,</span> <span class='ocrx_word' id='word_1_16' title='bbox 293 667 368 726; x_wconf 84' lang='lat' dir='ltr'>lama</span> <span class='ocrx_word' id='word_1_17' title='bbox 386 667 465 737; x_wconf 77' lang='lat' dir='ltr'>lesa,</span> <span class='ocrx_word' id='word_1_18' title='bbox 486 687 543 741; x_wconf 91' lang='lat' dir='ltr'>quc</span> <span class='ocrx_word' id='word_1_19' title='bbox 565 678 647 744; x_wconf 90' lang='lat' dir='ltr'>pacto</span> <span class='ocrx_word' id='word_1_20' title='bbox 669 667 719 725; x_wconf 88' lang='lat' dir='ltr'>liet</span> <span class='ocrx_word' id='word_1_21' title='bbox 739 669 941 744; x_wconf 89' lang='lat' dir='ltr'>perniciosum.</span> <span class='ocrx_word' id='word_1_22' title='bbox 985 670 1063 728; x_wconf 90' lang='lat' dir='ltr'>Hinc</span> <span class='ocrx_word' id='word_1_23' title='bbox 1080 672 1221 747; x_wconf 81' lang='lat' dir='ltr'>juvenum</span> 
     </span>
     <span class='ocr_line' id='line_1_4' title="bbox 129 766 1035 843; baseline 0.002 -19"><span class='ocrx_word' id='word_1_24' title='bbox 129 767 336 840; x_wconf 89' lang='lat' dir='ltr'>hominumque</span> <span class='ocrx_word' id='word_1_25' title='bbox 345 767 407 843; x_wconf 91' lang='lat' dir='ltr'>joci</span> <span class='ocrx_word' id='word_1_26' title='bbox 418 785 496 843; x_wconf 74' lang='lat' dir='ltr'>saepe</span> <span class='ocrx_word' id='word_1_27' title='bbox 506 767 654 826; x_wconf 75' lang='lat' dir='ltr'><strong>mortalem</strong></span> <span class='ocrx_word' id='word_1_28' title='bbox 667 766 805 826; x_wconf 90' lang='lat' dir='ltr'>inducunt</span> <span class='ocrx_word' id='word_1_29' title='bbox 817 767 918 826; x_wconf 76' lang='lat' dir='ltr'>anime</span> <span class='ocrx_word' id='word_1_30' title='bbox 932 769 1035 828; x_wconf 88' lang='lat' dir='ltr'>labem.</span> 
     </span>
    </p>

    <p class='ocr_par' dir='ltr' id='par_1_3' title="bbox 125 866 1229 2607">
     <span class='ocr_line' id='line_1_5' title="bbox 170 866 1220 941; baseline 0.005 -18"><span class='ocrx_word' id='word_1_31' title='bbox 170 870 239 925; x_wconf 86' lang='grc'><strong>181.</strong></span> <span class='ocrx_word' id='word_1_32' title='bbox 261 866 338 924; x_wconf 84' lang='lat' dir='ltr'>Satis</span> <span class='ocrx_word' id='word_1_33' title='bbox 351 875 461 924; x_wconf 86' lang='lat' dir='ltr'>constat</span> <span class='ocrx_word' id='word_1_34' title='bbox 472 884 509 924; x_wconf 86' lang='lat' dir='ltr'>ex</span> <span class='ocrx_word' id='word_1_35' title='bbox 529 875 675 924; x_wconf 88' lang='lat' dir='ltr'>auctorum</span> <span class='ocrx_word' id='word_1_36' title='bbox 688 884 829 924; x_wconf 87' lang='lat' dir='ltr'>consensu</span> <span class='ocrx_word' id='word_1_37' title='bbox 850 884 885 923; x_wconf 91' lang='lat' dir='ltr'>ea</span> <span class='ocrx_word' id='word_1_38' title='bbox 904 886 967 941; x_wconf 81' lang='lat' dir='ltr'>que</span> <span class='ocrx_word' id='word_1_39' title='bbox 986 868 1118 927; x_wconf 92' lang='lat' dir='ltr'>dicuntur</span> <span class='ocrx_word' id='word_1_40' title='bbox 1130 870 1220 928; x_wconf 85' lang='lat' dir='ltr'>insan-</span> 
     </span>
     <span class='ocr_line' id='line_1_6' title="bbox 133 963 1222 1033; baseline 0.003 -9"><span class='ocrx_word' id='word_1_41' title='bbox 133 966 204 1024; x_wconf 90' lang='lat' dir='ltr'>tibus</span> <span class='ocrx_word' id='word_1_42' title='bbox 219 976 250 1025; x_wconf 91' lang='lat' dir='ltr'>et</span> <span class='ocrx_word' id='word_1_43' title='bbox 261 967 421 1024; x_wconf 77' lang='lat' dir='ltr'>amentibus</span> <span class='ocrx_word' id='word_1_44' title='bbox 434 983 493 1024; x_wconf 89' lang='lat' dir='ltr'>uon</span> <span class='ocrx_word' id='word_1_45' title='bbox 506 983 571 1022; x_wconf 85' lang='lat' dir='ltr'>esse</span> <span class='ocrx_word' id='word_1_46' title='bbox 590 963 746 1022; x_wconf 78' lang='lat' dir='ltr'><strong>mendaciis</strong></span> <span class='ocrx_word' id='word_1_47' title='bbox 766 965 951 1033; x_wconf 80' lang='lat' dir='ltr'>accensenda,</span> <span class='ocrx_word' id='word_1_48' title='bbox 964 966 1031 1025; x_wconf 90' lang='lat' dir='ltr'>licet</span> <span class='ocrx_word' id='word_1_49' title='bbox 1042 968 1151 1026; x_wconf 85' lang='lat' dir='ltr'>veritati</span> <span class='ocrx_word' id='word_1_50' title='bbox 1164 987 1222 1027; x_wconf 93' lang='lat' dir='ltr'>non</span> 
     </span>
     <span class='ocr_line' id='line_1_7' title="bbox 133 1064 1223 1143; baseline 0.004 -22"><span class='ocrx_word' id='word_1_51' title='bbox 133 1067 316 1133; x_wconf 77' lang='lat' dir='ltr'>conveniant3</span> <span class='ocrx_word' id='word_1_52' title='bbox 336 1084 403 1123; x_wconf 90' lang='lat' dir='ltr'>nam</span> <span class='ocrx_word' id='word_1_53' title='bbox 416 1083 511 1123; x_wconf 89' lang='lat' dir='ltr'>sermo</span> <span class='ocrx_word' id='word_1_54' title='bbox 524 1064 667 1122; x_wconf 87' lang='lat' dir='ltr'>institutus</span> <span class='ocrx_word' id='word_1_55' title='bbox 680 1073 724 1122; x_wconf 89' lang='lat' dir='ltr'>est</span> <span class='ocrx_word' id='word_1_56' title='bbox 737 1073 767 1120; x_wconf 89' lang='lat' dir='ltr'>ut</span> <span class='ocrx_word' id='word_1_57' title='bbox 778 1064 910 1122; x_wconf 85' lang='lat' dir='ltr'>homines</span> <span class='ocrx_word' id='word_1_58' title='bbox 920 1067 964 1123; x_wconf 89' lang='lat' dir='ltr'>sui</span> <span class='ocrx_word' id='word_1_59' title='bbox 978 1076 1125 1143; x_wconf 87' lang='lat' dir='ltr'>compotes</span> <span class='ocrx_word' id='word_1_60' title='bbox 1137 1086 1223 1125; x_wconf 90' lang='lat' dir='ltr'>sensa</span> 
     </span>
     <span class='ocr_line' id='line_1_8' title="bbox 133 1162 1224 1238; baseline 0.005 -18"><span class='ocrx_word' id='word_1_61' title='bbox 133 1183 181 1221; x_wconf 88' lang='lat' dir='ltr'>sua</span> <span class='ocrx_word' id='word_1_62' title='bbox 206 1165 262 1223; x_wconf 89' lang='lat' dir='ltr'>sibi</span> <span class='ocrx_word' id='word_1_63' title='bbox 288 1165 410 1223; x_wconf 87' lang='lat' dir='ltr'>invicem</span> <span class='ocrx_word' id='word_1_64' title='bbox 433 1174 539 1237; x_wconf 85' lang='lat' dir='ltr'>queant</span> <span class='ocrx_word' id='word_1_65' title='bbox 558 1165 786 1238; x_wconf 85' lang='lat' dir='ltr'>communicare,</span> <span class='ocrx_word' id='word_1_66' title='bbox 807 1162 930 1237; x_wconf 91' lang='lat' dir='ltr'>ideoque</span> <span class='ocrx_word' id='word_1_67' title='bbox 950 1174 1048 1222; x_wconf 86' lang='lat' dir='ltr'>contra</span> <span class='ocrx_word' id='word_1_68' title='bbox 1072 1166 1160 1225; x_wconf 86' lang='lat' dir='ltr'>linem</span> <span class='ocrx_word' id='word_1_69' title='bbox 1183 1167 1224 1225; x_wconf 91' lang='lat' dir='ltr'>lc-</span> 
     </span>
     <span class='ocr_line' id='line_1_9' title="bbox 136 1261 1223 1339; baseline 0.003 -19"><span class='ocrx_word' id='word_1_70' title='bbox 136 1262 237 1335; x_wconf 89' lang='lat' dir='ltr'>quendi</span> <span class='ocrx_word' id='word_1_71' title='bbox 247 1282 306 1322; x_wconf 91' lang='lat' dir='ltr'>non</span> <span class='ocrx_word' id='word_1_72' title='bbox 319 1274 428 1339; x_wconf 86' lang='lat' dir='ltr'>peccat,</span> <span class='ocrx_word' id='word_1_73' title='bbox 442 1263 492 1335; x_wconf 90' lang='lat' dir='ltr'>qui</span> <span class='ocrx_word' id='word_1_74' title='bbox 506 1262 590 1319; x_wconf 87' lang='lat' dir='ltr'>verba</span> <span class='ocrx_word' id='word_1_75' title='bbox 602 1261 696 1320; x_wconf 90' lang='lat' dir='ltr'>alieno</span> <span class='ocrx_word' id='word_1_76' title='bbox 706 1280 792 1320; x_wconf 84' lang='lat' dir='ltr'>sensu</span> <span class='ocrx_word' id='word_1_77' title='bbox 803 1261 919 1320; x_wconf 87' lang='lat' dir='ltr'>adhibet</span> <span class='ocrx_word' id='word_1_78' title='bbox 930 1264 1038 1320; x_wconf 81' lang='grc'><strong>1111111111</strong></span> <span class='ocrx_word' id='word_1_79' title='bbox 1047 1266 1096 1336; x_wconf 89' lang='lat' dir='ltr'>qui</span> <span class='ocrx_word' id='word_1_80' title='bbox 1105 1266 1223 1323; x_wconf 88' lang='lat' dir='ltr'>rationis</span> 
     </span>
     <span class='ocr_line' id='line_1_10' title="bbox 134 1361 1224 1439; baseline 0.003 -20"><span class='ocrx_word' id='word_1_81' title='bbox 134 1380 183 1421; x_wconf 91' lang='lat' dir='ltr'>usu</span> <span class='ocrx_word' id='word_1_82' title='bbox 196 1378 257 1423; x_wconf 83' lang='lat' dir='ltr'>nun</span> <span class='ocrx_word' id='word_1_83' title='bbox 271 1361 404 1439; x_wconf 81' lang='lat' dir='ltr'>gaudent</span> <span class='ocrx_word' id='word_1_84' title='bbox 446 1361 520 1420; x_wconf 77' lang='lat' dir='ltr'>Hac</span> <span class='ocrx_word' id='word_1_85' title='bbox 534 1371 628 1419; x_wconf 85' lang='lat' dir='ltr'>tamen</span> <span class='ocrx_word' id='word_1_86' title='bbox 647 1361 741 1419; x_wconf 88' lang='lat' dir='ltr'>minus</span> <span class='ocrx_word' id='word_1_87' title='bbox 761 1371 889 1419; x_wconf 89' lang='lat' dir='ltr'>accurate</span> <span class='ocrx_word' id='word_1_88' title='bbox 903 1372 1039 1419; x_wconf 87' lang='lat' dir='ltr'>vocantur</span> <span class='ocrx_word' id='word_1_89' title='bbox 1050 1361 1224 1422; x_wconf 77' lang='lat' dir='ltr'>mendacia-¹</span> 
     </span>
     <span class='ocr_line' id='line_1_11' title="bbox 136 1459 1222 1529; baseline 0.002 -10"><span class='ocrx_word' id='word_1_90' title='bbox 136 1460 203 1526; x_wconf 78' lang='lat' dir='ltr'>Quae</span> <span class='ocrx_word' id='word_1_91' title='bbox 228 1460 385 1519; x_wconf 87' lang='lat' dir='ltr'>enarrando</span> <span class='ocrx_word' id='word_1_92' title='bbox 407 1460 537 1518; x_wconf 90' lang='lat' dir='ltr'>dicuntur</span> <span class='ocrx_word' id='word_1_93' title='bbox 556 1469 669 1517; x_wconf 87' lang='lat' dir='ltr'>ornatus</span> <span class='ocrx_word' id='word_1_94' title='bbox 689 1477 783 1528; x_wconf 90' lang='lat' dir='ltr'>causa,</span> <span class='ocrx_word' id='word_1_95' title='bbox 805 1460 850 1517; x_wconf 85' lang='lat' dir='ltr'>vel</span> <span class='ocrx_word' id='word_1_96' title='bbox 870 1459 908 1517; x_wconf 93' lang='lat' dir='ltr'>ob</span> <span class='ocrx_word' id='word_1_97' title='bbox 928 1461 1222 1529; x_wconf 87' lang='lat' dir='ltr'>verosimilitudinem,</span> 
     </span>
     <span class='ocr_line' id='line_1_12' title="bbox 135 1559 1223 1634; baseline 0.004 -18"><span class='ocrx_word' id='word_1_98' title='bbox 135 1578 187 1617; x_wconf 90' lang='lat' dir='ltr'>non</span> <span class='ocrx_word' id='word_1_99' title='bbox 201 1570 355 1619; x_wconf 79' lang='lat' dir='ltr'>censentur</span> <span class='ocrx_word' id='word_1_100' title='bbox 376 1559 543 1626; x_wconf 82' lang='lat' dir='ltr'>mendacia3</span> <span class='ocrx_word' id='word_1_101' title='bbox 564 1576 664 1619; x_wconf 90' lang='lat' dir='ltr'>omnes</span> <span class='ocrx_word' id='word_1_102' title='bbox 684 1561 761 1616; x_wconf 91' lang='lat' dir='ltr'>enim</span> <span class='ocrx_word' id='word_1_103' title='bbox 781 1568 895 1626; x_wconf 83' lang='lat' dir='ltr'>norunt,</span> <span class='ocrx_word' id='word_1_104' title='bbox 918 1560 1138 1634; x_wconf 85' lang='lat' dir='ltr'>scriptores,ch</span> <span class='ocrx_word' id='word_1_105' title='bbox 1152 1562 1223 1620; x_wconf 85' lang='lat' dir='ltr'>alios</span> 
     </span>
     <span class='ocr_line' id='line_1_13' title="bbox 134 1657 1225 1736; baseline 0.002 -21"><span class='ocrx_word' id='word_1_106' title='bbox 134 1677 175 1716; x_wconf 83' lang='lat' dir='ltr'>res</span> <span class='ocrx_word' id='word_1_107' title='bbox 197 1669 294 1736; x_wconf 81' lang='lat' dir='ltr'>gestas</span> <span class='ocrx_word' id='word_1_108' title='bbox 320 1660 483 1727; x_wconf 76' lang='lat' dir='ltr'>reserentes,</span> <span class='ocrx_word' id='word_1_109' title='bbox 510 1676 567 1715; x_wconf 91' lang='lat' dir='ltr'>uon</span> <span class='ocrx_word' id='word_1_110' title='bbox 592 1657 705 1734; x_wconf 79' lang='lat' dir='ltr'>singula</span> <span class='ocrx_word' id='word_1_111' title='bbox 724 1674 851 1714; x_wconf 87' lang='lat' dir='ltr'>enarrare</span> <span class='ocrx_word' id='word_1_112' title='bbox 873 1657 968 1724; x_wconf 82' lang='lat' dir='ltr'>verba,</span> <span class='ocrx_word' id='word_1_113' title='bbox 994 1659 1040 1715; x_wconf 82' lang='lat' dir='ltr'>vel</span> <span class='ocrx_word' id='word_1_114' title='bbox 1060 1662 1156 1717; x_wconf 90' lang='lat' dir='ltr'>omnia</span> <span class='ocrx_word' id='word_1_115' title='bbox 1181 1679 1225 1717; x_wconf 90' lang='lat' dir='ltr'>ac-</span> 
     </span>
     <span class='ocr_line' id='line_1_14' title="bbox 132 1754 1224 1824; baseline 0.001 -10"><span class='ocrx_word' id='word_1_116' title='bbox 132 1768 227 1815; x_wconf 85' lang='lat' dir='ltr'>curate</span> <span class='ocrx_word' id='word_1_117' title='bbox 254 1769 284 1816; x_wconf 92' lang='lat' dir='ltr'>et</span> <span class='ocrx_word' id='word_1_118' title='bbox 303 1758 473 1824; x_wconf 84' lang='lat' dir='ltr'>minutatim,</span> <span class='ocrx_word' id='word_1_119' title='bbox 496 1755 610 1815; x_wconf 79' lang='lat' dir='ltr'>sudrei</span> <span class='ocrx_word' id='word_1_120' title='bbox 633 1774 787 1824; x_wconf 86' lang='lat' dir='ltr'>summam,</span> <span class='ocrx_word' id='word_1_121' title='bbox 813 1766 842 1813; x_wconf 93' lang='lat' dir='ltr'>et</span> <span class='ocrx_word' id='word_1_122' title='bbox 863 1754 1004 1813; x_wconf 89' lang='lat' dir='ltr'>dictorum</span> <span class='ocrx_word' id='word_1_123' title='bbox 1029 1757 1224 1815; x_wconf 75' lang='lat' dir='ltr'>substantiam.</span> 
     </span>
     <span class='ocr_line' id='line_1_15' title="bbox 129 1853 1226 1934; baseline 0.003 -23"><span class='ocrx_word' id='word_1_124' title='bbox 129 1857 162 1913; x_wconf 89' lang='lat' dir='ltr'>Si</span> <span class='ocrx_word' id='word_1_125' title='bbox 184 1869 285 1915; x_wconf 89' lang='lat' dir='ltr'>autem</span> <span class='ocrx_word' id='word_1_126' title='bbox 304 1855 399 1929; x_wconf 86' lang='lat' dir='ltr'>aliqua</span> <span class='ocrx_word' id='word_1_127' title='bbox 418 1855 588 1933; x_wconf 88' lang='lat' dir='ltr'>adjiciantur</span> <span class='ocrx_word' id='word_1_128' title='bbox 605 1853 750 1934; x_wconf 87' lang='lat' dir='ltr'>jactando,</span> <span class='ocrx_word' id='word_1_129' title='bbox 763 1854 809 1911; x_wconf 86' lang='lat' dir='ltr'>vel</span> <span class='ocrx_word' id='word_1_130' title='bbox 829 1873 893 1927; x_wconf 83' lang='lat' dir='ltr'>que</span> <span class='ocrx_word' id='word_1_131' title='bbox 906 1853 975 1910; x_wconf 85' lang='lat' dir='ltr'>alias</span> <span class='ocrx_word' id='word_1_132' title='bbox 994 1872 1088 1913; x_wconf 87' lang='lat' dir='ltr'>rerum</span> <span class='ocrx_word' id='word_1_133' title='bbox 1101 1857 1226 1932; x_wconf 86' lang='lat' dir='ltr'>speciem</span> 
     </span>
     <span class='ocr_line' id='line_1_16' title="bbox 127 1952 1227 2030; baseline 0 -17"><span class='ocrx_word' id='word_1_134' title='bbox 127 1966 255 2022; x_wconf 89' lang='lat' dir='ltr'>mutent,</span> <span class='ocrx_word' id='word_1_135' title='bbox 270 1955 419 2030; x_wconf 80' lang='lat' dir='ltr'>nonfacile</span> <span class='ocrx_word' id='word_1_136' title='bbox 432 1962 603 2013; x_wconf 75' lang='lat' dir='ltr'>excusantur</span> <span class='ocrx_word' id='word_1_137' title='bbox 621 1975 638 2012; x_wconf 88' lang='lat' dir='ltr'>a</span> <span class='ocrx_word' id='word_1_138' title='bbox 656 1952 798 2012; x_wconf 90' lang='lat' dir='ltr'>mendacii</span> <span class='ocrx_word' id='word_1_139' title='bbox 810 1955 890 2010; x_wconf 86' lang='lat' dir='ltr'>vitio.</span> <span class='ocrx_word' id='word_1_140' title='bbox 931 1953 1003 2018; x_wconf 76' lang='lat' dir='ltr'>Quae</span> <span class='ocrx_word' id='word_1_141' title='bbox 1024 1972 1075 2029; x_wconf 88' lang='lat' dir='ltr'>per</span> <span class='ocrx_word' id='word_1_142' title='bbox 1093 1952 1227 2013; x_wconf 75' lang='lat' dir='ltr'>ironioln</span> 
     </span>
     <span class='ocr_line' id='line_1_17' title="bbox 125 2050 1226 2129; baseline 0.001 -19"><span class='ocrx_word' id='word_1_143' title='bbox 125 2053 277 2121; x_wconf 90' lang='lat' dir='ltr'>dicuntur,</span> <span class='ocrx_word' id='word_1_144' title='bbox 290 2055 357 2113; x_wconf 88' lang='lat' dir='ltr'>licet</span> <span class='ocrx_word' id='word_1_145' title='bbox 368 2054 439 2112; x_wconf 80' lang='lat' dir='ltr'>salsa</span> <span class='ocrx_word' id='word_1_146' title='bbox 451 2054 609 2121; x_wconf 75' lang='lat' dir='ltr'>videantur,</span> <span class='ocrx_word' id='word_1_147' title='bbox 623 2070 681 2111; x_wconf 93' lang='lat' dir='ltr'>non</span> <span class='ocrx_word' id='word_1_148' title='bbox 700 2062 767 2110; x_wconf 87' lang='lat' dir='ltr'>sunt</span> <span class='ocrx_word' id='word_1_149' title='bbox 779 2050 937 2119; x_wconf 87' lang='lat' dir='ltr'>mendacia,</span> <span class='ocrx_word' id='word_1_150' title='bbox 952 2069 1050 2110; x_wconf 90' lang='lat' dir='ltr'>eorum</span> <span class='ocrx_word' id='word_1_151' title='bbox 1065 2055 1142 2111; x_wconf 89' lang='lat' dir='ltr'>enim</span> <span class='ocrx_word' id='word_1_152' title='bbox 1163 2071 1226 2129; x_wconf 81' lang='lat' dir='ltr'>sep·</span> 
     </span>
     <span class='ocr_line' id='line_1_18' title="bbox 126 2138 1228 2229; baseline 0.001 -21"><span class='ocrx_word' id='word_1_153' title='bbox 126 2172 183 2209; x_wconf 85' lang='lat' dir='ltr'>sus</span> <span class='ocrx_word' id='word_1_154' title='bbox 205 2156 364 2213; x_wconf 87' lang='lat' dir='ltr'>contrarius</span> <span class='ocrx_word' id='word_1_155' title='bbox 390 2171 427 2211; x_wconf 86' lang='lat' dir='ltr'>ex</span> <span class='ocrx_word' id='word_1_156' title='bbox 454 2152 593 2229; x_wconf 89' lang='lat' dir='ltr'>adjunctis</span> <span class='ocrx_word' id='word_1_157' title='bbox 619 2150 769 2226; x_wconf 82' lang='lat' dir='ltr'>colligitur.</span> <span class='ocrx_word' id='word_1_158' title='bbox 821 2151 871 2208; x_wconf 86' lang='lat' dir='ltr'>Sic</span> <span class='ocrx_word' id='word_1_159' title='bbox 896 2152 1076 2223; x_wconf 74' lang='lat' dir='ltr'>omniaque</span> <span class='ocrx_word' id='word_1_160' title='bbox 1095 2138 1228 2209; x_wconf 70' lang='lat' dir='ltr'>translilo</span> 
     </span>
     <span class='ocr_line' id='line_1_19' title="bbox 126 2249 1228 2327; baseline -0.003 -18"><span class='ocrx_word' id='word_1_161' title='bbox 126 2270 221 2310; x_wconf 86' lang='lat' dir='ltr'>sensu</span> <span class='ocrx_word' id='word_1_162' title='bbox 236 2253 425 2327; x_wconf 84' lang='lat' dir='ltr'>proferuntur,</span> <span class='ocrx_word' id='word_1_163' title='bbox 437 2252 497 2309; x_wconf 87' lang='lat' dir='ltr'>sive</span> <span class='ocrx_word' id='word_1_164' title='bbox 509 2250 667 2308; x_wconf 84' lang='lat' dir='ltr'>fabularum</span> <span class='ocrx_word' id='word_1_165' title='bbox 687 2249 787 2313; x_wconf 82' lang='lat' dir='ltr'>forma,</span> <span class='ocrx_word' id='word_1_166' title='bbox 802 2249 862 2305; x_wconf 85' lang='lat' dir='ltr'>sive</span> <span class='ocrx_word' id='word_1_167' title='bbox 882 2249 1089 2323; x_wconf 88' lang='lat' dir='ltr'>parabolarum,</span> <span class='ocrx_word' id='word_1_168' title='bbox 1103 2251 1164 2307; x_wconf 86' lang='lat' dir='ltr'>sive</span> <span class='ocrx_word' id='word_1_169' title='bbox 1177 2266 1228 2326; x_wconf 92' lang='lat' dir='ltr'>per</span> 
     </span>
     <span class='ocr_line' id='line_1_20' title="bbox 129 2348 1227 2427; baseline -0.001 -20"><span class='ocrx_word' id='word_1_170' title='bbox 129 2351 326 2427; x_wconf 83' lang='lat' dir='ltr'>hyperbolen,</span> <span class='ocrx_word' id='word_1_171' title='bbox 340 2353 401 2409; x_wconf 88' lang='lat' dir='ltr'>sive</span> <span class='ocrx_word' id='word_1_172' title='bbox 415 2351 469 2408; x_wconf 91' lang='lat' dir='ltr'>alia</span> <span class='ocrx_word' id='word_1_173' title='bbox 482 2366 661 2422; x_wconf 89' lang='lat' dir='ltr'>quacumque</span> <span class='ocrx_word' id='word_1_174' title='bbox 674 2349 793 2413; x_wconf 85' lang='lat' dir='ltr'>ratione,</span> <span class='ocrx_word' id='word_1_175' title='bbox 807 2365 870 2419; x_wconf 85' lang='lat' dir='ltr'>quae</span> <span class='ocrx_word' id='word_1_176' title='bbox 884 2365 921 2405; x_wconf 85' lang='lat' dir='ltr'>ex</span> <span class='ocrx_word' id='word_1_177' title='bbox 935 2348 1009 2405; x_wconf 86' lang='lat' dir='ltr'>serie</span> <span class='ocrx_word' id='word_1_178' title='bbox 1022 2349 1168 2414; x_wconf 78' lang='lat' dir='ltr'>orationis,</span> <span class='ocrx_word' id='word_1_179' title='bbox 1182 2349 1227 2406; x_wconf 80' lang='lat' dir='ltr'>vel</span> 
     </span>
     <span class='ocr_line' id='line_1_21' title="bbox 131 2445 1229 2527; baseline -0.002 -21"><span class='ocrx_word' id='word_1_180' title='bbox 131 2469 170 2507; x_wconf 85' lang='lat' dir='ltr'>ex</span> <span class='ocrx_word' id='word_1_181' title='bbox 186 2469 282 2508; x_wconf 90' lang='lat' dir='ltr'>rerum</span> <span class='ocrx_word' id='word_1_182' title='bbox 296 2450 437 2527; x_wconf 80' lang='lat' dir='ltr'>adjunctis</span> <span class='ocrx_word' id='word_1_183' title='bbox 450 2462 478 2506; x_wconf 92' lang='lat' dir='ltr'>et</span> <span class='ocrx_word' id='word_1_184' title='bbox 496 2466 550 2506; x_wconf 90' lang='lat' dir='ltr'>usu</span> <span class='ocrx_word' id='word_1_185' title='bbox 563 2446 700 2520; x_wconf 90' lang='lat' dir='ltr'>loquendi</span> <span class='ocrx_word' id='word_1_186' title='bbox 719 2446 816 2522; x_wconf 83' lang='lat' dir='ltr'>colligi</span> <span class='ocrx_word' id='word_1_187' title='bbox 836 2447 936 2523; x_wconf 87' lang='lat' dir='ltr'>possit,</span> <span class='ocrx_word' id='word_1_188' title='bbox 956 2464 973 2503; x_wconf 91' lang='lat' dir='ltr'>a</span> <span class='ocrx_word' id='word_1_189' title='bbox 995 2445 1143 2505; x_wconf 91' lang='lat' dir='ltr'>mendacio</span> <span class='ocrx_word' id='word_1_190' title='bbox 1163 2455 1229 2505; x_wconf 88' lang='lat' dir='ltr'>sunt</span> 
     </span>
     <span class='ocr_line' id='line_1_22' title="bbox 133 2548 335 2607; baseline 0.01 -2"><span class='ocrx_word' id='word_1_191' title='bbox 133 2548 335 2607; x_wconf 90' lang='lat' dir='ltr'>discernenda.</span> 
     </span>
    </p>
   </div>
   <div class='ocr_carea' id='block_1_3' title="bbox 453 2745 911 2834">
    <p class='ocr_par' dir='ltr' id='par_1_4' title="bbox 453 2745 911 2834">
     <span class='ocr_line' id='line_1_23' title="bbox 453 2745 911 2834; baseline -0.011 -29"><span class='ocrx_word' id='word_1_192' title='bbox 453 2747 468 2820; x_wconf 90' lang='lat'>§</span> <span class='ocrx_word' id='word_1_193' title='bbox 482 2746 536 2805; x_wconf 92' lang='lat' dir='ltr'>lV.</span> <span class='ocrx_word' id='word_1_194' title='bbox 559 2745 606 2802; x_wconf 83' lang='lat' dir='ltr'>De</span> <span class='ocrx_word' id='word_1_195' title='bbox 620 2762 744 2803; x_wconf 85' lang='lat' dir='ltr'>vocrsus</span> <span class='ocrx_word' id='word_1_196' title='bbox 757 2761 911 2834; x_wconf 70' lang='grc'><strong>1111111111.</strong></span> 
     </span>
    </p>
   </div>
   <div class='ocr_carea' id='block_1_4' title="bbox 143 2946 1237 3934">
    <p class='ocr_par' dir='ltr' id='par_1_5' title="bbox 143 2946 1237 3934">
     <span class='ocr_line' id='line_1_24' title="bbox 182 2946 1231 3025; baseline -0.004 -17"><span class='ocrx_word' id='word_1_197' title='bbox 182 2957 248 3010; x_wconf 77' lang='lat'>182.</span> <span class='ocrx_word' id='word_1_198' title='bbox 270 2950 316 3009; x_wconf 91' lang='lat' dir='ltr'>De</span> <span class='ocrx_word' id='word_1_199' title='bbox 343 2950 460 3008; x_wconf 85' lang='lat' dir='ltr'>vocibus</span> <span class='ocrx_word' id='word_1_200' title='bbox 486 2948 582 3025; x_wconf 88' lang='lat' dir='ltr'>plures</span> <span class='ocrx_word' id='word_1_201' title='bbox 607 2948 775 3005; x_wconf 87' lang='lat' dir='ltr'>habentibus</span> <span class='ocrx_word' id='word_1_202' title='bbox 807 2946 1043 3023; x_wconf 82' lang='lat' dir='ltr'>significationes,</span> <span class='ocrx_word' id='word_1_203' title='bbox 1077 2949 1231 3020; x_wconf 71' lang='lat' dir='ltr'>equivocis</span> 
     </span>
     <span class='ocr_line' id='line_1_25' title="bbox 143 3045 1232 3118; baseline -0.005 -9"><span class='ocrx_word' id='word_1_204' title='bbox 143 3050 249 3109; x_wconf 86' lang='lat' dir='ltr'>idcirco</span> <span class='ocrx_word' id='word_1_205' title='bbox 272 3050 367 3117; x_wconf 90' lang='lat' dir='ltr'>dictis,</span> <span class='ocrx_word' id='word_1_206' title='bbox 388 3049 546 3107; x_wconf 86' lang='lat' dir='ltr'>vehemens</span> <span class='ocrx_word' id='word_1_207' title='bbox 566 3049 689 3105; x_wconf 84' lang='lat' dir='ltr'>excitata</span> <span class='ocrx_word' id='word_1_208' title='bbox 707 3055 751 3104; x_wconf 89' lang='lat' dir='ltr'>est</span> <span class='ocrx_word' id='word_1_209' title='bbox 770 3045 921 3118; x_wconf 88' lang='lat' dir='ltr'>aliquando</span> <span class='ocrx_word' id='word_1_210' title='bbox 941 3049 1144 3107; x_wconf 85' lang='lat' dir='ltr'>controversia.</span> <span class='ocrx_word' id='word_1_211' title='bbox 1187 3046 1232 3104; x_wconf 93' lang='lat' dir='ltr'>De</span> 
     </span>
     <span class='ocr_line' id='line_1_26' title="bbox 144 3144 1233 3224; baseline -0.003 -18"><span class='ocrx_word' id='word_1_212' title='bbox 144 3152 176 3206; x_wconf 88' lang='lat' dir='ltr'>iis</span> <span class='ocrx_word' id='word_1_213' title='bbox 189 3150 259 3207; x_wconf 87' lang='lat' dir='ltr'>dicit</span> <span class='ocrx_word' id='word_1_214' title='bbox 273 3148 409 3206; x_wconf 86' lang='lat' dir='ltr'>Grotius:</span> <span class='ocrx_word' id='word_1_215' title='bbox 433 3157 452 3183; x_wconf 79' lang='lat'>‘⁴</span> <span class='ocrx_word' id='word_1_216' title='bbox 462 3146 687 3224; x_wconf 76' lang='lat' dir='ltr'>significationis</span> <span class='ocrx_word' id='word_1_217' title='bbox 708 3162 777 3221; x_wconf 75' lang='lat' dir='ltr'>ergo</span> <span class='ocrx_word' id='word_1_218' title='bbox 790 3145 899 3203; x_wconf 82' lang='lat' dir='ltr'>salsitas</span> <span class='ocrx_word' id='word_1_219' title='bbox 913 3144 998 3203; x_wconf 88' lang='lat' dir='ltr'>idest</span> <span class='ocrx_word' id='word_1_220' title='bbox 1016 3144 1094 3216; x_wconf 87' lang='lat' dir='ltr'>quod</span> <span class='ocrx_word' id='word_1_221' title='bbox 1109 3146 1143 3202; x_wconf 89' lang='lat' dir='ltr'>ad</span> <span class='ocrx_word' id='word_1_222' title='bbox 1157 3165 1233 3204; x_wconf 85' lang='lat' dir='ltr'>corn·</span> 
     </span>
     <span class='ocr_line' id='line_1_27' title="bbox 146 3243 1234 3318; baseline -0.005 -12"><span class='ocrx_word' id='word_1_223' title='bbox 146 3267 257 3306; x_wconf 88' lang='lat' dir='ltr'>munem</span> <span class='ocrx_word' id='word_1_224' title='bbox 282 3247 422 3305; x_wconf 90' lang='lat' dir='ltr'>mendacii</span> <span class='ocrx_word' id='word_1_225' title='bbox 443 3257 572 3305; x_wconf 84' lang='lat' dir='ltr'>naturam</span> <span class='ocrx_word' id='word_1_226' title='bbox 591 3245 772 3318; x_wconf 83' lang='lat' dir='ltr'>requirimus.</span> <span class='ocrx_word' id='word_1_227' title='bbox 815 3243 873 3301; x_wconf 88' lang='lat' dir='ltr'>Cui</span> <span class='ocrx_word' id='word_1_228' title='bbox 893 3260 1073 3315; x_wconf 89' lang='lat' dir='ltr'>consequens</span> <span class='ocrx_word' id='word_1_229' title='bbox 1094 3253 1147 3309; x_wconf 86' lang='lat' dir='ltr'>est,</span> <span class='ocrx_word' id='word_1_230' title='bbox 1168 3261 1234 3301; x_wconf 86' lang='lat' dir='ltr'>curn</span> 
     </span>
     <span class='ocr_line' id='line_1_28' title="bbox 145 3340 1235 3419; baseline -0.002 -17"><span class='ocrx_word' id='word_1_231' title='bbox 145 3365 198 3405; x_wconf 83' lang='lat' dir='ltr'>vox</span> <span class='ocrx_word' id='word_1_232' title='bbox 212 3348 308 3419; x_wconf 89' lang='lat' dir='ltr'>aliqua</span> <span class='ocrx_word' id='word_1_233' title='bbox 329 3360 376 3405; x_wconf 88' lang='lat' dir='ltr'>aut</span> <span class='ocrx_word' id='word_1_234' title='bbox 396 3347 537 3404; x_wconf 84' lang='lat' dir='ltr'>sermonis</span> <span class='ocrx_word' id='word_1_235' title='bbox 558 3343 723 3419; x_wconf 86' lang='lat' dir='ltr'>complexio</span> <span class='ocrx_word' id='word_1_236' title='bbox 738 3352 783 3399; x_wconf 87' lang='lat' dir='ltr'>est</span> <span class='ocrx_word' id='word_1_237' title='bbox 798 3348 943 3413; x_wconf 69' lang='grc' dir='ltr'>κολόσημος,</span> <span class='ocrx_word' id='word_1_238' title='bbox 958 3340 987 3397; x_wconf 93' lang='lat' dir='ltr'>id</span> <span class='ocrx_word' id='word_1_239' title='bbox 1006 3351 1050 3399; x_wconf 83' lang='lat' dir='ltr'>est</span> <span class='ocrx_word' id='word_1_240' title='bbox 1068 3340 1164 3417; x_wconf 89' lang='lat' dir='ltr'>plures</span> <span class='ocrx_word' id='word_1_241' title='bbox 1177 3360 1235 3400; x_wconf 93' lang='lat' dir='ltr'>uno</span> 
     </span>
     <span class='ocr_line' id='line_1_29' title="bbox 146 3438 1234 3522; baseline -0.003 -21"><span class='ocrx_word' id='word_1_242' title='bbox 146 3447 317 3522; x_wconf 81' lang='lat' dir='ltr'>significatus</span> <span class='ocrx_word' id='word_1_243' title='bbox 338 3445 468 3512; x_wconf 89' lang='lat' dir='ltr'>admittit,</span> <span class='ocrx_word' id='word_1_244' title='bbox 489 3446 550 3502; x_wconf 84' lang='lat' dir='ltr'>sive</span> <span class='ocrx_word' id='word_1_245' title='bbox 570 3463 607 3502; x_wconf 86' lang='lat' dir='ltr'>er</span> <span class='ocrx_word' id='word_1_246' title='bbox 627 3443 706 3518; x_wconf 82' lang='lat' dir='ltr'>vulgi</span> <span class='ocrx_word' id='word_1_247' title='bbox 719 3460 782 3508; x_wconf 90' lang='lat' dir='ltr'>usu,</span> <span class='ocrx_word' id='word_1_248' title='bbox 803 3442 865 3498; x_wconf 88' lang='lat' dir='ltr'>sive</span> <span class='ocrx_word' id='word_1_249' title='bbox 879 3458 916 3496; x_wconf 86' lang='lat' dir='ltr'>ex</span> <span class='ocrx_word' id='word_1_250' title='bbox 930 3441 997 3497; x_wconf 86' lang='lat' dir='ltr'>artis</span> <span class='ocrx_word' id='word_1_251' title='bbox 1020 3438 1234 3509; x_wconf 85' lang='lat' dir='ltr'>consuetudine,</span> 
     </span>
     <span class='ocr_line' id='line_1_30' title="bbox 147 3540 1237 3622; baseline 0 -23"><span class='ocrx_word' id='word_1_252' title='bbox 147 3547 203 3602; x_wconf 83' lang='lat' dir='ltr'>sive</span> <span class='ocrx_word' id='word_1_253' title='bbox 226 3542 268 3603; x_wconf 83' lang='lat' dir='ltr'>&#39;er</span> <span class='ocrx_word' id='word_1_254' title='bbox 295 3546 386 3622; x_wconf 85' lang='lat' dir='ltr'>figura</span> <span class='ocrx_word' id='word_1_255' title='bbox 411 3545 507 3616; x_wconf 91' lang='lat' dir='ltr'>aliqua</span> <span class='ocrx_word' id='word_1_256' title='bbox 531 3542 715 3619; x_wconf 82' lang='lat' dir='ltr'>intelligibili,</span> <span class='ocrx_word' id='word_1_257' title='bbox 741 3552 809 3599; x_wconf 90' lang='lat' dir='ltr'>tunc</span> <span class='ocrx_word' id='word_1_258' title='bbox 835 3540 859 3597; x_wconf 90' lang='lat' dir='ltr'>si</span> <span class='ocrx_word' id='word_1_259' title='bbox 894 3540 981 3596; x_wconf 89' lang='lat' dir='ltr'>animi</span> <span class='ocrx_word' id='word_1_260' title='bbox 1006 3549 1160 3616; x_wconf 89' lang='lat' dir='ltr'>conceptus</span> <span class='ocrx_word' id='word_1_261' title='bbox 1186 3543 1237 3599; x_wconf 80' lang='lat' dir='ltr'>uni</span> 
     </span>
     <span class='ocr_line' id='line_1_31' title="bbox 148 3637 1236 3721; baseline -0.002 -21"><span class='ocrx_word' id='word_1_262' title='bbox 148 3645 260 3702; x_wconf 79' lang='grc'><strong>1111111111</strong></span> <span class='ocrx_word' id='word_1_263' title='bbox 280 3644 523 3721; x_wconf 81' lang='lat' dir='ltr'>significationum</span> <span class='ocrx_word' id='word_1_264' title='bbox 543 3651 690 3718; x_wconf 85' lang='lat' dir='ltr'>congruat,</span> <span class='ocrx_word' id='word_1_265' title='bbox 711 3659 769 3698; x_wconf 91' lang='lat' dir='ltr'>non</span> <span class='ocrx_word' id='word_1_266' title='bbox 789 3639 899 3697; x_wconf 85' lang='lat' dir='ltr'>admitti</span> <span class='ocrx_word' id='word_1_267' title='bbox 918 3637 1109 3706; x_wconf 87' lang='lat' dir='ltr'>mendacium,</span> <span class='ocrx_word' id='word_1_268' title='bbox 1123 3641 1236 3699; x_wconf 87' lang='lat' dir='ltr'>etiamsi</span> 
     </span>
     <span class='ocr_line' id='line_1_32' title="bbox 148 3731 1237 3818; baseline -0.006 -19"><span class='ocrx_word' id='word_1_269' title='bbox 148 3753 258 3818; x_wconf 87' lang='lat' dir='ltr'>putetur</span> <span class='ocrx_word' id='word_1_270' title='bbox 271 3744 307 3811; x_wconf 85' lang='lat' dir='ltr'>is,</span> <span class='ocrx_word' id='word_1_271' title='bbox 322 3744 372 3816; x_wconf 93' lang='lat' dir='ltr'>qui</span> <span class='ocrx_word' id='word_1_272' title='bbox 386 3743 473 3810; x_wconf 92' lang='lat' dir='ltr'>audit,</span> <span class='ocrx_word' id='word_1_273' title='bbox 489 3744 519 3800; x_wconf 93' lang='lat' dir='ltr'>in</span> <span class='ocrx_word' id='word_1_274' title='bbox 529 3743 731 3818; x_wconf 86' lang='lat' dir='ltr'>allampartem</span> <span class='ocrx_word' id='word_1_275' title='bbox 740 3731 954 3815; x_wconf 81' lang='lat' dir='ltr'>accepturus.¹”</span> <span class='ocrx_word' id='word_1_276' title='bbox 996 3737 1073 3796; x_wconf 85' lang='lat' dir='ltr'>lntcr</span> <span class='ocrx_word' id='word_1_277' title='bbox 1086 3739 1237 3813; x_wconf 78' lang='lat' dir='ltr'>theologos</span> 
     </span>
     <span class='ocr_line' id='line_1_33' title="bbox 148 3834 1236 3934; baseline -0.006 -36"><span class='ocrx_word' id='word_1_278' title='bbox 148 3840 181 3898; x_wconf 90' lang='lat' dir='ltr'>de</span> <span class='ocrx_word' id='word_1_279' title='bbox 194 3861 290 3901; x_wconf 90' lang='lat' dir='ltr'>earnm</span> <span class='ocrx_word' id='word_1_280' title='bbox 306 3861 359 3900; x_wconf 86' lang='lat' dir='ltr'>usu</span> <span class='ocrx_word' id='word_1_281' title='bbox 373 3843 561 3919; x_wconf 84' lang='lat' dir='ltr'>disceptatum</span> <span class='ocrx_word' id='word_1_282' title='bbox 573 3850 627 3908; x_wconf 88' lang='lat' dir='ltr'>eet,</span> <span class='ocrx_word' id='word_1_283' title='bbox 642 3840 745 3897; x_wconf 87' lang='lat' dir='ltr'>Lessio</span> <span class='ocrx_word' id='word_1_284' title='bbox 759 3856 832 3934; x_wconf 63' lang='lat' dir='ltr'>cum¹</span> <span class='ocrx_word' id='word_1_285' title='bbox 839 3837 903 3895; x_wconf 88' lang='lat' dir='ltr'>aliis</span> <span class='ocrx_word' id='word_1_286' title='bbox 916 3854 965 3894; x_wconf 88' lang='lat' dir='ltr'>eas</span> <span class='ocrx_word' id='word_1_287' title='bbox 979 3834 1131 3908; x_wconf 89' lang='lat' dir='ltr'>aliquando</span> <span class='ocrx_word' id='word_1_288' title='bbox 1150 3836 1236 3892; x_wconf 86' lang='lat' dir='ltr'>licere</span> 
     </span>
    </p>
   </div>
   <div class='ocr_carea' id='block_1_5' title="bbox 148 4035 1239 4362">
    <p class='ocr_par' dir='ltr' id='par_1_6' title="bbox 149 4035 1237 4180">
     <span class='ocr_line' id='line_1_34' title="bbox 180 4035 1237 4112; baseline -0.006 -18"><span class='ocrx_word' id='word_1_289' title='bbox 180 4048 222 4112; x_wconf 85' lang='lat' dir='ltr'>(l)</span> <span class='ocrx_word' id='word_1_290' title='bbox 242 4046 288 4095; x_wconf 87' lang='lat' dir='ltr'>“lt</span> <span class='ocrx_word' id='word_1_291' title='bbox 304 4048 325 4096; x_wconf 88' lang='lat' dir='ltr'>is</span> <span class='ocrx_word' id='word_1_292' title='bbox 342 4047 425 4097; x_wconf 82' lang='lat' dir='ltr'>lawlul</span> <span class='ocrx_word' id='word_1_293' title='bbox 437 4055 463 4095; x_wconf 91' lang='lat' dir='ltr'>tc</span> <span class='ocrx_word' id='word_1_294' title='bbox 479 4047 520 4096; x_wconf 86' lang='lat' dir='ltr'>tell</span> <span class='ocrx_word' id='word_1_295' title='bbox 538 4062 553 4093; x_wconf 85' lang='lat' dir='ltr'>a</span> <span class='ocrx_word' id='word_1_296' title='bbox 569 4045 601 4094; x_wconf 87' lang='lat' dir='ltr'>lis</span> <span class='ocrx_word' id='word_1_297' title='bbox 618 4053 644 4093; x_wconf 91' lang='lat' dir='ltr'>to</span> <span class='ocrx_word' id='word_1_298' title='bbox 661 4042 772 4093; x_wconf 89' lang='lat' dir='ltr'>cbildrcn</span> <span class='ocrx_word' id='word_1_299' title='bbox 789 4056 817 4090; x_wconf 87' lang='lat' dir='ltr'>or</span> <span class='ocrx_word' id='word_1_300' title='bbox 832 4048 857 4089; x_wconf 88' lang='grc' dir='ltr'>1ο</span> <span class='ocrx_word' id='word_1_301' title='bbox 874 4036 1011 4087; x_wconf 81' lang='lat' dir='ltr'>msdmsu.”</span> <span class='ocrx_word' id='word_1_302' title='bbox 1046 4035 1147 4099; x_wconf 81' lang='lat' dir='ltr'>Tsylor,</span> <span class='ocrx_word' id='word_1_303' title='bbox 1164 4035 1237 4088; x_wconf 83' lang='lat' dir='ltr'>Duct</span> 
     </span>
     <span class='ocr_line' id='line_1_35' title="bbox 149 4129 868 4180; baseline 0.003 -2"><span class='ocrx_word' id='word_1_304' title='bbox 149 4130 211 4179; x_wconf 90' lang='lat' dir='ltr'>Dub.</span> <span class='ocrx_word' id='word_1_305' title='bbox 223 4131 239 4179; x_wconf 90' lang='grc'>1.</span> <span class='ocrx_word' id='word_1_306' title='bbox 250 4129 353 4179; x_wconf 66' lang='grc'><strong>1111111</strong></span> <span class='ocrx_word' id='word_1_307' title='bbox 861 4157 868 4180; x_wconf 68' lang='lat'>0</span> 
     </span>
    </p>

    <p class='ocr_par' dir='ltr' id='par_1_7' title="bbox 148 4201 1239 4362">
     <span class='ocr_line' id='line_1_36' title="bbox 183 4201 1239 4279; baseline -0.007 -17"><span class='ocrx_word' id='word_1_308' title='bbox 183 4216 223 4279; x_wconf 77' lang='lat'>(2)</span> <span class='ocrx_word' id='word_1_309' title='bbox 242 4213 344 4264; x_wconf 77' lang='lat' dir='ltr'>Grotius</span> <span class='ocrx_word' id='word_1_310' title='bbox 360 4214 391 4263; x_wconf 79' lang='lat' dir='ltr'>ds</span> <span class='ocrx_word' id='word_1_311' title='bbox 404 4215 460 4279; x_wconf 83' lang='lat' dir='ltr'>jure</span> <span class='ocrx_word' id='word_1_312' title='bbox 476 4213 531 4263; x_wconf 90' lang='lat' dir='ltr'>belli</span> <span class='ocrx_word' id='word_1_313' title='bbox 542 4220 567 4262; x_wconf 88' lang='lat' dir='ltr'>et</span> <span class='ocrx_word' id='word_1_314' title='bbox 584 4211 658 4278; x_wconf 82' lang='lat' dir='ltr'>pacis,</span> <span class='ocrx_word' id='word_1_315' title='bbox 669 4211 685 4259; x_wconf 93' lang='grc'>1.</span> <span class='ocrx_word' id='word_1_316' title='bbox 696 4209 731 4259; x_wconf 85' lang='lat' dir='ltr'>iii.</span> <span class='ocrx_word' id='word_1_317' title='bbox 743 4207 817 4266; x_wconf 74' lang='lat' dir='ltr'>c.·l.§</span> <span class='ocrx_word' id='word_1_318' title='bbox 834 4218 861 4267; x_wconf 56' lang='grc' dir='ltr'><em>ᾖ</em></span> <span class='ocrx_word' id='word_1_319' title='bbox 875 4218 883 4231; x_wconf 86' lang='grc'><em>·</em></span> <span class='ocrx_word' id='word_1_320' title='bbox 895 4204 959 4255; x_wconf 86' lang='lat' dir='ltr'>Vide</span> <span class='ocrx_word' id='word_1_321' title='bbox 976 4211 1001 4254; x_wconf 87' lang='lat' dir='ltr'>ct</span> <span class='ocrx_word' id='word_1_322' title='bbox 1018 4201 1167 4262; x_wconf 83' lang='lat' dir='ltr'>l’uli&#39;endorl,</span> <span class='ocrx_word' id='word_1_323' title='bbox 1179 4206 1194 4255; x_wconf 89' lang='lat' dir='ltr'>l.</span> <span class='ocrx_word' id='word_1_324' title='bbox 1208 4206 1239 4256; x_wconf 84' lang='lat' dir='ltr'>iv.</span> 
     </span>
     <span class='ocr_line' id='line_1_37' title="bbox 148 4290 829 4362; baseline -0.015 -13"><span class='ocrx_word' id='word_1_325' title='bbox 148 4317 168 4349; x_wconf 90' lang='lat' dir='ltr'>c.</span> <span class='ocrx_word' id='word_1_326' title='bbox 176 4300 191 4348; x_wconf 92' lang='lat' dir='ltr'>i.</span> <span class='ocrx_word' id='word_1_327' title='bbox 205 4304 219 4359; x_wconf 64' lang='grc' dir='ltr'>ς</span> <span class='ocrx_word' id='word_1_328' title='bbox 233 4299 283 4349; x_wconf 81' lang='lat' dir='ltr'>xiii.</span> <span class='ocrx_word' id='word_1_329' title='bbox 295 4307 321 4349; x_wconf 83' lang='lat' dir='ltr'>ct</span> <span class='ocrx_word' id='word_1_330' title='bbox 330 4296 424 4362; x_wconf 80' lang='lat' dir='ltr'>Tsylor</span> <span class='ocrx_word' id='word_1_331' title='bbox 434 4297 498 4351; x_wconf 88' lang='lat' dir='ltr'>Duc.</span> <span class='ocrx_word' id='word_1_332' title='bbox 508 4296 573 4347; x_wconf 86' lang='lat' dir='ltr'>Dub.</span> <span class='ocrx_word' id='word_1_333' title='bbox 586 4296 643 4345; x_wconf 87' lang='lat' dir='ltr'>Vol.</span> <span class='ocrx_word' id='word_1_334' title='bbox 653 4294 679 4344; x_wconf 86' lang='lat' dir='ltr'>ii.</span> <span class='ocrx_word' id='word_1_335' title='bbox 691 4309 716 4360; x_wconf 91' lang='lat' dir='ltr'>p.</span> <span class='ocrx_word' id='word_1_336' title='bbox 730 4290 809 4340; x_wconf 41' lang='grc' dir='ltr'>101111.ι</span> <span class='ocrx_word' id='word_1_337' title='bbox 824 4290 829 4297; x_wconf 87' lang='grc'><strong><em>’</em></strong></span> 
     </span>
    </p>
   </div>
   <div class='ocr_carea' id='block_1_6' title="bbox 187 4394 392 4453">
    <p class='ocr_par' dir='ltr' id='par_1_8' title="bbox 187 4394 392 4453">
     <span class='ocr_line' id='line_1_38' title="bbox 187 4394 392 4453; baseline -0.005 -3"><span class='ocrx_word' id='word_1_338' title='bbox 187 4395 265 4453; x_wconf 74' lang='lat' dir='ltr'>Vos.</span> <span class='ocrx_word' id='word_1_339' title='bbox 287 4394 392 4452; x_wconf 83' lang='grc'><strong>1.-14</strong></span> 
     </span>
    </p>
   </div>
   <div class='ocr_carea' id='block_1_7' title="bbox 0 0 1397 4980">
    <p class='ocr_par' dir='ltr' id='par_1_9' title="bbox 0 0 1397 4980">
     <span class='ocr_line' id='line_1_39' title="bbox 0 0 1397 4980; baseline 0 0"><span class='ocrx_word' id='word_1_340' title='bbox 0 0 1397 4980; x_wconf 95' lang='lat' dir='ltr'> </span> 
     </span>
    </p>
   </div>
  </div>
 </body>
</html>
