2744 4980
223 408 263 463 96
512 400 570 460 DE
591 398 751 459 TERTIO
772 399 1025 459 PRAECEPTO.

225 567 334 625 scilicet
346 564 425 622 labor
438 566 530 621 omitti
544 565 641 636 nequit
654 564 761 634 absque
775 564 852 639 gravi
865 561 1043 621 detrimento.
1086 562 1135 619 Sic
1148 572 1320 621 excusantur

226 663 378 738 mancipia,
393 682 456 735 quse
471 661 588 721 domino
602 662 776 737 praecipienti
790 680 847 719 non
860 662 964 719 audent
976 679 1142 735 repugnare.
1167 662 1224 718 His
1238 663 1323 718 etiam

227 762 294 820 licet
308 780 374 818 suas
387 760 504 818 reticere
515 769 606 816 vestes
620 759 719 815 dicbus
733 757 904 827 Dominicis,
916 761 941 816 si
954 758 1016 816 aliis
1030 757 1253 815 diebussacnltns
1262 776 1320 815 non

226 859 317 917 detur.
360 858 465 916 Utrum
489 869 582 915 autom
606 858 689 913 liceat
707 858 748 914 eis
771 857 883 914 hortum
904 857 958 913 sibi
981 877 998 914 a
1017 855 1140 912 dominis
1154 874 1322 913 concessum

227 956 330 1015 iisdem
346 956 446 1013 diebus
461 958 564 1022 colere,
579 955 614 1010 ad
627 954 770 1028 peculium
783 954 1014 1030 comparandum,
1026 953 1145 1010 dubitari
1158 963 1261 1028 potest
1290 954 1324 1011 In

228 1055 418 1111 affirmantem
433 1054 600 1111 sententiam
625 1053 845 1127 propendemus,
868 1071 935 1110 narn
958 1051 1058 1108 durum
1081 1051 1192 1108 videtur
1211 1052 1323 1108 unicam

229 1152 304 1209 hanc
319 1153 426 1226 peculii
433 1153 573 1209 rationem
582 1151 618 1207 iis
628 1149 775 1225 denegare.
801 1148 942 1207 Cretemm
954 1149 1052 1207 salutis
1062 1150 1206 1224 negotium
1217 1160 1325 1205 nonest

231 1249 445 1327 negligendum.
468 1251 624 1324 Pauperes,
633 1248 757 1319 alioquin
767 1250 889 1323 impares
898 1251 958 1305 suis
966 1246 1165 1312 sustentandis,
1174 1247 1326 1304 damnandi

230 1367 288 1405 non
303 1358 379 1414 sunt,
394 1349 419 1405 si
432 1349 564 1424 privatim
578 1347 685 1417 absque
698 1346 830 1404 scandalo
843 1346 978 1403 laborent.
1002 1344 1099 1416 Coqui
1112 1345 1270 1401 etculinarii
1281 1363 1328 1401 ne-

230 1448 361 1502 cessitate
369 1455 398 1502 et
407 1445 611 1503 consuetudine
620 1455 799 1501 excusantur.
822 1445 947 1500 Pistores
956 1445 979 1499 si
990 1442 1232 1517 nequeantpridic
1240 1461 1328 1518 panes

231 1545 383 1610 conticere,
407 1545 455 1615 qui
474 1545 573 1618 populi
593 1543 658 1597 usui
679 1542 709 1597 in
725 1541 824 1597 diebus
844 1542 1006 1598 Dominicis
1026 1541 1176 1607 sufficiant,
1200 1541 1329 1597 excusati

231 1641 386 1697 habentur:
409 1639 488 1713 quod
509 1640 544 1696 de
566 1639 717 1715 pistoribus
731 1638 875 1695 dulciariis
893 1640 1047 1714 presertim
1061 1639 1143 1695 valet.
1185 1638 1330 1694 Laniones

233 1740 283 1810 qui
298 1739 402 1795 alicubi
413 1740 449 1794 ob
459 1738 567 1794 calores
581 1739 694 1794 aestivos
708 1755 806 1793 cames
820 1737 919 1793 indies
932 1746 1060 1810 posteros
1074 1754 1185 1792 servare
1195 1755 1253 1792 non
1265 1753 1330 1811 pos·

233 1847 309 1902 sunt,
336 1845 506 1893 excusantur
523 1837 548 1892 si
569 1837 639 1910 ipsis
659 1834 757 1892 dicbus
777 1835 938 1892 Dominicis
952 1835 1082 1891 animalia
1095 1832 1235 1900 occidant,
1249 1852 1330 1889 sean-

234 1933 298 1990 dalo
322 1944 441 1990 remoto.
493 1933 628 2008 Chirurgi
651 1940 680 1988 et
702 1933 926 2009 pharmacopolae
946 1933 1105 1989 necessitati
1126 1932 1330 2002 obsequuntur,

175 2108 180 2113 '
233 2030 303 2087 dum
319 2041 407 2087 artem
422 2049 502 2086 suam
516 2032 545 2087 in
554 2031 653 2086 diebus
667 2029 746 2086 sestis
760 2041 901 2089 exercent.
944 2028 1124 2086 Conflatores
1138 2030 1204 2086 serri
1218 2039 1246 2085 et
1256 2029 1331 2094 vitri,

235 2138 364 2184 coctores
378 2129 497 2184 laterum
507 2128 636 2193 etcalcis‚
646 2127 803 2185 laborantes
813 2130 842 2185 in
852 2128 966 2186 officina
978 2147 1040 2201 quas
1049 2127 1150 2185 dicitur
1158 2125 1331 2204 gnere-orire,

236 2226 387 2297 caeterique
413 2226 583 2297 omnesqui
608 2243 681 2299 opus
710 2236 790 2283 antea
812 2227 974 2284 inchoatum
999 2228 1201 2301 interrumpere
1224 2227 1332 2297 absque

236 2324 314 2399 gravi
329 2324 498 2381 detrimento
512 2342 570 2380 non
583 2333 712 2398 possunt,
727 2344 743 2381 c
756 2325 858 2383 violato
872 2337 1013 2401 precepto
1026 2334 1091 2381 sunt
1104 2326 1257 2381 immunes.

276 2426 325 2476 82.
349 2421 453 2479 Utrum
468 2439 601 2496 magnum
615 2420 725 2478 lucrum
735 2441 771 2478 ex
779 2424 873 2480 labore
882 2422 1066 2480 derivandum
1078 2423 1253 2479 necessitatis
1264 2423 1329 2478 loco

234 2517 397 2575 babendum
411 2520 457 2586 sit,
472 2519 545 2576 inter
557 2518 705 2593 theologos
725 2519 905 2595 disceptatur.
947 2521 1099 2576 Affinnans
1113 2520 1251 2577 sententia
1264 2521 1333 2575 satis

235 2616 389 2690 probabilis
404 2617 523 2683 videtur,
538 2619 567 2674 in
582 2617 656 2673 idem
671 2617 748 2674 enirn
761 2618 860 2675 recidit
873 2637 976 2693 magno
994 2619 1072 2674 lucro
1090 2637 1195 2684 carere,
1209 2629 1238 2673 ct
1256 2617 1335 2673 dam·

236 2731 306 2770 num
326 2716 396 2789 pati,
419 2725 590 2791 quapropter
611 2716 722 2772 lucrum
742 2735 856 2772 cessans
882 2718 960 2792 gravi
987 2715 1090 2774 damno
1116 2707 1330 2790 aequiparatur.¹

236 2810 409 2870 Cavendum
424 2823 516 2870 tamen
530 2832 565 2869 ne
579 2813 614 2869 dc
627 2814 706 2870 lucro
720 2814 870 2881 ordinario,
886 2834 936 2871 seu
950 2813 1081 2871 mercede
1095 2815 1193 2870 diurna
1208 2813 1236 2869 id
1251 2812 1332 2869 iutel-

236 2911 357 2984 ligatur:
380 2930 464 2967 secus
478 2912 611 2987 obligatio
625 2913 719 2969 omnis
733 2912 862 2968 servandi
875 2912 936 2969 dies
950 2912 1119 2969 Dominicos
1133 2920 1323 2968 evanesceret.

276 3012 325 3063 83.
349 3008 517 3066 Necessitas
538 3010 691 3085 spiritualis
712 3011 910 3066 excusationis
932 3010 1027 3066 locum
1050 3011 1163 3074 obtinet,
1187 3011 1211 3065 si
1236 3027 1333 3084 graves

234 3106 406 3162 tentationes
426 3125 559 3182 superare
579 3109 643 3178 quis
663 3125 720 3164 non
735 3108 833 3181 possit,
854 3109 908 3164 nisi
921 3107 1045 3163 laborem
1059 3107 1233 3180 susceperit:
1258 3105 1332 3179 quod

235 3213 331 3259 tamen
342 3203 406 3261 rard
420 3206 566 3280 contingit.
588 3206 672 3279 Saepe
682 3216 774 3261 tamen
783 3204 877 3271 rudes,
886 3207 935 3276 qui
948 3205 1041 3279 legere
1055 3213 1210 3274 nequeunt,
1223 3205 1334 3280 magnis

235 3311 358 3360 aestuant
371 3303 558 3379 cupiditatum
571 3303 706 3369 febribus,
721 3304 778 3359 otio
792 3312 880 3359 totum
894 3303 969 3359 diem
983 3302 1173 3377 indulgentes.

277 3404 328 3456 84.
353 3410 372 3436 ‘⁶
383 3401 568 3458 Excusantur
576 3402 774 3457 instauratores
787 3401 919 3468 sontium,
934 3403 1073 3475 pontium,
1085 3401 1193 3456 viarum
1208 3399 1333 3475 publica·

233 3516 310 3565 mm,
333 3508 362 3554 et
381 3499 518 3556 similium
542 3517 605 3570 qum
626 3518 734 3555 moram
764 3518 822 3555 non
849 3498 1024 3573 patiuntur.”
1067 3498 1108 3553 lta
1129 3498 1332 3554 Busembaum.

235 3595 370 3651 Sartores
385 3598 470 3653 etiarn
486 3598 535 3668 qui
549 3596 647 3652 diebus
668 3597 802 3673 profestis
822 3605 915 3652 vestes
938 3597 1073 3671 perficere
1086 3594 1159 3652 haud
1174 3605 1334 3670 potuerunt,

234 3704 412 3752 excusantur
426 3696 450 3751 si
464 3705 583 3769 urgeant
595 3696 711 3769 nuptiae,
722 3695 817 3760 sunus,
826 3694 871 3750 vel
880 3695 933 3751 alia
942 3694 1070 3766 quadarn
1078 3712 1159 3764 aequa
1168 3694 1333 3750 necessitas.

228 3791 423 3851 Excusantur
436 3811 537 3850 omnes
551 3793 600 3864 qui
613 3793 745 3850 feretrum
759 3792 874 3858 faciunt,
888 3792 935 3849 vel
953 3793 1045 3849 funeri
1058 3801 1192 3867 prestant
1204 3810 1332 3865 operam.

238 3889 391 3948 Tonsores
404 3909 463 3948 non
477 3901 660 3957 excusantur,
674 3891 729 3948 nisi
742 3891 860 3965 speciali
874 3890 968 3962 aliquo
981 3892 1011 3947 in
1031 3908 1108 3955 casu,
1122 3891 1169 3946 vel
1181 3908 1233 3964 per
1246 3888 1336 3946 modi·

238 4006 307 4046 cum
322 3998 435 4070 tempus
449 3989 586 4046 matutino
600 3999 737 4064 tempore,
751 3998 783 4047 ut
795 3989 830 4045 iis
845 3989 894 4059 qui
907 3989 1021 4046 sabbato
1035 3987 1168 4044 accedere
1181 4006 1242 4046 non
1257 3997 1335 4063 pote·

239 4095 316 4153 rant,
333 4088 521 4145 necessariam
536 4098 670 4162 prestent
679 4106 804 4164 operam.
832 4087 971 4162 Agricolae
985 4088 1090 4159 absque
1104 4086 1188 4161 eulpa
1201 4086 1338 4161 colligunt

635 4292 677 4355 (l)
697 4288 726 4339 L.
739 4307 782 4341 un·
793 4306 815 4340 c.
827 4289 857 4342 de
868 4295 930 4342 rent.
