2744 4980
408 389 466 449 DE
487 389 963 453 SECUNDOPRAEOEPTO.
1191 403 1230 459 79

143 555 247 613 debent.
289 553 423 612 Infideles
443 564 472 612 et
486 553 611 613 haeretici
631 555 698 614 fidei
719 558 856 634 mysteria
877 577 953 634 saepe
972 560 1064 617 verbis
1084 570 1230 621 contume-

142 655 214 711 liosis
234 662 359 710 tranent.
402 655 451 711 Sic
475 673 537 726 quae
557 665 656 712 ronna
674 655 884 714 Eucharistiam
898 658 1029 715 dicuntur
1041 659 1227 734 blasphemie

143 752 238 809 habent
250 753 406 809 rationem:
427 754 501 810 sicut
519 762 548 810 et
566 772 629 826 qnae
649 753 776 831 Virginis
796 755 927 831 Deiparae
948 755 1096 814 detrahunt
1114 759 1228 832 puritati

142 849 255 910 mnae.
299 850 424 909 Gravius
441 862 539 928 peccat
553 853 602 924 qui
622 853 716 911 Deum
737 853 881 926 loquendo
901 853 986 921 ledit,
1000 874 1085 927 quam
1099 857 1148 928 qui
1161 858 1226 915 Vir·

142 951 229 1025 ginem
243 949 417 1024 Deiparam:
439 950 491 1008 sed
504 960 532 1007 et
544 951 591 1008 hie
613 953 727 1026 gravius
750 971 836 1025 quam
856 954 905 1025 qui
918 963 1031 1011 sanctos
1045 953 1115 1013 alios
1129 957 1225 1013 minus

142 1059 294 1106 reverenter
319 1058 425 1106 uastat.
467 1050 580 1124 Saepius
603 1059 696 1107 autem
718 1050 775 1110 Dei
800 1050 892 1109 honor
917 1052 1003 1110 simul
1021 1051 1140 1122 laeditur,
1161 1073 1226 1113 cum

144 1150 225 1204 sancti
239 1148 443 1205 contumeliose
456 1149 644 1206 nominantur.

177 1250 222 1303 39.
257 1245 449 1321 Blasphemiae
473 1247 626 1319 aliquando
656 1266 693 1305 ex
714 1248 807 1306 subito
829 1250 916 1308 animi
937 1258 1015 1308 motu
1036 1252 1224 1326 proferuntur,

143 1346 204 1416 quin
216 1344 372 1402 advertatur
384 1364 487 1403 vocum
501 1364 623 1403 sensus:
644 1364 700 1418 qua
709 1349 817 1406 mdone
830 1350 959 1406 excusari
973 1358 1095 1424 potesta
1108 1358 1225 1425 peccato

141 1444 242 1499 mortali
263 1445 312 1515 qui
335 1463 383 1500 eas
411 1444 555 1520 inopinato
580 1437 707 1521 profert.¹
749 1446 808 1504 Sed
830 1448 855 1504 si
884 1447 948 1519 quis
967 1448 1166 1506 consuetudini
1186 1449 1224 1506 ita

140 1541 266 1613 loquendi
286 1541 444 1610 indulserit,
467 1554 597 1601 censetur
617 1562 719 1601 vocum
742 1546 800 1603 vim
821 1564 906 1603 nosse
929 1556 958 1602 et
979 1548 1109 1623 probare,
1134 1567 1223 1620 quum

139 1641 255 1717 negligat
280 1641 517 1699 consuetudinem
543 1642 714 1702 emendare:
745 1662 827 1702 secus
850 1645 876 1702 si
896 1663 960 1702 eam
978 1648 1175 1714 retractaverit,
1197 1656 1225 1703 et

138 1739 228 1797 tollere
242 1732 373 1797 nitatur.²

171 1843 221 1895 40.
243 1839 427 1914 Blasphemia
439 1840 469 1896 in
483 1840 621 1915 Spiritum
635 1840 772 1898 Sanctum
784 1841 950 1916 gravisdma
963 1850 1022 1898 est:
1038 1850 1057 1877 ‘⁶
1068 1843 1129 1899 sive
1144 1843 1223 1918 Spir-

133 1937 187 1994 itus
202 1938 326 1996 Sanctus
338 1938 497 2014 accipiatur,
512 1939 668 1997 secundum
683 1938 760 2012 quod
775 1949 819 1996 est
837 1957 943 1997 nomen
957 1941 1105 1998 essentiale
1119 1960 1223 2000 conve·

132 2037 210 2092 niens
226 2039 276 2095 toti
291 2037 430 2104 Trinitati‚
444 2039 526 2114 cujus
540 2039 673 2110 quaelibet
685 2057 806 2114 persona
819 2048 848 2096 et
860 2039 985 2114 Spiritus
996 2048 1048 2106 est,
1060 2050 1087 2096 et
1100 2042 1221 2098 Sanctus

130 2145 191 2192 est:
213 2136 273 2192 sive
286 2144 371 2212 prout
384 2147 428 2192 est
439 2155 545 2194 nomen
555 2137 701 2212 personale
714 2137 798 2194 unius
811 2138 841 2195 in
851 2137 991 2195 'l'rinitate
1001 2156 1140 2214 personae.
1182 2140 1223 2196 Et

129 2233 285 2292 secundnm
307 2234 364 2291 hoc
386 2233 567 2312 distinguitur
590 2236 720 2293 Matthaei
742 2235 812 2292 Xll.
835 2236 1012 2312 blasphemia
1033 2238 1064 2294 in
1084 2237 1222 2312 Spiritum

129 2333 265 2390 Sanctum
288 2342 385 2391 contra
405 2334 610 2410 blasphemiam
632 2336 662 2393 in
682 2335 788 2392 Filium
812 2334 945 2392 hominis.
988 2333 1121 2392 Christus
1142 2336 1219 2394 enirn

127 2432 293 2506 operabatur
316 2430 447 2505 quaedam
468 2433 639 2501 humanitus,
662 2431 848 2500 comedendo,
862 2432 994 2501 bibendo,
1008 2443 1037 2491 et
1055 2434 1109 2492 alia
1123 2433 1221 2510 hujus·

126 2530 208 2588 modi
230 2530 377 2597 laciendo;
397 2541 426 2588 et
447 2533 577 2604 quadam
602 2532 746 2598 divinitus,
769 2532 879 2589 scilicet
903 2531 1048 2590 demones
1068 2532 1219 2610 ejiciendo,

126 2641 255 2687 mortuos
268 2629 441 2698 suscitando,
455 2642 484 2687 et
502 2631 556 2688 alia
575 2630 755 2708 hujusmodi:
778 2649 841 2702 quae
864 2631 980 2703 quidem
1000 2633 1108 2707 agebat,
1123 2642 1152 2688 et
1170 2651 1222 2707 per

126 2729 259 2785 virtutem
272 2730 394 2806 propriae
408 2728 572 2798 divinitatis,
587 2740 614 2787 et
628 2749 678 2806 per
691 2729 886 2804 operationem
899 2730 1024 2804 Spiritus
1038 2730 1147 2795 Sancti,
1162 2748 1220 2800 quo

126 2827 285 2885 seeundum
298 2829 501 2886 humanitatem
514 2838 573 2885 erat
594 2829 728 2905 repletus.
769 2826 863 2884 Judaei
884 2837 976 2884 autem
996 2828 1089 2904 primo
1103 2826 1221 2899 quidem

126 2925 259 2984 dixerant
267 2928 471 3003 blasphemiam
486 2929 515 2984 in
525 2927 632 2985 Filium
641 2927 777 2994 hominis,
789 2944 855 2983 curn
865 2925 996 2983 dicebant
1004 2945 1070 2983 eum
1080 2944 1221 2993 voracem,

127 3036 286 3100 potatorem
307 3027 375 3093 vini,
390 3037 418 3083 et
439 3027 653 3103 publicanorum
674 3035 839 3092 amatorem,
862 3034 894 3082 ut
919 3024 1038 3082 habetur
1058 3025 1141 3083 Matt.
1164 3024 1218 3083 Xl.

127 3123 319 3184 Postmodum
342 3135 435 3184 autem
461 3125 729 3201 blasphemaverunt
754 3127 784 3182 in
810 3123 948 3199 Spiritum
974 3124 1124 3191 Sanctum,
1152 3123 1222 3181 dum

127 3241 290 3299 operaque
304 3226 365 3301 ipse
388 3228 554 3301 operabatur
574 3226 674 3281 virtute
698 3223 818 3298 propriae
842 3221 1004 3288 divinitatis,
1018 3232 1048 3278 et
1060 3240 1112 3296 per
1124 3238 1222 3296 opera-

128 3323 236 3380 tionem
263 3325 385 3400 Spiritus
411 3325 518 3390 Sancti,
545 3323 732 3380 attribuebant
763 3319 885 3395 principi
911 3316 1126 3376 daemouiomm.
1181 3318 1223 3374 Et

127 3435 243 3499 propter
256 3422 312 3480 hoc
326 3422 455 3481 dicuntur
469 3425 498 3481 in
518 3422 657 3498 Spiritum
679 3420 816 3476 Sanctum
835 3408 1098 3492 blasphemasse.'’³
1139 3424 1158 3451 ‘⁶
1170 3416 1222 3474 Di·

126 3523 200 3578 citur
212 3522 424 3580 irremissibile:
447 3539 505 3581 non
519 3520 595 3592 quod
608 3520 687 3577 nullo
701 3516 787 3575 modo
809 3517 975 3585 remittatur,
990 3515 1041 3574 sed
1055 3516 1122 3588 quia
1134 3535 1222 3588 quan·

127 3629 187 3680 tum
201 3631 246 3678 est
257 3619 293 3678 de
306 3639 348 3689 se,
362 3621 447 3678 habet
459 3621 592 3678 meritum
604 3629 636 3678 ut
648 3638 706 3677 non
719 3616 874 3675 remittatur
895 3657 902 3672 .
926 3657 933 3673 .
957 3657 964 3673 .
985 3615 1088 3674 dicitur
1100 3616 1223 3674 irremis-

128 3719 221 3786 sibile,
236 3719 395 3779 secundum
408 3738 491 3778 suam
504 3729 643 3786 naturam,
657 3718 686 3775 in
700 3725 835 3790 quantum
849 3713 975 3773 excludit
987 3734 1022 3774 ea
1041 3731 1092 3792 per
1114 3732 1178 3787 qnae
1191 3713 1224 3770 fit

127 3819 260 3878 remissio
274 3828 463 3894 peecatomm.
493 3819 552 3877 Per
563 3816 620 3875 hoc
633 3826 728 3875 tamen
740 3833 799 3873 non
812 3812 995 3892 praeluditur
1003 3815 1049 3872 via
1058 3808 1225 3871 remittendi

269 4023 312 4089 (t)
331 4023 395 4074 Vide
407 4023 433 4072 S.
443 4023 534 4074 Thoan.
547 4026 571 4070 2.
580 4023 625 4072 eae.
637 4036 680 4086 qu.
692 4020 744 4070 xiii.
755 4027 799 4070 nrt.
810 4019 836 4069 ii.
860 4016 904 4068 Ad
913 4016 1025 4070 tertium.

265 4110 309 4177 (2)
330 4108 421 4173 Mayol.
432 4109 525 4174 Erpos
536 4111 641 4173 aprico.
652 4115 697 4156 ert.
709 4107 735 4156 ii.

264 4196 307 4263 (3)
321 4196 348 4245 S.
359 4195 450 4247 Thom.
461 4194 485 4256 2,
497 4199 541 4246 te.
552 4209 594 4258 qu.
605 4192 656 4242 xiv.
671 4199 715 4241 nrt.
727 4191 744 4242 i.
779 4189 856 4258 Καρ.
