2766 4996
556 1147 698 1207 CAPUT
718 1150 772 1208 IX.

361 1372 364 1377 ·
422 1363 466 1400 DE
495 1363 643 1408 QUINTO
672 1362 899 1407 PRMEPTO.

575 1511 635 1560 Non
647 1512 748 1562 occides.

498 1674 513 1746 §
535 1673 558 1730 1.
581 1673 628 1731 De
650 1695 821 1733 nomc1o1o.

155 1839 204 1892 98.
228 1835 276 1892 Dn
297 1836 480 1892 animantium
501 1838 643 1894 occisione
664 1856 721 1893 non
735 1838 781 1894 hie
795 1839 839 1911 agi
859 1837 948 1908 liquot
968 1855 1005 1894 ex
1019 1854 1054 1893 eo
1078 1837 1156 1908 quod
1180 1840 1210 1898 in

118 1934 212 1989 cibum
227 1933 338 1989 homini
352 1953 485 1991 concessa
505 1935 608 1991 fuerint
628 1946 693 2010 post
712 1934 849 1992 dilnvium
862 1929 883 1990 :¹
907 1934 957 1991 sed
977 1943 1085 1991 vetatur
1104 1954 1139 1992 ne
1153 1937 1211 1994 vita

118 2031 251 2104 eripiatur
275 2031 391 2100 homini,
421 2034 530 2108 privata
556 2034 723 2109 cujusquam
756 2033 915 2091 voluntate:
947 2045 1070 2091 attamen
1096 2035 1210 2110 publiea

118 2130 277 2185 anctoritate
290 2130 374 2187 licere
389 2131 539 2202 aliquando
553 2142 672 2188 mortem
686 2132 799 2201 inserte,
823 2151 859 2189 ex
884 2133 1012 2208 plurimis
1034 2134 1106 2208 legis
1130 2154 1210 2193 sane·

120 2227 240 2284 tionibus
254 2247 317 2300 quae
332 2240 450 2285 mortem
461 2229 776 2298 inferendamstotumtt,
785 2231 962 2304 exploratum
970 2240 1021 2286 est.
1053 2231 1154 2288 Scelus
1168 2241 1212 2288 est

119 2325 351 2393 immanentem,
367 2346 452 2399 quam
466 2314 649 2394 dedit'Detm
664 2338 768 2386 temere
790 2328 906 2396 tollere3
928 2327 1004 2400 quod
1023 2338 1139 2403 augetur
1153 2349 1209 2402 quo

119 2424 165 2493 qui
179 2425 317 2482 occiditur
330 2427 421 2502 magis
436 2426 488 2483 suit
500 2427 644 2493 immine,
660 2436 687 2482 et
701 2427 871 2484 interfectori
880 2428 1016 2504 sanguine
1030 2428 1208 2502 conjunctus,

119 2522 161 2578 vel
183 2522 318 2598 dignitate
341 2535 369 2581 et
391 2526 490 2580 virtute
518 2525 643 2591 illustriet
668 2526 712 2582 vol
735 2527 803 2583 alins
830 2525 990 2600 reipublice
1017 2528 1203 2585 necessarius.

119 2621 204 2677 Abole
221 2623 328 2689 occiso,
351 2622 445 2680 Caino
468 2623 606 2697 flagitium
626 2624 805 2698 exprobravit
818 2623 917 2680 Deus:
940 2624 1036 2681 “Vox
1059 2626 1203 2700 sanguinis

119 2718 206 2775 fratris
221 2722 260 2777 tui
274 2720 377 2777 clamat
389 2720 424 2776 ad
438 2740 483 2778 me
498 2720 532 2776 de
548 2715 668 2777 torra.''²
709 2722 749 2778 Ut
765 2722 895 2778 homines
914 2731 1019 2779 atanto
1029 2722 1148 2779 crimine
1163 2724 1209 2779 ab·

118 2816 270 2885 horrerent,
286 2821 374 2876 vetuit
386 2819 467 2877 Deus
483 2819 548 2876 Noe
562 2828 589 2876 et
602 2821 664 2895 ejus
678 2821 798 2895 posteris
818 2839 854 2876 ne
874 2838 905 2875 ee
926 2818 1110 2875 animantium
1131 2828 1209 2895 pote·

117 2926 175 2972 rent
189 2918 337 2993 sanguine,
353 2919 507 2990 mortisque
521 2937 634 2993 poenam
649 2917 733 2975 endis
745 2918 800 2974 reis
815 2916 976 2973 intentavit:
1000 2916 1211 2991 “Quicumque

118 3013 248 3072 effuderit
257 3016 414 3074 humanum
425 3016 603 3091 sanguinem,
615 3016 747 3074 fundetur
756 3017 870 3092 sanguis
881 3009 1005 3073 illiue.’'³
1044 3013 1116 3073 Haec
1127 3035 1212 3092 poena

119 3114 245 3170 omnium
259 3115 316 3171 fere
330 3117 455 3191 gentium
465 3114 575 3190 legibus
586 3116 767 3188 moribusque
778 3116 984 3190 comprobatur,
996 3115 1106 3185 quoties
1118 3114 1210 3172 caedeu

80 3220 86 3233 ·
119 3229 153 3267 ex
168 3213 274 3287 praevio
288 3215 406 3271 consilio
420 3223 524 3290 patmta
538 3224 599 3280 est;
620 3232 730 3270 earcere
748 3213 889 3279 diuturn0,
904 3213 949 3269 vel
970 3211 1024 3268 alia
1046 3210 1210 3288 hujusmodi
1233 3252 1236 3259 .

119 3328 210 3384 poena,
226 3310 334 3368 eoedem
348 3312 383 3369 de
397 3332 453 3384 qua
472 3312 566 3369 minus
580 3310 763 3367 deliberatum
777 3320 819 3367 ost
832 3305 989 3366 manente!
1029 3308 1211 3376 Mandatum,
1235 3290 1256 3331 ⁸

119 3407 899 3485 adjuvantemoteonsulenteseademplectunturpoena.
942 3405 1212 3465 Excommunioatio

120 3517 212 3565 autem
227 3508 313 3565 fertur
326 3510 354 3566 in
368 3528 434 3566 eum
449 3510 497 3582 qui
512 3505 671 3565 infidelibus
686 3506 800 3565 mandat
812 3516 844 3563 ut
855 3505 1001 3564 hominem
1016 3504 1212 3566 Christianum

119 3606 258 3673 occidant,
274 3608 366 3680 iisque
378 3609 526 3685 pollicetur
538 3599 726 3664 mercedem.⁵

154 3779 195 3843 (Ι)
217 3779 280 3829 Gen.
292 3781 325 3830 ix.
336 3783 359 3830 ³.
512 3781 553 3845 (2)
573 3780 672 3840 ibidem,
684 3780 716 3828 iv.
731 3783 769 3829 10.
933 3781 974 3845 (3)
994 3781 1095 3837 ibidem.
1108 3779 1142 3827 ix.
1155 3781 1177 3827 6.

154 3863 196 3927 (4)
216 3872 230 3894 “
239 3866 281 3914 All
294 3866 391 3915 murder
403 3864 483 3913 which
495 3864 557 3914 shall
569 3866 597 3913 be
609 3865 762 3928 perpetuated
773 3866 804 3927 by
816 3865 940 3913 menoses
954 3864 1049 3927 poison.
1061 3878 1088 3909 or
1100 3864 1131 3923 by
1146 3862 1214 3923 dying

120 3946 144 3994 in
162 3948 228 4006 wait,
240 3965 267 3996 or
278 3951 309 4012 by
322 3966 370 4013 any
389 3949 460 3998 other
470 3949 530 3997 kind
548 3949 576 3997 of
590 3949 674 4008 witon,
691 3948 819 3997 deliberate
837 3949 884 3996 ond
897 3944 1068 4010 premediteted
1081 3943 1177 4002 kitting.
1189 3959 1216 3994 or

120 4031 199 4080 which
212 4033 274 4082 shall
286 4035 315 4082 be
326 4033 467 4083 committed
481 4033 506 4082 in
519 4032 560 4081 the
568 4032 727 4095 perpetretion
739 4048 766 4080 or
778 4040 879 4093 attempt
895 4038 920 4077 to
932 4034 1067 4090 perpetrate
1079 4042 1128 4089 any
1137 4042 1216 4087 emon,

120 4131 184 4179 rupe,
196 4119 305 4181 robbery,
323 4134 350 4167 or
367 4119 489 4181 burglnry,
501 4118 562 4165 shall
575 4119 603 4165 be
615 4115 714 4165 deemed
732 4116 829 4165 murder
843 4115 873 4164 of
884 4114 925 4162 the
938 4113 988 4161 tim
1007 4112 1093 4174 degree
1103 4129 1110 4160 ι
1122 4112 1170 4162 end
1182 4115 1214 4163 dt

121 4201 189 4250 other
207 4203 280 4252 kinds
292 4203 320 4252 of
334 4203 430 4253 murder
448 4201 510 4252 eboli
528 4203 557 4248 be
576 4200 677 4249 deemed
694 4199 831 4248 morderes
845 4198 885 4247 the
902 4197 991 4246 second
1003 4197 1215 4262 degree-Evam

120 4301 216 4350 person,
226 4288 304 4352 guilty
317 4288 348 4337 os
362 4288 460 4336 murder
471 4287 497 4335 in
510 4285 551 4333 the
561 4284 614 4333 first
624 4284 718 4345 degree,
729 4282 791 4332 eheu
801 4282 876 4333 suffer
886 4281 982 4334 deoth.”
1016 4282 1091 4333 Low·
1102 4283 1131 4333 of
1137 4282 1218 4333 Penn-

121 4370 242 4433 uytvenia,
254 4371 347 4433 Digeet.
360 4379 403 4420 ert.
416 4369 530 4420 Morder.

160 4453 201 4518 (ε)
216 4434 252 4504 'o
264 4455 312 4505 no
324 4456 434 4513 numan.
445 4454 475 4504 n
486 4453 620 4504 nominoio
631 4452 658 4501 tn
668 4454 691 4500 e.
