2744 4980
137 428 196 481 aar
316 421 373 478 oa
395 418 660 476 ronausraus
680 396 1055 489 arvernenses.

139 584 309 641 Cavendum
333 585 418 639 etiam
438 597 475 638 ne
492 579 653 638 mercedem
675 578 890 655 ampliorem&
902 595 991 650 quam
1005 576 1103 634 statuit
1114 578 1170 645 lex,
1185 581 1222 636 vel

138 680 313 738 consuetudo
327 689 449 753 recepta,
464 679 599 752 exigant:
615 695 682 734 nam
691 693 829 734 excessus
839 674 1030 735 restituendus
1043 674 1126 742 foret,
1134 684 1222 751 utpote

139 798 205 835 euni
225 778 329 852 injuria
348 775 440 833 dantis
461 783 588 831 exactus.
631 775 719 832 Varia
741 782 809 831 sunt
827 772 994 832 officialium
1015 771 1225 849 publicomner

139 876 297 934 forensium
311 875 438 940 nomina,
453 872 652 946 varianturque
666 873 772 940 munia,
787 891 839 948 pro
851 873 982 930 locomm
996 870 1168 930 diversitate.

183 978 250 1030 142.
266 972 406 1031 Referens
417 971 518 1029 dicitur
531 974 579 1044 qui
593 974 647 1030 sub
655 970 785 1028 tribunali
792 969 895 1028 sedens
902 970 1025 1028 breviter
1034 977 1114 1026 notat
1120 979 1147 1026 et
1157 970 1231 1028 refert

141 1091 204 1143 quae
225 1090 242 1126 a
264 1072 380 1129 testibus
401 1070 543 1137 dicuutur,
563 1071 609 1129 vel
629 1089 692 1144 qua
712 1068 867 1126 afferuntur
886 1071 1087 1133 instrumenta,
1103 1076 1131 1123 et
1146 1085 1229 1125 eausa

140 1170 249 1234 merita,
272 1181 303 1226 ut
318 1169 458 1245 judicium
480 1169 594 1226 feratur.
637 1170 743 1226 Peccat
762 1176 857 1225 autem
879 1169 904 1224 si
926 1185 978 1224 sua
991 1165 1176 1242 negligentia,
1190 1166 1231 1221 uel

142 1268 265 1333 inscitia,
280 1267 324 1323 vel
338 1267 458 1341 partium
472 1265 577 1333 studio,
591 1265 697 1339 aliquid
711 1267 805 1322 minus
819 1275 949 1322 accurate
961 1263 1077 1321 referat.

185 1369 251 1421 143.
267 1365 441 1420 Secretarius
451 1364 645 1439 jurameutum
656 1365 805 1428 ministrat,
816 1363 1003 1421 instrumenta
1015 1363 1074 1419 litis
1089 1362 1119 1419 in
1132 1363 1234 1419 scrinio

140 1473 243 1527 servat,
263 1461 370 1536 judicis
393 1463 563 1519 sententiam
584 1461 752 1527 transcribit,
777 1470 806 1516 et
825 1460 987 1519 authentica
1007 1459 1092 1517 tradit
1114 1461 1233 1535 partibus

141 1559 320 1617 documenta.
363 1559 470 1616 Fidelis
484 1559 521 1615 sit
540 1569 569 1616 et
582 1566 727 1616 accuratus
741 1567 860 1634 oportet,
882 1568 911 1615 et
923 1559 1037 1630 utrique
1056 1556 1235 1615 contendenti

144 1676 254 1730 aequus.

186 1760 252 1812 144.
275 1755 442 1813 Procurator
455 1756 566 1814 clientis
580 1758 625 1813 sui
638 1757 752 1814 nomine
766 1767 920 1831 comparet,
935 1765 965 1814 et
977 1756 1076 1813 omnia
1089 1766 1169 1830 parat
1180 1754 1236 1811 litis

143 1857 340 1921 instrumenta,
355 1856 457 1926 quibus
471 1854 623 1913 advocatus
637 1855 728 1930 possit
740 1871 800 1911 rem
814 1872 922 1930 gerere.
965 1853 1053 1930 Apud
1076 1870 1130 1910 nos
1158 1851 1240 1908 advo·

144 1964 223 2011 catus
233 1954 332 2029 junior
344 1952 406 2010 hac
419 1954 478 2011 obit
491 1956 596 2020 munia,
611 1965 639 2010 et
657 1962 807 2024 utrumque
821 1972 926 2011 munus
939 1951 1047 2011 ideirco
1060 1950 1140 2009 idem
1155 1951 1238 2008 habe·

146 2062 198 2108 tur.
242 2053 314 2118 Quae
328 2051 412 2127 igitur
425 2050 460 2108 de
473 2050 610 2110 advocato
623 2051 697 2109 dicta
710 2061 785 2116 sunt,
797 2052 971 2127 procuratori
979 2053 1065 2108 etiam
1081 2068 1240 2107 accommo-

145 2148 205 2206 dari
217 2159 346 2225 possunt.

189 2252 255 2307 145.
278 2248 376 2305 Scriba
396 2247 530 2322 pleraque
543 2249 616 2325 apud
631 2267 684 2307 nos
697 2250 882 2307 instrumenta
892 2249 1017 2314 conficit,
1032 2234 1242 2320 quibus‘lerum

147 2348 303 2421 proprietas
318 2345 508 2414 transferatur,
523 2348 569 2405 vel
589 2348 652 2420 quis
673 2346 707 2404 ad
728 2347 835 2420 aliquid
856 2345 1048 2423 prestandum
1069 2364 1102 2403 se
1124 2345 1237 2420 obliget.

66 2450 71 2457 '
148 2442 244 2500 Debet
256 2446 341 2519 igitur
354 2444 456 2501 callere
477 2445 614 2504 rationem
638 2464 671 2502 ea
693 2444 862 2503 conficiendi
885 2454 916 2502 ut
933 2444 997 2521 lege
1011 2443 1136 2509 valeant,
1150 2453 1179 2499 et
1191 2461 1241 2517 pro

146 2558 224 2596 more
238 2541 360 2615 diligens
374 2542 409 2596 de
425 2542 504 2598 titulo
518 2544 663 2599 instituere
677 2561 798 2600 examen
812 2544 842 2600 in
855 2543 967 2600 seriniis
981 2542 1118 2618 publicis,
1134 2551 1164 2596 ut
1177 2558 1240 2597 nos-

146 2648 223 2695 catur
236 2650 330 2695 utrum
343 2639 468 2695 exomni
482 2651 558 2712 parte
573 2639 682 2695 validus
696 2642 743 2696 sit.

190 2740 256 2793 146.
279 2735 419 2801 Tabellio,
436 2752 486 2791 seu
501 2737 636 2804 notarius,
651 2755 765 2812 operam
785 2739 941 2813 praesertim
965 2736 1108 2812 impendit
1121 2738 1240 2793 cambia·

146 2833 221 2890 libus
242 2833 496 2911 praesentandis·ut
514 2844 695 2910 acceptentur
716 2845 745 2891 et
763 2837 917 2903 solvantur,
938 2847 967 2893 et
986 2834 1238 2912 protestationem

149 2930 299 3004 facitque
314 2932 455 3007 publicam
468 2931 678 3000 obtinetfidem,
688 2950 721 2990 ea
733 2952 792 2991 non
801 2934 889 2991 fuisse
904 2943 1059 3010 acceptata,
1071 2934 1118 2990 vel
1128 2931 1240 2992 soluta.¹

148 3027 220 3084 Haec
234 3032 398 3104 protestatio
411 3032 535 3105 exigitur
554 3030 668 3103 quando
681 3030 715 3087 de
738 3033 863 3090 externis
883 3032 1070 3090 cambialibus
1093 3034 1196 3107 agitur,
1208 3043 1238 3086 ιιι

148 3126 182 3181 lis
203 3125 339 3202 deinceps
359 3129 411 3184 rite
432 3122 625 3185 instituatur:²
649 3138 766 3187 externa
785 3141 878 3188 autem
899 3131 1068 3205 plerumque
1089 3141 1238 3188 censentur

149 3241 211 3295 quae
227 3227 318 3284 acive
332 3226 452 3302 alicujus
467 3227 563 3284 Status
578 3225 613 3283 ad
627 3227 717 3285 civem
737 3228 766 3286 in
790 3229 877 3286 altero
900 3230 979 3285 Statu
1001 3241 1166 3286 versantem
1178 3229 1239 3286 diri·

149 3319 278 3397 ςιιιιιιιι.3
304 3325 339 3383 ln
351 3324 506 3382 Louisiana
519 3326 643 3386 notarius
658 3326 772 3384 conficit
785 3336 965 3385 testamenta:
981 3337 1009 3384 et
1022 3327 1130 3398 ubique
1145 3328 1239 3385 instm·

184 3580 194 3638 (
201 3578 225 3637 l)
245 3586 259 3606 “
269 3578 324 3625 The
337 3578 465 3627 certificate
474 3579 502 3627 of
515 3595 530 3627 a
541 3579 633 3639 foreign
646 3586 739 3642 notary,
751 3579 830 3628 under
841 3579 880 3628 bis
888 3578 954 3628 band
966 3579 1015 3627 and
1027 3579 1078 3626 seal
1090 3577 1120 3627 of
1133 3578 1208 3634 office,
1217 3577 1243 3625 of

149 3658 189 3707 tha
204 3668 369 3721 presentment
380 3664 410 3724 by
424 3663 476 3711 him
488 3664 517 3711 of
524 3680 538 3711 a
550 3663 590 3711 bill
603 3679 630 3713 or
642 3671 706 3721 note,
719 3664 754 3712 for
766 3674 908 3728 acceptanee
919 3679 946 3713 or
961 3671 1089 3727 payrneut,
1102 3661 1153 3713 and
1166 3662 1193 3710 of
1205 3661 1240 3710 bis

148 3752 237 3807 protest
250 3744 345 3793 thereos
359 3745 394 3792 for
405 3755 609 3810 non-acceptance
625 3764 652 3795 or
663 3758 850 3813 non-pryment,
862 3750 883 3798 ia
902 3749 1008 3798 received
1028 3750 1055 3798 in
1065 3749 1096 3798 all
1109 3758 1197 3806 courts,
1211 3749 1240 3809 by

148 3828 189 3876 the
202 3845 275 3890 usage
289 3830 336 3878 aud
349 3830 425 3878 under
441 3830 484 3879 the
501 3840 612 3894 courtesy
630 3833 659 3880 of
676 3834 780 3889 natione,
792 3851 819 3882 as
843 3832 1005 3899 presumptive
1026 3833 1145 3882 atidenee
1163 3832 1191 3881 of
1203 3833 1240 3882 tbe

148 3912 218 3961 fact.”
254 3914 341 3963 Kent's
352 3917 448 3964 Comm.
461 3917 508 3965 vol.
519 3915 552 3965 iii.
563 3916 607 3965 lec.
619 3917 677 3966 xliv.
689 3933 714 3966 a.
722 3920 763 3976 94,
780 3928 844 3967 nota

184 4000 223 4057 (2)
237 3999 337 4050 Ibidem.

184 4083 226 4144 (³)
247 4081 300 4129 “ln
313 4081 459 4132 Buclrnere.
472 4085 559 4148 Finley
573 4085 599 4132 dr
612 4085 668 4134 Van
686 4084 756 4143 Lear,
768 4089 784 4132 2
797 4082 888 4133 Peters'
909 4083 942 4133 U.
959 4083 985 4131 S.
1006 4083 1067 4146 Rap.
1089 4081 1147 4139 586,
1161 4081 1179 4129 lt
1194 4094 1240 4127 was

146 4165 253 4224 decided,
271 4165 323 4214 tlrat
334 4167 388 4216 billa
400 4168 430 4218 of
437 4168 563 4230 exchange
572 4170 656 4220 drawn
673 4171 699 4218 in
711 4185 758 4219 one
770 4177 839 4229 state,
849 4184 881 4218 ou
894 4184 997 4233 parumn
1009 4167 1087 4229 living
1098 4167 1125 4216 iu
1138 4163 1239 4222 another,

147 4263 210 4298 were
222 4258 247 4299 to
259 4252 288 4300 be
297 4253 386 4301 treated
400 4270 426 4301 as
434 4255 528 4316 foreign
539 4253 618 4304 bills.''
654 4254 754 4304 Ibidem.
