2744 4980
1034 118 1060 151 ‘tt

738 110 741 116 ⁵
833 172 865 251 a

251 409 309 468 nn
330 405 625 469 rnocironun
646 392 986 472 warmannus(
1091 416 1164 481 aar

60 574 206 639 suasione,
226 576 450 649 cooperatione,
470 573 586 641 auxilio,
599 592 751 642 consensu,
765 575 870 645 farore,
883 575 1056 646 laudatione,
1068 596 1157 657 prava

59 673 201 740 doctrina,
215 674 359 750 exemplo,
373 687 403 732 et
414 674 542 732 silentio:
564 674 614 746 qui
634 676 711 734 enim
725 675 812 733 alium
831 675 928 748 aliquo
941 677 1153 835 ραοωᾳο·

60 770 184 831 candum
198 782 287 849 urget,
302 772 347 830 vel
360 771 426 831 dum
440 772 522 830 debet
531 773 663 832 resistere
676 774 750 841 silet,
764 775 905 851 particeps
915 775 1044 834 criminis
1083 776 1153 836 eritd

60 870 189 929 habetur.

99 974 152 1027 25.
174 969 313 1028 Graviora
325 983 392 1028 eunt
410 980 527 1045 peccata
545 989 609 1042 quae
631 971 800 1031 deliberante
820 973 917 1032 animo
936 973 1085 1032 admittunt
1105 976 1154 1046 qui

59 1078 198 1143 praestant
210 1071 320 1137 virtute,
336 1070 381 1127 vel
399 1068 552 1146 dignitate;
573 1089 639 1155 nam
659 1071 770 1130 facilius
790 1082 899 1144 queunt
917 1075 1047 1131 resistere
1066 1082 1154 1131 tenta·

59 1167 143 1232 tioni,
167 1177 196 1225 et
217 1168 307 1243 magis
334 1178 448 1235 nocent,
462 1187 549 1244 pravo
572 1169 716 1247 exemplo.
758 1169 906 1245 “Duplex
929 1182 973 1229 est
993 1181 1151 1246 peccatum.

59 1265 213 1331 Quoddam
226 1266 303 1323 enim
316 1285 353 1323 ex
366 1267 542 1342 surreptione
553 1269 681 1342 provenit
690 1278 805 1343 propter
817 1269 1008 1328 infirmitatem
1023 1269 1153 1328 humanm

59 1374 183 1422 nature:
206 1375 235 1422 et
247 1364 470 1449 talepeecatum
489 1365 583 1422 minius
603 1367 755 1441 imputatur
771 1367 799 1424 ei
819 1369 869 1438 qui
888 1376 932 1425 cst
949 1368 1041 1443 major
1054 1369 1084 1426 in
1098 1370 1152 1426 vir·

59 1474 129 1529 tute,
150 1482 187 1521 eo
206 1462 283 1536 quod
302 1465 396 1522 minus
419 1464 539 1540 negligit
560 1463 727 1540 hujusmodi
750 1475 865 1540 peccata
884 1467 1057 1543 reprimere:
1089 1485 1152 1538 que
1219 1476 1231 1487 '

60 1572 155 1620 tmnen
168 1563 287 1621 omnino
299 1562 493 1640 subterfugere
506 1555 653 1622 infirmitas
673 1563 797 1622 humana
815 1583 874 1622 non
886 1566 962 1623 sinit.
1004 1565 1069 1623 Alia
1082 1563 1151 1623 rard

58 1671 177 1736 peccata
189 1662 257 1720 sunl
266 1662 304 1721 bx
316 1660 516 1720 deliberatione
530 1662 732 1738 procedentia3
752 1671 782 1720 et
801 1663 855 1720 ista
873 1673 991 1739 peccata
1004 1672 1080 1720 tanto
1093 1682 1151 1721 ma·

58 1760 103 1836 gis
117 1760 203 1819 aliem
216 1760 389 1837 iraurutantur
402 1770 507 1832 quanto
521 1763 612 1838 major
631 1772 684 1819 est.
725 1762 766 1820 Et
778 1761 834 1819 hoc
845 1773 941 1839 potest
958 1780 1023 1819 esse
1036 1772 1151 1838 propter

59 1870 192 1931 quatuor.
233 1859 332 1918 Primo
345 1858 462 1931 quidem
476 1861 542 1932 quia
554 1860 664 1921 facilius
678 1868 801 1936 possunt
813 1862 944 1918 resistere
963 1870 1081 1937 peccato
1093 1879 1151 1917 ma·
1324 1888 1348 1933 ff

55 1959 148 2035 jem,
162 1969 231 2035 puta
243 1959 293 2031 qui
305 1957 448 2018 excedunt
467 1960 628 2018 inscientia
647 1969 675 2016 et
693 1959 814 2017 virtute:
836 1960 913 2027 unde
926 1960 1071 2019 Dominus
1084 1957 1152 2016 dicit

60 2056 134 2116 Luc.
149 2058 200 2116 xii.
215 2057 291 2129 quod
312 2065 431 2117 ‘servus
444 2059 539 2118 sciens
546 2059 720 2117 voluntatem
730 2057 839 2117 domini
851 2061 906 2128 eui,
921 2068 950 2117 et
962 2077 1021 2119 non
1033 2058 1151 2124 iaciens,

59 2157 152 2234 plagis
166 2155 308 2232 vapulabit
320 2156 437 2229 multis!
464 2156 597 2216 Secundd
612 2168 728 2234 propter
735 2157 974 2235 ingratitudinem,
988 2159 1056 2230 quia
1068 2174 1153 2253 omps

60 2256 180 2324 boum
193 2272 252 2327 quo
263 2255 367 2328 aliquis
387 2257 592 2333 magnificatur,
612 2265 656 2314 est
675 2256 732 2316 Dei
752 2255 935 2326 beneficium,
956 2256 1004 2313 cui
1022 2252 1155 2312 homo'fit
1215 2242 1260 2329 Ο

61 2356 188 2430 ingratus
202 2352 366 2430 peccando:
388 2363 416 2411 et
429 2366 564 2426 quantum
584 2354 619 2412 ad
639 2355 695 2413 hoc
714 2354 849 2428 quaelibet
866 2355 1012 2434 majoritas
1025 2354 1110 2410 etiam
1124 2352 1153 2409 in

61 2451 263 2529 ancoralibus
276 2453 359 2510 bonis
379 2464 527 2529 peecatum
546 2463 696 2532 aggravat:
718 2451 892 2513 ‘secundum
905 2452 975 2512 illud
995 2451 1149 2528 Sapientia

61 2551 113 2611 Vl.
136 2550 289 2609 ‘Potentes
303 2562 433 2627 potenter
446 2561 585 2612 tormenta
602 2552 764 2629 patiantur?
806 2551 906 2611 Tertid
926 2561 1041 2629 propter
1061 2550 1152 2627 speci·

60 2650 134 2709 elem
144 2650 360 2726 repugnantiam
373 2660 452 2708 actus
465 2653 574 2726 peccati
591 2650 627 2710 ad
645 2652 870 2728 magnitudinem
890 2669 1029 2728 personae.
1070 2651 1153 2708 Sicut

60 2751 85 2807 si
97 2750 233 2826 princeps
242 2749 380 2825 justitiam
394 2747 489 2817 violet,
500 2753 549 2823 qui
562 2751 678 2827 ponitur
686 2749 803 2826 justitia
814 2760 925 2809 custos:
941 2751 1006 2807 etsi
1020 2749 1152 2808 sacerdos

59 2847 227 2916 fornicetur,
241 2849 291 2920 qui
311 2828 470 2906 castitatem
490 2842 578 2908 vovit'.
620 2845 729 2914 Quarti
750 2851 872 2924 propter'
889 2848 1068 2924 exemplum,
1088 2849 1151 2906 sive

59 2946 244 3007 scandalum:
260 2948 328 3019 quia
340 2957 372 3004 ut
382 2945 541 3024 Gregorius
552 2947 622 3006 dicit
634 2949 665 3006 in
675 2947 826 3015 Pastorali,
840 2950 871 3006 in
885 2947 1051 3024 exemplum
1066 2947 1151 3024 culpa

60 3047 247 3105 vehementer
259 3045 432 3115 extenditur,
447 3046 562 3120 quando
582 3066 634 3124 pro
653 3048 813 3105 reverentia
832 3047 935 3123 gradus
954 3057 1086 3124 peccator
1100 3046 1151 3105 ho·

58 3158 183 3205 noratur.
226 3144 272 3203 Ad
285 3146 410 3221 plurium
424 3148 508 3206 etiam
518 3148 647 3206 notitiam
657 3148 827 3224 perveniunt
840 3157 957 3223 peccata
969 3163 1149 3222 magnorum,

58 3256 88 3303 et
101 3246 194 3321 magis
209 3245 340 3304 homines
353 3263 388 3301 ea
400 3245 516 3323 indigne
537 3241 678 3305 lerunt.'’¹
720 3244 765 3301 De
784 3247 910 3321 peccatis
933 3244 1063 3302 fidelium
1083 3241 1152 3300 dicit

28 3335 32 3339 ⁹
58 3345 92 3402 S.
108 3344 258 3404 Thomas:
282 3343 434 3403 “Ceteris
448 3348 563 3421 paribus
573 3345 685 3421 gravius
696 3355 795 3419 peccat
807 3342 900 3401 fidelis
914 3361 1002 3415 quam
1013 3340 1149 3407 infidelis,

59 3457 119 3503 turn
134 3453 248 3520 propter
260 3445 387 3502 notitiam
400 3446 524 3504 veritatis
545 3463 582 3502 ex
601 3442 668 3509 fide,
689 3450 748 3499 tum
763 3451 878 3518 propter
890 3451 1077 3508 sacramenta,
1091 3440 1151 3513 qui·

59 3544 112 3600 bus
126 3554 171 3601 est
182 3544 316 3609 imbutus,
331 3544 434 3616 quibus
448 3542 592 3619 peccando
605 3542 812 3600 contumaciam
827 3534 941 3600 lacit.”²

98 3645 149 3698 26.
171 3641 324 3700 Peccatum
338 3643 452 3718 gravius
472 3643 505 3700 fit
522 3661 573 3719 pro
591 3641 698 3700 ratione
713 3659 841 3717 persone
855 3642 885 3699 in
898 3660 984 3713 quam
997 3648 1150 3716 peccatur;

59 3741 109 3812 qui
124 3742 200 3798 enim
215 3740 338 3812 aliquem
354 3741 418 3798 Deo
432 3741 554 3799 dicatum
566 3740 653 3808 ladit,
668 3740 733 3798 Deo
747 3741 801 3816 ipsi
816 3740 926 3799 videtur
939 3740 1063 3815 irrogare
1078 3738 1150 3812 inju-

57 3838 149 3896 riam:
172 3841 220 3912 qui
238 3840 363 3912 aliquem
385 3841 523 3915 sanguine
543 3842 726 3918 conjunctum
744 3840 839 3904 violat,
862 3848 966 3895 naturae
985 3839 1051 3913 jura
1074 3851 1153 3909 sper·

57 3955 127 3995 nere
143 3939 328 3997 convincitur.
371 3937 449 3995 Hinc
480 3940 540 3996 “in
566 3957 645 3995 sacra
664 3938 810 4012 Scriptura
830 3935 992 4012 specialiter
1012 3934 1152 4007 vitupera·

57 4047 104 4094 tur
129 4048 287 4114 peccatum,
309 4036 386 4110 quod
409 4046 506 4094 contra
530 4055 626 4094 servos
651 4036 707 4093 Dei
728 4035 926 4092 committitur:
955 4033 1028 4089 sicut
1050 4028 1151 4087 dicitur

264 4246 289 4308 (l
296 4258 306 4308 )
321 4243 346 4294 S.
359 4241 449 4292 Thom.
466 4247 486 4290 l.
498 4246 522 4291 2.
534 4259 575 4306 qu.
585 4242 663 4291 lxxiii.
673 4250 716 4291 art.
728 4257 751 4290 x.
763 4239 837 4307 Κεφ

265 4329 308 4393 (2)
322 4332 346 4377 2.
356 4325 380 4375 2.
392 4343 433 4390 qu.
446 4344 470 4377 x.
481 4335 525 4377 art.
537 4328 570 4377 iii.
581 4325 617 4376 ad
626 4325 738 4377 tertium.
1181 4266 1292 4698 Δ
