2766 4996
259 1335 680 1439 THEOLOGIA
732 1339 1069 1432 MORALIS.

549 2032 804 2096 PROOEMIUM.

173 2264 198 2315 l.
220 2247 405 2319 Tnaoaoom
428 2262 548 2321 Moralis
569 2262 724 2340 appellatur
751 2278 861 2317 morum
889 2259 1037 2337 disciplina
1057 2278 1093 2317 ex
1113 2259 1216 2320 divinis

130 2357 308 2414 documentis
319 2357 450 2418 derivata.
486 2362 562 2428 Quid
573 2380 656 2439 agere
670 2359 831 2426 debeamus,
841 2359 984 2431 quomodo
997 2378 1090 2417 mores
1105 2371 1216 2418 nostros
1334 2350 1339 2357 ’

131 2474 302 2531 componere
316 2468 454 2533 oporteat,
468 2459 564 2519 docuit
576 2479 628 2518 nos
643 2459 723 2517 Deus
736 2476 794 2516 non
809 2467 914 2515 tantum
928 2458 1034 2552 lumine
1047 2461 1135 2516 menti
1153 2461 1215 2516 inti·

130 2555 204 2611 mius
214 2554 376 2631 affulgente,
386 2558 436 2614 sed
445 2561 593 2635 praeceptis
602 2559 701 2636 primis
709 2557 870 2615 hominibus
880 2555 960 2624 datis,
970 2567 998 2614 et
1006 2557 1069 2634 lege
1081 2559 1109 2614 in
1121 2568 1215 2614 moute

131 2654 210 2710 Sinai
234 2653 298 2721 lata,
319 2667 347 2711 et
372 2656 501 2731 plurimis
528 2677 590 2730 quae
613 2656 745 2714 Christus
772 2654 915 2712 Dominus
936 2655 1055 2713 tradidit.
1110 2654 1216 2722 “Quia

131 2751 249 2818 h0m0,”
265 2753 356 2825 inquit
367 2754 399 2810 S.
411 2754 551 2824 Thomas,
567 2755 738 2815 “ordinatur
754 2754 885 2811 adfinem
903 2753 1080 2810 beatitudinis
1095 2764 1215 2818 aeteruae,
1287 2762 1297 2787 ·

129 2868 192 2920 quae
206 2850 318 2908 excedit
330 2855 540 2929 proportionem
555 2855 686 2913 naturalis
700 2853 837 2910 facultatis
850 2852 991 2917 humana,
1011 2850 1073 2909 ideo
1088 2868 1216 2908 necessa·

129 2949 201 3005 num
216 2948 277 3016 suit,
286 2961 317 3007 ut
330 2969 416 3026 supra
428 2952 520 3029 legem
535 2952 687 3012 naturalem
703 2961 731 3008 et
739 2952 891 3008 humanam
906 2949 1070 3026 dirigeretur
1082 2952 1166 3009 etiam
1180 2950 1216 3007 ad

129 3065 212 3104 suum
224 3048 309 3105 finem
324 3049 387 3126 lege
400 3050 533 3108 divinitus
548 3053 619 3110 data.
642 3050 784 3118 Secundo,
794 3050 860 3122 quia
870 3058 984 3126 propter
992 3049 1216 3108 incertitudinem

128 3144 245 3203 humani
254 3146 365 3222 judicii,
380 3150 521 3226 praecipue
535 3151 570 3209 de
593 3152 675 3208 rebus
697 3149 930 3225 contingentibus,
946 3157 974 3204 et
994 3148 1215 3224 particularibus,

128 3246 266 3319 contingit
287 3243 322 3302 de
342 3248 601 3308 actibus'humanis
629 3248 802 3307 diversorum
824 3246 934 3304 diversa
953 3265 1016 3303 esse
1039 3246 1157 3321 judicia,
1179 3262 1215 3299 ex

129 3341 233 3411 quibus
247 3344 331 3400 etiam
344 3343 461 3404 diverse
475 3358 504 3404 et
516 3348 660 3404 contrariae
683 3347 761 3419 leges
782 3342 945 3423 procedunt.
989 3342 1030 3400 Ut
1048 3360 1115 3418 ergo
1129 3340 1216 3399 homo

105 3515 111 3523 Ι
128 3439 236 3511 absque
250 3442 328 3498 omni
341 3441 511 3503 dubitatione
533 3446 605 3502 scire
626 3443 717 3520 possit
738 3440 805 3515 quid
829 3441 855 3497 ei
879 3439 915 3497 sit
936 3440 1086 3517 agendum,
1107 3439 1216 3513 etquid

130 3537 283 3606 vitandum,
304 3543 495 3600 necessarium
517 3544 578 3612 fuit,
602 3553 634 3601 ut
656 3543 685 3600 in
708 3542 814 3599 actibus
835 3541 956 3616 propriis
982 3540 1147 3617 dirigeretur
1166 3558 1217 3616 per

128 3634 219 3712 legem
241 3636 375 3698 divinitus
390 3635 501 3710 datam,
521 3642 557 3700 de
579 3662 635 3715 qua
656 3650 774 3708 constat,
789 3639 865 3712 quod
887 3657 944 3697 non
964 3650 1057 3716 potest
1076 3633 1216 3697 enarc.”¹

127 3732 215 3791 Juxta
235 3735 308 3794 hanc
335 3737 370 3796 de
390 3756 502 3797 morum
530 3741 633 3818 regulis
662 3749 748 3816 agunt
765 3738 915 3814 ,theologi3
937 3757 1025 3810 quum
1052 3737 1215 3814 philosophi

128 3832 236 3892 ethices
250 3833 430 3914 disciplinam
444 3847 530 3897 totam
541 3858 578 3896 ex
591 3838 706 3897 rationis
714 3836 920 3905 dictaminibus,
935 3836 1136 3894 velhominum
1150 3853 1216 3893 con·

128 3949 224 4000 seusu,
238 3933 375 3993 derivent.
418 3936 489 4002 Qua
504 3938 643 3996 Ecclesia
657 3936 791 4014 praesules
804 3935 867 4011 lege
878 3944 1041 4001 statuerunt,
1050 3935 1095 3990 vel
1105 3932 1216 3991 decreto

128 4029 282 4100 timuerunt,
304 4033 438 4092 adhibent
459 4038 544 4095 etiam
558 4036 683 4113 theologi
696 4036 726 4093 in
747 4034 871 4092 moribus
894 4030 1088 4091 informandis.
1130 4031 1165 4089 In
1182 4032 1217 4090 iis

129 4146 192 4200 quae
206 4129 304 4190 divino
318 4133 414 4205 aliquo
427 4133 607 4206 documento,
621 4134 667 4192 vel
681 4133 820 4192 Ecclesia
833 4130 946 4188 decreto
955 4147 1013 4188 non
1027 4130 1215 4198 innotuerunt,

212 4393 274 4456 Vol
302 4395 316 4460 I
369 4333 439 4458 20)
454 4332 480 4382 S.
492 4331 582 4384 Thom
595 4333 617 4395 l,
629 4337 653 4386 2.
664 4348 705 4398 qu.
717 4329 765 4383 xci.
778 4337 821 4381 art.
833 4328 947 4396 lulleap.
