2744 4980
195 104 229 157 ‘a
327 107 386 169 DE
401 102 772 172 ussuloamulssus
792 111 1084 176 OLERIOORUM.
1195 124 1253 180 331

190 275 245 331 10.
268 271 402 349 Tempus
415 272 552 333 recitandi
565 274 692 336 officium
707 277 792 354 juxta
803 253 927 337 sarem
941 280 1133 357 disciplinam,
1147 274 1211 356 qua
1223 296 1253 344 et

136 387 255 431 mores
268 370 436 431 Judoeorum
444 364 479 431 'in
491 372 556 432 Deo
569 374 676 432 orando
689 376 797 435 imitata
809 382 862 448 est,
875 377 930 434 fuit
940 389 972 437 ut
984 388 1153 439 nocturnum
1167 383 1254 454 quod·

129 471 221 530 libet
235 471 362 548 siugulis
374 473 467 530 noctis
479 473 584 549 vigiliis
607 475 777 544 recitaretur,
801 474 873 556 (uox
886 477 993 553 quippe
1012 479 1043 536 iu
1063 488 1120 537 tres
1140 481 1252 558 vigilias

129 569 400 649 distribuebatur)
422 571 535 630 Laudes
549 583 715 631 canerentur
735 574 876 642 diluculot
897 575 1005 643 Prima,
1022 577 1082 652 jam
1097 589 1159 637 orto
1173 580 1254 647 sole;

129 666 270 737 Tertia,
285 669 380 728 medio
394 672 481 729 veluti
494 671 639 730 intervallo
653 673 725 730 iuter
738 674 807 731 solis
820 685 912 731 ortum
926 685 955 730 et
964 674 1131 744 meridiem3
1153 678 1251 746 Sexta,

127 768 298 836 meridie;
319 769 416 838 Noua,
437 771 498 828 sole
519 768 553 827 ad
574 790 706 830 occasum
727 771 823 832 medio
843 775 973 831 itineres
992 776 1096 832 vertice
1116 778 1253 835 colorum

129 878 348 944 properante:
371 870 507 945 Vesperae
520 877 550 925 et
569 868 807 947 completorium,
828 873 889 931 sole
907 873 968 948 jam
987 874 1146 933 occidente.
1187 875 1254 934 Jam

131 964 391 1043 versipecentiori
405 989 484 1029 more
494 968 560 1026 licet
569 977 648 1027 extra
661 970 779 1028 chomrn
793 972 846 1028 tria
859 981 996 1030 nocturna
1009 991 1059 1030 seu
1073 975 1253 1043 matutinum,

134 1081 225 1124 cum
240 1066 383 1135 laudibus,
398 1065 488 1144 pridie
502 1068 618 1125 recitare
632 1070 714 1127 abeo
728 1078 854 1144 tempore
868 1069 984 1143 quosol
997 1069 1031 1128 ad
1045 1090 1179 1129 occasum
1193 1092 1254 1131 ver·

137 1163 208 1238 git,
224 1164 299 1224 hora
311 1166 422 1241 scilicet
434 1185 527 1234 nona,
548 1177 576 1224 et
597 1166 672 1244 apud
691 1187 744 1227 nos
758 1186 795 1225 ex
815 1169 931 1244 speciali
950 1168 1060 1229 indulto
1081 1170 1115 1226 ab
1128 1170 1199 1229 hora
1210 1190 1254 1230 se·

135 1263 253 1320 cunda
267 1276 333 1340 post
344 1266 503 1324 meridiem.
545 1265 634 1324 Hora
656 1286 751 1343 parvae
772 1286 836 1339 quae
856 1266 996 1334 dicuutur,
1017 1268 1116 1327 Prima
1134 1269 1253 1338 scilicet,
1284 1326 1288 1333 ,

138 1360 271 1430 Tertia,
286 1363 384 1432 Sexta,
398 1375 428 1422 et
446 1365 544 1432 Nona,
566 1365 716 1424 recitantur
735 1365 903 1441 plerumque
923 1383 1017 1433 mane,
1039 1365 1166 1440 quolibet
1184 1364 1255 1466 Ὦ

140 1478 229 1536 pore
243 1471 309 1521 aute
329 1462 495 1532 meridiem
511 1464 647 1540 Vespero
658 1483 724 1522 cum
739 1463 935 1540 completorio
947 1471 1013 1539 post
1024 1463 1183 1534 meridiem,
1198 1466 1253 1528 uisi

148 1569 289 1636 tempore
311 1561 546 1640 quadragesimali
565 1562 664 1621 diebus
687 1562 841 1630 ferialibus,
863 1565 894 1623 iu
916 1565 1018 1636 quibus
1031 1565 1168 1640 Vespera
1190 1576 1253 1624 ante

151 1658 312 1718 meridiem
330 1660 470 1743 dicuntur.
513 1660 656 1720 Caeterum
677 1680 711 1719 ca
731 1672 775 1720 est
792 1661 918 1728 latitudo,
940 1673 972 1720 ut
990 1662 1144 1720 satisfaciat
1163 1667 1254 1732 oneri,

157 1759 211 1829 qui
224 1757 353 1818 officium
367 1761 508 1838 integrum
520 1762 619 1818 recitat
631 1761 760 1833 quolibet
777 1769 904 1836 ternpore
923 1781 941 1818 a
960 1760 1054 1818 media
1066 1773 1149 1819 nocte
1162 1778 1255 1836 usquc

160 1855 195 1914 ad
217 1856 341 1917 mediam
362 1869 492 1926 noctem
513 1859 577 1917 data
598 1861 682 1918 etiam
706 1859 835 1918 facultate
855 1861 1021 1918 matutinum
1045 1859 1147 1936 pridie,
1170 1872 1254 1937 prout

160 1954 270 2014 dictum
289 1967 341 2026 est,
356 1958 501 2016 recitandi.
544 1958 645 2016 Plures
665 1958 781 2031 quidem
800 1959 974 2034 hymnorum
996 1974 1080 2017 voscs
1100 1959 1174 2017 male
1187 1978 1254 2018 con·

161 2064 266 2130 gruunt
285 2058 461 2134 temporibus
482 2057 555 2125 aliis,
577 2067 679 2132 praeter
698 2076 732 2114 ea
751 2058 854 2130 quibus
875 2055 1027 2135 adsignata
1047 2067 1113 2114 sunt
1134 2058 1254 2134 singula>

162 2152 259 2210 horre:
282 2163 302 2190 ‘⁶
313 2155 407 2214 Nocte
421 2165 569 2233 surgentes
582 2157 734 2232 vigitemus
748 2154 882 2224 omnes,”
896 2165 951 2214 etc.
995 2165 1014 2190 ‘⁴
1024 2155 1044 2213 J
1046 2174 1091 2212 am
1106 2155 1180 2213 lucis
1193 2167 1255 2214 orto

162 2250 288 2320 sidere,”
312 2262 332 2290 ‘⁶
344 2255 389 2313 Te
401 2254 479 2312 lucis
488 2264 551 2312 ante
565 2257 715 2313 terminum
728 2253 758 2321 ;”
780 2254 831 2312 scd
844 2254 904 2310 haec
917 2255 1077 2312 referuntur
1088 2254 1123 2312 ad
1137 2272 1172 2313 ea
1183 2264 1253 2312 tem·

162 2368 242 2425 pora,
263 2361 292 2408 et
310 2353 366 2410 lata
386 2355 580 2430 acceptatione
598 2352 801 2428 intelliguntur.
844 2353 973 2410 Venialis
994 2362 1088 2411 tamen
1109 2353 1253 2428 plerisque

162 2448 273 2508 videtur
293 2452 378 2528 culpa
397 2453 517 2510 nimium
537 2449 651 2509 differre
674 2449 762 2509 officii
780 2450 985 2516 recitationem,
1008 2451 1164 2526 pracsertim
1187 2470 1252 2529 cum

162 2546 246 2606 facile
265 2560 395 2610 nascatur
413 2549 562 2608 difficultas
582 2549 653 2608 illud
672 2558 736 2606 ante
757 2546 880 2608 mediam
899 2556 1010 2607 uocum
1032 2557 1120 2609 totum
1144 2549 1253 2624 persol-

162 2647 258 2706 vendi.

204 2751 251 2803 ll.
274 2746 307 2804 Si
327 2747 469 2806 oblivione
491 2747 537 2804 vel
559 2745 723 2804 difficultate
745 2746 835 2804 nimia
856 2746 893 2802 ob
914 2745 1113 2820 occupationes
1137 2763 1252 2822 prorsus

162 2847 348 2913 necessarias,
363 2865 391 2904 v.
406 2866 441 2923 g:
463 2856 493 2905 ut
505 2846 727 2922 periclitantibus
741 2846 798 2902 vita
810 2845 911 2903 deutur
923 2844 1021 2902 ultima
1034 2843 1171 2912 subsidia,
1186 2864 1252 2903 con-

162 2944 251 3020 tingat
263 2945 389 3004 officium
404 2946 504 3013 omitti,
519 2963 637 3003 necesse
651 2955 766 3005 nonest
785 2942 853 3001 illud
871 2942 1007 3018 deinceps
1020 2944 1148 3007 recitare,
1163 2961 1251 3015 quum

163 3060 236 3101 onus
249 3044 287 3100 sit
298 3042 354 3102 diei
372 3044 500 3103 affixum.

193 3145 243 3200 12.
255 3142 329 3201 Ante
337 3144 438 3202 Missae
445 3142 662 3201 celebrationem
671 3140 843 3199 Matutiuum
851 3156 915 3196 cum
924 3135 1069 3196 Laudibus
1077 3137 1252 3196 recitandum

160 3251 213 3309 est,
223 3242 264 3299 uti
274 3243 431 3317 praescribit
444 3240 715 3299 RubricaMissalis.
737 3237 881 3296 Ceterum
889 3237 1032 3312 plerisque
1049 3236 1191 3314 theologis
1206 3256 1251 3295 ve·

162 3339 245 3397 nialis
259 3350 368 3399 tautum
386 3341 496 3399 videtur
515 3340 610 3417 culpa,
630 3341 655 3398 si
677 3339 773 3396 Missa
785 3335 955 3410 quandoque
977 3336 1057 3411 prius
1079 3337 1251 3404 celebrem

162 3440 292 3508 quamvis
306 3440 402 3516 plures
417 3440 560 3516 ingentem
575 3438 688 3514 culpam
701 3439 730 3496 in
744 3454 777 3494 ea
790 3435 891 3513 agendi
911 3435 1018 3493 ratione
1030 3454 1095 3507 esse
1109 3437 1247 3501 sentiant3

162 3536 224 3595 aliis
232 3539 318 3598 etiam
327 3539 556 3606 assentientibus,
564 3538 662 3609 siquis
670 3537 901 3602 itacousueverit,
912 3553 975 3593 eam
983 3533 1115 3592 Rubricae
1123 3533 1249 3608 regulam
1280 3544 1284 3551 ’
1319 3526 1323 3531 ’

161 3638 375 3712 pauitantem,
390 3649 419 3696 et
431 3637 518 3697 veluti
537 3647 733 3697 contemnens.
776 3634 952 3693 Missiouarii
966 3631 1048 3689 facilc
1068 3640 1248 3697 excusantur,

162 3736 187 3792 si
200 3737 236 3794 ob
250 3739 296 3795 sui
309 3738 458 3796 ministerii
473 3738 570 3794 munia
582 3736 620 3793 ita
633 3744 733 3811 agantt
754 3752 808 3791 uec
828 3733 913 3793 niu&
933 3731 998 3807 angi
1011 3728 1124 3795 debent,
1138 3729 1250 3801 quotics
1267 3774 1273 3783 .

161 3852 248 3892 causa
259 3838 297 3895 sit
314 3855 394 3909 taqua
407 3835 577 3903 celebrandi,
591 3835 729 3893 matutino
742 3831 836 3890 officio
850 3829 976 3908 noudum
989 3830 1113 3886 recitato.
1156 3825 1248 3885 cnte-

160 3952 224 3992 rum
238 3934 329 4011 pridie
342 3936 510 4012 plerumque
524 3944 567 3993 est
578 3932 800 4019 recitandumpe
814 3929 877 4002 quis
891 3927 1025 4004 deinceps
1039 3924 1216 4001 impediatur.

205 4037 251 4092 13.
268 4034 359 4096 Horae
373 4051 473 4095 omnes
485 4032 635 4094 recitando
655 4041 721 4090 sunt
734 4049 768 4088 ea
779 4030 853 4087 serie
866 4037 895 4084 et
907 4028 1005 4086 ordine
1019 4043 1076 4100 quo
1090 4021 1249 4084 imlrevia·
