2744 4980
196 459 232 512 18
344 453 400 514 DE
420 452 474 522 Vl,
495 453 630 523 METU,
650 454 708 513 ET
731 455 1122 518 coNcUPISOENTIA.

196 618 438 697 Secundo-primi
446 619 576 677 dicunmr
582 628 684 687 motus,
694 620 796 692 quibus
804 620 931 678 voluntas
939 620 1113 694 aliquatenus
1124 624 1287 688 assentitur,

194 719 300 793 quique
313 720 464 787 venialem,
478 718 523 776 vel
534 717 677 785 lethalem,
691 717 826 777 inducunt
848 719 971 795 culpam,
986 730 1068 796 prout
1080 739 1215 779 assensus
1231 722 1285 778 im·

194 816 344 892 perfectus,
359 818 404 876 vel
417 818 519 894 plenus
531 825 584 874 est.
627 816 726 875 Motus
749 831 842 876 autem
855 834 927 890 quos
941 820 1005 891 quis
1028 819 1059 876 in
1078 838 1110 876 se
1130 819 1287 878 deliberato

193 916 289 974 animo
301 917 414 983 excitat,
427 917 547 977 omnino
561 916 710 974 voluntarii
722 926 797 984 sunt,
811 926 840 973 et
851 915 979 974 lethales.
1003 916 1053 975 Ex
1067 918 1173 976 malitia
1185 930 1288 994 peccat

195 1015 245 1087 qui
258 1014 385 1073 consultb
399 1017 503 1075 excitat
514 1014 678 1073 libidinem:
702 1015 861 1072 infirmitate
875 1014 940 1072 verb
961 1034 1078 1091 peccare
1099 1016 1219 1082 videtur,
1235 1020 1285 1090 qui

194 1114 355 1171 vehementi
369 1115 496 1173 titillante
509 1114 626 1172 libidine
640 1131 788 1171 assensum
804 1113 955 1172 voluntatis
967 1115 1081 1190 praebet.
1121 1113 1286 1174 Consuetu-

193 1210 268 1270 dinis
282 1222 396 1288 peccata
407 1214 521 1271 malitia
535 1213 690 1271 tribuuntur
701 1212 738 1269 cb
751 1230 876 1270 amorem
890 1212 1070 1285 studiumque
1084 1217 1193 1289 peccati
1206 1215 1285 1286 quod

192 1310 310 1368 dovetun

229 1412 279 1466 26.
303 1407 426 1466 “Omne
439 1407 516 1480 quod
528 1408 613 1465 estin
627 1408 734 1466 mundo
754 1411 983 1485 concupiscentia
1003 1412 1095 1468 camis
1108 1421 1160 1479 est,
1175 1421 1204 1468 et
1216 1429 1286 1469 con·

193 1509 366 1582 cupiscentia
379 1507 536 1574 occulorum,
550 1516 578 1564 et
590 1508 721 1583 superbia
734 1508 797 1564 vitae
807 1501 853 1575 3⁹⁹¹
866 1508 976 1566 scilicet
983 1508 1133 1584 voluptatis
1146 1510 1285 1577 studium,

193 1605 317 1672 avaritia,
331 1617 360 1662 et
371 1606 487 1664 ambitio
500 1605 649 1681 precipua
672 1616 737 1663 sunt
755 1606 921 1682 cupiditates
935 1607 1036 1678 quibus
1049 1607 1181 1667 homines
1194 1628 1287 1685 agun-

193 1713 245 1762 tur.
289 1702 539 1780 Concupiscentia,
553 1702 588 1761 de
602 1722 658 1776 qua
680 1705 800 1780 agimus,
814 1705 970 1780 voluptates
993 1707 1120 1782 respicit,
1135 1725 1204 1778 quas
1224 1707 1286 1782 ple·

192 1803 271 1875 rique
284 1803 374 1862 nimio
387 1812 515 1875 quaerunt
527 1801 639 1860 studio:
654 1801 755 1860 smstra
767 1802 919 1880 allegantes
928 1805 1164 1872 tentationisvim,
1178 1824 1237 1878 qua
1250 1806 1286 1863 ad

192 1910 349 1975 peccatum,
363 1903 538 1977 captivomm
552 1902 647 1967 instar,
661 1901 825 1968 trahuntur,
839 1920 904 1960 nam
917 1901 1026 1961 subsidi
1035 1904 1154 1978 aquibus
1167 1921 1286 1978 supere·

193 2008 237 2055 tur
254 1998 404 2057 adhibeant
415 2009 534 2076 oportet,
549 2000 636 2075 gratia
648 1998 745 2057 divina
757 2000 914 2075 implorata.

608 2171 648 2236 (l)
670 2173 679 2220 l
700 2172 772 2224 Joan.
784 2172 808 2221 ii.
825 2175 862 2220 16.
