2744 4980
202 381 241 436 36
562 373 619 432 DE
640 372 927 433 PASSIONIBUS.

203 538 337 614 quoniam
346 539 401 615 ipsi
415 529 679 596 consolabuntur.”¹
700 546 719 572 ‘⁶
728 535 999 614 Luctuspraesens,”
1011 537 1141 610 inquitS.
1150 538 1297 607 Th0mas‚

204 638 268 696 “ad
288 637 510 695 consolationem
529 637 628 695 suturae
654 638 718 694 vitae
744 634 887 713 perducit:
910 637 977 708 quia
998 655 1034 694 ex
1055 636 1112 694 hoe
1130 638 1193 714 ipso
1218 637 1299 710 quod

203 737 291 795 homo
303 736 382 812 luget
394 755 445 813 pro
459 737 592 812 peccatis,
612 735 658 792 vel
677 755 729 812 pro
749 734 881 793 dilatione
900 734 1007 810 gloriae,
1026 745 1149 793 meretur
1165 736 1298 795 consola·

204 836 310 893 tionem
325 844 466 891 aeternam.
509 835 646 891 Similiter
658 843 780 891 moretm
792 834 876 891 etiam
889 851 952 891 eam
966 834 1067 906 aliquis
1080 852 1117 892 ex
1137 833 1203 902 hoe,
1219 835 1299 907 quod

204 933 239 991 ad
262 935 354 1008 ipsam
375 932 604 1004 consequendam
624 951 681 990 non
701 933 803 1008 refugit
819 932 940 998 labores,
959 941 989 990 et
1013 933 1154 1008 angustias
1178 944 1299 1009 propter

205 1033 297 1108 ipsam
318 1024 505 1088 sustinere.”²
544 1030 706 1104 Aliquando
725 1031 821 1089 latitia
840 1031 941 1088 miscet
962 1049 992 1087 se
1015 1031 1142 1100 bisalis,
1164 1033 1211 1089 vel
1232 1050 1298 1089 eam

205 1131 296 1186 statim
324 1131 459 1202 sequitur,
479 1148 516 1187 ex
542 1149 571 1187 re
598 1130 718 1197 diversa,
744 1130 789 1186 vel
814 1148 936 1205 persona
963 1129 1026 1197 alia,
1047 1130 1139 1187 solent
1157 1131 1236 1187 enirn
1256 1131 1298 1206 pii

204 1228 336 1285 homines
351 1238 370 1263 “
380 1228 500 1304 gaudere
511 1248 575 1286 cum
589 1228 784 1304 gaudentibus,
793 1228 859 1286 llere
873 1246 938 1286 eum
946 1221 1126 1286 flentibus.”³
1145 1227 1192 1286 De
1200 1227 1300 1285 divina

204 1327 353 1403 Sapientia
365 1326 482 1383 dicitur:
505 1336 523 1361 ‘⁴
534 1347 590 1384 non
610 1326 694 1383 habet
713 1325 926 1384 amaritudinem
946 1327 1121 1385 conversatio
1140 1328 1298 1394 illins‚‘nec

204 1424 318 1482 taedium
327 1426 472 1482 convictus
483 1425 568 1493 illins,
579 1424 630 1481 sed
642 1426 766 1482 laetitiam
781 1435 809 1482 et
821 1419 1002 1501 gaudium.”⁴
1036 1424 1124 1501 Igitur
1137 1427 1185 1497 qui
1199 1425 1298 1483 Deum

205 1524 441 1598 contemplantur,
455 1524 561 1581 nullam
575 1523 639 1580 inde
653 1525 817 1601 concipiunt
836 1523 983 1591 nisdtiam,
998 1525 1060 1601 ipse
1074 1525 1150 1581 enim
1163 1523 1247 1583 dolor
1260 1525 1299 1582 ob

205 1640 271 1680 eum
285 1632 400 1697 peccato
412 1622 522 1699 laesum,
536 1641 667 1698 magnam
682 1622 788 1680 inducit
800 1620 988 1680 dulcedinem.
1028 1621 1188 1694 Aliquando
1202 1632 1300 1680 tamen

206 1720 289 1778 taedet
302 1740 351 1777 eos
365 1740 462 1777 eorum
479 1741 540 1793 quae
555 1741 571 1777 a
584 1722 822 1797 contemplatione
833 1739 883 1778 eos
896 1721 1047 1778 retrahunt.
1069 1719 1173 1778 Oculis
1187 1722 1300 1779 tristitia

205 1839 242 1878 ex
251 1820 429 1877 rebusmonti
443 1819 568 1876 intimius
578 1821 789 1877 obversantibus
799 1828 944 1894 concepta,
953 1820 1039 1895 longe
1049 1818 1298 1877 excedit'dolorem

205 1938 241 1977 er
254 1919 380 1994 corporis
391 1917 482 1974 malo:
499 1919 620 1976 “omnis
635 1918 717 1995 plaga
726 1918 835 1975 tristitia
847 1917 938 1975 cordis
952 1914 1041 1985 est,”⁵
1053 1919 1180 1976 maxima
1188 1920 1299 1996 quippe

207 2036 277 2075 voce
291 2016 338 2072 illa
351 2025 370 2051 “
379 2016 494 2072 omnis''
508 2035 562 2073 usu
576 2017 719 2074 Hebraico
732 2015 901 2091 designatur.

248 2120 297 2173 70.
314 2113 412 2171 Animi
421 2114 495 2170 vires
504 2115 613 2171 tristitia
625 2114 705 2171 valde
718 2115 892 2181 minuuntur,
905 2112 980 2171 uude
993 2115 1067 2172 litut
1081 2132 1163 2172 mens
1176 2126 1301 2187 nequeat

210 2233 258 2271 eas
268 2230 417 2270 exercere:
439 2231 542 2289 corpus
555 2214 640 2271 etiam
653 2214 806 2289 plurimum
818 2211 944 2279 laeditnr3
959 2213 1064 2271 viribus
1073 2214 1150 2271 enirn
1163 2213 1300 2290 paulatim

210 2312 414 2380 deficientibus,
427 2311 592 2388 languescit.
636 2313 785 2370 “Animus
799 2310 923 2388 gaudens
943 2321 1052 2369 atatem
1072 2312 1202 2369 floridam
1216 2311 1297 2369 lacit:

210 2412 324 2486 spiritus
339 2411 423 2475 tristis
437 2411 562 2467 exsiccat
573 2403 686 2469 ossa.'’⁶
727 2420 746 2446 ‘⁴
756 2411 837 2467 Sicut
855 2411 930 2467 tinea
949 2411 1126 2479 vestimento,
1150 2421 1179 2468 et
1193 2412 1299 2468 vermis

209 2509 304 2584 ligno:
327 2509 364 2564 ita
376 2509 487 2568 tristitia
499 2509 552 2566 viri
564 2521 647 2566 nocet
660 2502 785 2567 cordi.”⁷
812 2518 830 2543 “
841 2509 867 2566 A
878 2510 987 2566 tristitia
996 2510 1071 2566 enim
1085 2509 1198 2566 festinat
1210 2528 1299 2577 mors,

209 2616 239 2663 et
247 2607 374 2682 cooperit
386 2608 526 2674 virtutem,
538 2619 566 2664 et
578 2609 687 2665 tristitia
700 2608 791 2665 cordis
805 2606 892 2664 flectit
902 2603 1088 2665 cervicem.’'⁸
1109 2618 1128 2643 “
1136 2607 1299 2674 Tristitia,”

203 2704 300 2781 judice
311 2705 343 2762 S.
352 2705 478 2773 Thema,
493 2707 594 2764 “inter
606 2726 705 2764 onmes
719 2708 819 2763 animae
830 2707 977 2782 passiones
986 2707 1077 2783 magis
1087 2706 1198 2783 corpori
1205 2715 1300 2763 nocet.

209 2802 302 2880 Cujus
323 2805 392 2861 ratio
414 2814 471 2861 est:
494 2806 560 2877 quia
579 2807 688 2863 tristitm
706 2815 846 2881 repugnat
865 2805 995 2863 humanas
1017 2805 1080 2862 vitae
1107 2814 1244 2877 quantum
1265 2804 1301 2861 ad

209 2903 335 2978 speciem
350 2913 442 2960 motus
456 2904 510 2970 sui,
525 2914 553 2960 et
565 2922 622 2961 non
636 2905 729 2962 solnm
749 2914 883 2976 quantum
904 2903 938 2960 ad
952 2922 1112 2960 mensuram
1126 2922 1177 2961 seu
1190 2904 1302 2974 quanti·

208 3008 303 3065 tatem,
328 3001 401 3056 sicut
414 3001 474 3056 alias
489 3003 589 3058 animae
603 3004 759 3077 passiones.
802 3002 942 3059 Consistit
959 3003 1036 3060 enim
1055 3002 1179 3059 humana
1193 3003 1253 3059 vita
1272 3003 1303 3059 in

210 3096 330 3169 quadam
344 3098 479 3166 motione,
494 3118 556 3170 quae
571 3099 682 3157 acorde
702 3101 731 3157 in
752 3109 852 3156 caetera
870 3101 996 3157 membra
1015 3099 1179 3158 diffunditur
1199 3141 1208 3157 .
1230 3142 1238 3157 .
1262 3142 1269 3157 .
1293 3142 1302 3156 .

208 3197 358 3272 passiones
372 3205 475 3264 autem,
490 3216 552 3269 quae
567 3199 720 3273 important
737 3208 846 3256 motum
860 3200 999 3274 appetitus
1016 3218 1082 3257 cum
1101 3199 1178 3275 fuga,
1192 3199 1239 3256 vel
1259 3217 1302 3256 re·

210 3296 343 3353 tractione
366 3295 499 3368 quadarn,
520 3307 677 3373 repugnant
699 3298 774 3355 vitali
795 3298 922 3364 motioni,
946 3315 1003 3354 non
1028 3297 1120 3355 solum
1143 3296 1302 3354 secundum

210 3396 403 3465 quantitatem,
417 3395 566 3453 sedetiam
580 3395 736 3453 secundum
749 3397 873 3473 speeiem
887 3405 990 3453 motus.
1012 3396 1053 3453 Et
1061 3395 1125 3453 ideo
1135 3395 1304 3471 simpliciter

210 3501 324 3557 nocent,
340 3493 412 3548 sicut
425 3494 509 3549 timor
522 3505 550 3549 et
562 3494 730 3568 desperatio,
742 3504 770 3551 et
782 3514 839 3570 prae
853 3495 983 3551 omnibus
997 3495 1188 3566 tristitiaque
1202 3512 1303 3570 aggra-

209 3598 256 3644 vat
274 3589 403 3647 animum
425 3608 462 3647 ex
484 3591 560 3649 malo
585 3593 727 3667 prasenti,
754 3593 834 3669 eujus
854 3601 897 3650 est
915 3591 1012 3650 sortior
1034 3593 1193 3669 impressio,
1213 3611 1302 3664 quarn

208 3677 341 3744 summm
824 3698 825 3701 ’

244 3923 287 3988 (1)
307 3921 367 3971 Mat.
378 3937 401 3969 v.
414 3925 437 3971 b.
742 3925 784 3990 (2)
805 3924 827 3975 1.
838 3923 862 3974 2.
874 3940 915 3988 qn.
926 3939 1003 3977 xxxv.
1015 3933 1058 3977 stt.
1066 3926 1101 3977 iii.
1112 3923 1156 3977 Ad
1160 3924 1289 3994 primum.

244 4008 286 4073 (³)
307 4007 377 4056 Rom.
388 4007 431 4056 xii.
445 4008 483 4056 15.
745 4011 756 4073 (
808 4008 926 4073 Sepeiii.
942 4009 980 4060 lt.

244 4090 287 4155 (5)
307 4091 445 4140 Ecetras.
458 4092 497 4141 tt.
744 4093 755 4155 (
808 4093 1002 4145 praendat.

245 4173 526 4239 (7)1bitem,1xv.2s.
745 4179 756 4241 (
811 4178 881 4230 Eccl.
893 4178 995 4230 xxxviii.
1006 4179 1046 4230 19.

245 4257 287 4322 (9)
311 4254 334 4304 1.‘
343 4260 367 4306 t.
379 4273 420 4322 qu·
433 4259 527 4309 xvxvii.
538 4269 581 4310 art.
594 4260 624 4309 iv.
660 4260 733 4328 Κεφ,
