2744 4980
329 88 829 175 na'easvrsnasmunus.
1109 118 1168 174 aar

46 277 104 334 vis
118 293 285 337 consensus
298 279 337 337 sit
347 277 557 337 conditionams
566 286 697 356 respectu
711 276 747 335 ad
760 278 915 355 obiectum,
929 288 1060 354 respectu
1074 286 1167 337 tamen

40 370 93 432 ad
106 373 336 434 delectationem
356 387 400 433 est
421 377 576 443 absolums,
598 387 627 433 et
647 395 711 434 cum
732 375 882 434 delectatio
901 375 1002 434 reddat
1022 377 1167 453 objectum

36 489 208 550 praeseus,
221 475 269 532 hic
282 485 311 532 et
322 492 398 531 nuuc
412 475 465 532 tale
478 474 633 550 objectum,
653 492 720 532 cum
739 475 778 531 sit
797 475 957 551 sejunctim
972 494 989 532 a
1002 473 1166 533 conditione

34 568 282 639 cohonestautc,
297 581 340 629 est
352 571 520 648 simpliciter
539 567 695 631 malum.‘'¹
736 571 769 630 ld
783 573 873 631 multo
894 575 988 650 magis
1008 572 1161 632 dicendum

34 669 77 726 si
94 672 250 745 appetitus
264 671 415 729 sensitivus
429 671 515 729 simul
527 672 676 728 excitetur.

98 770 178 826 112.
201 769 383 827 Desiderium
396 768 498 827 dicimr
517 769 620 846 fferre
633 767 745 842 quando
765 770 829 842 quis
849 770 904 827 sibi
917 771 1053 846 proponit
1065 788 1165 846 peeca-

31 877 120 924 tum
138 877 262 943 patrare,
276 878 305 925 et
318 868 386 926 illud
400 868 505 940 exequi
518 878 645 927 conatur.
687 866 831 944 Inefficoe
840 869 894 925 erit
906 869 931 925 si
945 870 1082 941 quianon
1096 870 1165 928 velit

34 963 136 1024 illud
161 967 278 1039 exequi,
299 968 429 1039 quamvis
450 967 541 1027 inhiet
556 967 693 1043 voluptati
706 967 794 1024 menti
815 967 991 1025 obversanti:
1012 967 1166 1044 goudium

33 1065 228 1141 concipitur
253 1065 288 1122 de
311 1066 385 1124 malo
411 1084 498 1142 opere
520 1067 581 1142 jam
604 1074 730 1141 patrato:
761 1063 914 1123 delectatio
938 1084 1059 1124 morosa
1093 1075 1168 1124 “est

33 1163 248 1240 quandoper
267 1165 499 1241 imaginationem
519 1164 645 1222 fantasiae
669 1164 734 1236 quis
752 1162 844 1221 reddit
864 1163 918 1220 sibi
939 1183 1067 1240 presens
1087 1182 1160 1240 opus

34 1263 188 1341 peccati,
203 1280 305 1338 nempe
319 1274 411 1321 actum
426 1263 630 1329 fornicationis,
645 1272 674 1320 et
686 1261 721 1319 de
731 1262 779 1318 illa
792 1261 947 1319 deliberato
960 1280 1102 1321 consensu
1116 1262 1164 1320 de·

32 1363 196 1426 lectatur,
209 1371 352 1432 tamquam
366 1361 510 1419 actualiter
530 1361 724 1428 fornicaretur,
746 1361 808 1417 sine
822 1369 916 1418 tamen
936 1359 1077 1418 desiderio
1098 1379 1164 1418 exe·

36 1453 225 1532 quendi.''²
265 1460 383 1518 Morosa
396 1458 498 1517 dicitur
516 1459 675 1526 delectatio,
691 1459 757 1531 quia
769 1459 900 1517 voluntas
917 1459 990 1516 inre
1004 1477 1091 1534 prava
1104 1477 1164 1517 mo·

35 1567 154 1625 ratur,
169 1559 201 1616 in
213 1576 248 1614 ea
260 1558 314 1615 sibi
327 1558 519 1634 complacens.
560 1556 755 1634 Distinguitur
774 1576 791 1613 a
811 1575 888 1615 mera
907 1554 1088 1633 cogitamus,
1106 1576 1162 1630 qua

37 1657 156 1715 menti
170 1675 217 1714 res
230 1675 325 1732 prave
338 1657 518 1725 exhibentur,
533 1659 602 1729 quin
616 1657 710 1730 aliqua
723 1655 789 1713 inde
803 1657 931 1732 capiatur
945 1655 1102 1714 delectatio.

102 1759 177 1813 113.
199 1753 345 1831 Cogitatio
355 1755 512 1813 voluntaria
524 1754 560 1812 de
575 1756 657 1812 rebus
671 1756 765 1813 vetitis
778 1755 888 1813 nullum
909 1763 952 1810 est
963 1764 1115 1831 peccamm
1135 1756 1161 1813 si

47 1855 227 1912 necessitas
240 1854 287 1911 vel
298 1853 403 1911 utilitas
419 1853 542 1930 postulet
554 1852 590 1910 de
603 1854 639 1911 iis
652 1870 755 1930 agere:
778 1853 855 1925 quod
868 1854 894 1910 si
908 1871 945 1910 ex
958 1853 1121 1911 curiositate
1135 1864 1164 1909 et

43 1953 155 2012 animi
167 1952 280 2010 levitate
293 1961 432 2018 nascatur,
447 1953 565 2010 venialis
579 1952 679 2009 saltem
692 1960 737 2008 est
755 1951 857 2027 culpa;
879 1952 1015 2019 mortalis,
1039 1951 1065 2009 si
1087 1951 1162 2026 peri·

46 2051 165 2110 culum
190 2051 353 2127 proximum
379 2050 573 2109 delectationis
596 2049 632 2107 de
654 2067 741 2124 opere
764 2050 840 2107 malo
864 2048 966 2106 habeat
987 2048 1161 2124 adjuncmm.

54 2147 216 2226 Cogitatio
229 2158 323 2206 autem
336 2148 373 2205 de
386 2167 472 2224 opere
485 2148 560 2206 malo
581 2147 728 2224 patrando,
749 2165 815 2205 cum
836 2145 1023 2204 delectatione
1037 2144 1102 2203 inde
1116 2144 1164 2202 de·

52 2250 167 2314 rivae,
181 2255 226 2305 est
237 2256 385 2322 peccatum
408 2247 490 2319 quale
504 2236 556 2303 'est
576 2265 649 2323 opus
663 2247 769 2322 ipsum.
813 2253 832 2280 ‘⁶
844 2244 893 2302 Sic
905 2245 992 2320 igitur
1011 2245 1113 2317 aliquis
1127 2244 1163 2301 de

58 2346 256 2406 fornicatione
269 2346 410 2422 cogitans,
428 2344 463 2402 de
477 2344 588 2403 duobus
601 2353 695 2421 potest
708 2342 861 2401 delectui:
883 2360 941 2400 uno
955 2342 1042 2400 modo
1055 2342 1091 2400 de
1105 2342 1171 2417 ipsa

63 2445 260 2522 cogitatione:
291 2444 347 2501 alio
369 2443 455 2502 modo
478 2443 513 2501 de
536 2445 599 2519 ipsa
621 2442 808 2500 fornicatione
831 2441 962 2517 cogitata
1005 2439 1167 2498 Delectatio

63 2554 163 2603 autem
175 2543 211 2601 de
224 2543 393 2619 cogitatione
415 2543 619 2619 ipsasequitur
641 2540 853 2600 inclinationem
875 2537 994 2596 affectus
1014 2539 1046 2595 in
1059 2537 1167 2614 cogita·
1207 2549 1211 2556 '

66 2645 176 2702 tionem
189 2644 301 2719 ipsam:
322 2642 455 2718 cogitatio
469 2652 562 2700 autem
577 2644 639 2717 ipsa
656 2619 813 2698 secundum
834 2657 865 2695 se
887 2655 946 2695 non
959 2646 1002 2693 est
1014 2645 1164 2714 peccamm
1233 2705 1238 2713 ι

67 2741 196 2809 mortale,
211 2744 301 2800 immo
314 2739 485 2814 quandoque
503 2750 548 2798 est
561 2740 669 2798 veniale
691 2747 809 2804 tantum,
830 2745 907 2813 puta,
922 2754 989 2793 cum
1003 2736 1108 2809 aliquis
1123 2736 1165 2794 in·

68 2841 175 2899 utiliter
187 2841 292 2917 cogitat
304 2840 339 2898 de
353 2859 405 2897 ea:
428 2839 598 2912 quandoque
619 2848 713 2900 autem
727 2838 790 2894 sine
804 2845 923 2912 peccato
936 2837 1076 2902 omnino;
1098 2846 1166 2910 puta

66 2959 132 2999 cum
147 2938 250 3012 aliquis
263 2939 368 2998 utiliter
380 2939 416 2996 de
430 2958 464 2997 ea
476 2939 589 3014 cogitat,
604 2939 677 2996 sicut
689 2955 757 2995 oum
771 2934 832 2991 vult
841 2934 876 2991 de
890 2951 924 2990 ea
936 2918 1103 3008 predlcare,
1118 2931 1163 2989 vel

68 3032 263 3115 disputare.”³

110 3141 178 3194 114.
200 3135 382 3195 Desiderium
397 3138 507 3212 copule
518 3136 618 3194 future
626 3143 692 3210 post
705 3131 819 3208 nuptias
833 3150 850 3187 a
863 3129 988 3205 sponsis,
999 3125 1115 3200 quando
1129 3125 1164 3185 de

68 3234 265 3312 eacogitando
278 3234 459 3304 delectantur,
480 3253 599 3313 pravum
619 3241 671 3299 est,
686 3231 753 3304 quia
772 3231 814 3288 sic
829 3228 959 3303 voluptas
973 3237 1017 3284 est
1026 3244 1164 3302 presens,

68 3343 143 3392 etex
156 3352 186 3392 re
201 3353 263 3406 que
274 3335 529 3411 impresentiarum
538 3351 596 3390 non
608 3333 675 3391 licet
687 3329 822 3388 derivata.
856 3325 916 3384 Sed
928 3326 996 3384 licet
1009 3327 1043 3384 iis
1058 3343 1164 3401 cupere

67 3432 199 3509 copulam
222 3442 289 3508 post
302 3435 414 3510 nuptias
428 3431 597 3499 habendam,
613 3432 683 3504 quin
697 3438 867 3506 presentem
886 3426 1062 3501 voluptatem
1080 3442 1117 3481 ex
1132 3443 1166 3482 ea

70 3533 157 3589 menti
170 3531 280 3608 objecta
290 3543 426 3605 querant.
468 3531 600 3591 Peniculo
611 3541 704 3589 tamen
714 3544 902 3601 quecumque
911 3520 1165 3609 hujusmodgeogi·

69 3630 134 3688 tatio
146 3649 206 3688 non
220 3641 310 3698 vacat,
324 3650 413 3704 quum
427 3631 508 3689 facile
522 3634 735 3688 commoveatur
748 3625 893 3702 appetitus
906 3621 1069 3679 sensitirus.

110 3731 179 3786 115.
200 3727 297 3786 Vidua
309 3729 436 3806 cogitans
450 3729 485 3788 de
499 3727 603 3806 copula
620 3727 716 3786 habi·
734 3734 862 3801 tempore
876 3718 1049 3779 matrimonii
1063 3734 1137 3794 pecc
1143 3729 1171 3774 at

107 3911 149 3976 (l)
163 3911 190 3960 S.
202 3911 277 3976 Alph.
289 3913 303 3960 l.
317 3929 339 3960 v.
351 3929 371 3962 c.
385 3917 405 3961 l.
417 3912 473 3963 dub.
486 3912 509 3971 ii,
521 3921 562 3961 srt
576 3911 624 3961 1η.
637 3913 675 3958 14.
779 3908 821 3973 (2)
841 3906 867 3954 S.
879 3905 954 3970 Alph.
967 3904 983 3953 1.
995 3918 1017 3950 v.
1029 3918 1054 3952 n.
1065 3901 1104 3949 111.

104 3995 148 4063 (²)
171 3998 194 4047 l·
204 3994 228 4047 2.
240 4013 281 4061 qu·
293 3997 367 4046 lxxiv.
380 4005 424 4048 stt.
436 3997 484 4046 viii.
496 3997 545 4048 Est
556 3995 635 4046 enim.
954 3986 974 4031 11
988 4068 990 4073 .
1174 4012 1292 4400 Ι
