<?xml version="1.0" encoding="UTF-8"?>
<!DOCTYPE html PUBLIC "-//W3C//DTD XHTML 1.0 Transitional//EN"
    "http://www.w3.org/TR/xhtml1/DTD/xhtml1-transitional.dtd">
<html xmlns="http://www.w3.org/1999/xhtml" xml:lang="en" lang="en">
 <head>
  <title>
</title>
<meta http-equiv="Content-Type" content="text/html;charset=utf-8" />
  <meta name='ocr-system' content='tesseract 3.04.00' />
  <meta name='ocr-capabilities' content='ocr_page ocr_carea ocr_par ocr_line ocrx_word'/>
</head>
<body>
  <div class='ocr_page' id='page_1' title='image "./theologiaemoral00kenrgoog_0361.png"; bbox 0 0 2744 4980; ppageno 0'>
   <div class='ocr_carea' id='block_1_1' title="bbox 131 157 1049 261">
    <p class='ocr_par' dir='ltr' id='par_1_1' title="bbox 131 157 1049 261">
     <span class='ocr_line' id='line_1_1' title="bbox 131 157 1049 261; baseline -0.005 -12"><span class='ocrx_word' id='word_1_1' title='bbox 131 157 191 261; x_wconf 76' lang='lat' dir='ltr'>aso</span> <span class='ocrx_word' id='word_1_2' title='bbox 292 187 349 249; x_wconf 76' lang='lat' dir='ltr'>ns</span> <span class='ocrx_word' id='word_1_3' title='bbox 370 188 729 255; x_wconf 75' lang='lat' dir='ltr'>ocurosrronmns</span> <span class='ocrx_word' id='word_1_4' title='bbox 751 185 1049 250; x_wconf 78' lang='lat' dir='ltr'>onnmconunr.</span> 
     </span>
    </p>
   </div>
   <div class='ocr_carea' id='block_1_2' title="bbox 134 349 1219 431">
    <p class='ocr_par' dir='ltr' id='par_1_2' title="bbox 134 349 1219 431">
     <span class='ocr_line' id='line_1_2' title="bbox 134 349 1219 431; baseline -0.008 -15"><span class='ocrx_word' id='word_1_5' title='bbox 134 356 247 416; x_wconf 82' lang='lat' dir='ltr'>habent.</span> <span class='ocrx_word' id='word_1_6' title='bbox 287 352 375 412; x_wconf 87' lang='lat' dir='ltr'><strong>Unde</strong></span> <span class='ocrx_word' id='word_1_7' title='bbox 387 355 507 414; x_wconf 86' lang='lat' dir='ltr'>multum</span> <span class='ocrx_word' id='word_1_8' title='bbox 518 354 678 431; x_wconf 91' lang='lat' dir='ltr'>impediunt</span> <span class='ocrx_word' id='word_1_9' title='bbox 690 355 817 412; x_wconf 88' lang='lat' dir='ltr'>animum</span> <span class='ocrx_word' id='word_1_10' title='bbox 829 374 846 412; x_wconf 88' lang='lat' dir='ltr'>a</span> <span class='ocrx_word' id='word_1_11' title='bbox 858 351 1105 428; x_wconf 75' lang='lat' dir='ltr'><strong>contemplatione</strong></span> <span class='ocrx_word' id='word_1_12' title='bbox 1117 349 1219 407; x_wconf 78' lang='lat' dir='ltr'>divino</span> 
     </span>
    </p>
   </div>
   <div class='ocr_carea' id='block_1_3' title="bbox 136 448 1329 531">
    <p class='ocr_par' dir='ltr' id='par_1_3' title="bbox 136 448 1329 531">
     <span class='ocr_line' id='line_1_3' title="bbox 136 448 1329 531; baseline -0.008 -19"><span class='ocrx_word' id='word_1_13' title='bbox 136 471 209 518; x_wconf 84' lang='lat' dir='ltr'>rum.</span> <span class='ocrx_word' id='word_1_14' title='bbox 222 461 252 509; x_wconf 89' lang='lat' dir='ltr'>et</span> <span class='ocrx_word' id='word_1_15' title='bbox 263 450 347 511; x_wconf 89' lang='lat' dir='ltr'>laude</span> <span class='ocrx_word' id='word_1_16' title='bbox 360 452 427 520; x_wconf 86' lang='lat' dir='ltr'>Dei,</span> <span class='ocrx_word' id='word_1_17' title='bbox 441 464 470 511; x_wconf 92' lang='lat' dir='ltr'>et</span> <span class='ocrx_word' id='word_1_18' title='bbox 481 456 608 511; x_wconf 90' lang='lat' dir='ltr'>oratione</span> <span class='ocrx_word' id='word_1_19' title='bbox 622 471 675 531; x_wconf 92' lang='lat' dir='ltr'>pro</span> <span class='ocrx_word' id='word_1_20' title='bbox 688 453 808 528; x_wconf 86' lang='lat' dir='ltr'>populo,</span> <span class='ocrx_word' id='word_1_21' title='bbox 821 470 885 525; x_wconf 79' lang='lat' dir='ltr'>que</span> <span class='ocrx_word' id='word_1_22' title='bbox 898 450 935 509; x_wconf 91' lang='lat' dir='ltr'>ad</span> <span class='ocrx_word' id='word_1_23' title='bbox 947 450 1076 509; x_wconf 86' lang='lat' dir='ltr'>officium</span> <span class='ocrx_word' id='word_1_24' title='bbox 1089 448 1222 526; x_wconf 78' lang='lat' dir='ltr'>pertinent</span> <span class='ocrx_word' id='word_1_25' title='bbox 1309 459 1329 493; x_wconf 89' lang='grc'>-·</span> 
     </span>
    </p>
   </div>
   <div class='ocr_carea' id='block_1_4' title="bbox 100 547 1235 3380">
    <p class='ocr_par' dir='ltr' id='par_1_4' title="bbox 100 547 1230 2089">
     <span class='ocr_line' id='line_1_4' title="bbox 135 547 1222 628; baseline -0.008 -17"><span class='ocrx_word' id='word_1_26' title='bbox 135 552 312 611; x_wconf 86' lang='lat' dir='ltr'>clericorum.</span> <span class='ocrx_word' id='word_1_27' title='bbox 354 550 394 606; x_wconf 86' lang='lat' dir='ltr'>Et</span> <span class='ocrx_word' id='word_1_28' title='bbox 414 551 478 609; x_wconf 94' lang='lat' dir='ltr'>ideo</span> <span class='ocrx_word' id='word_1_29' title='bbox 502 552 577 609; x_wconf 92' lang='lat' dir='ltr'>sicut</span> <span class='ocrx_word' id='word_1_30' title='bbox 596 552 801 628; x_wconf 76' lang='lat' dir='ltr'>negotiationes</span> <span class='ocrx_word' id='word_1_31' title='bbox 821 560 937 628; x_wconf 88' lang='lat' dir='ltr'>propter</span> <span class='ocrx_word' id='word_1_32' title='bbox 955 548 1022 615; x_wconf 85' lang='lat' dir='ltr'>hoc,</span> <span class='ocrx_word' id='word_1_33' title='bbox 1044 547 1125 620; x_wconf 90' lang='lat' dir='ltr'>quod</span> <span class='ocrx_word' id='word_1_34' title='bbox 1142 547 1222 604; x_wconf 83' lang='lat' dir='ltr'>nimis</span> 
     </span>
     <span class='ocr_line' id='line_1_5' title="bbox 135 645 1223 727; baseline -0.008 -18"><span class='ocrx_word' id='word_1_35' title='bbox 135 649 281 727; x_wconf 88' lang='lat' dir='ltr'>implicant</span> <span class='ocrx_word' id='word_1_36' title='bbox 294 651 431 716; x_wconf 84' lang='lat' dir='ltr'>animum,</span> <span class='ocrx_word' id='word_1_37' title='bbox 445 648 651 708; x_wconf 87' lang='lat' dir='ltr'>interdicuntur</span> <span class='ocrx_word' id='word_1_38' title='bbox 662 649 788 706; x_wconf 79' lang='lat' dir='ltr'>clericis:</span> <span class='ocrx_word' id='word_1_39' title='bbox 811 651 849 707; x_wconf 92' lang='lat' dir='ltr'>ita</span> <span class='ocrx_word' id='word_1_40' title='bbox 868 659 897 706; x_wconf 91' lang='lat' dir='ltr'>et</span> <span class='ocrx_word' id='word_1_41' title='bbox 915 647 1019 705; x_wconf 87' lang='lat' dir='ltr'>bellica</span> <span class='ocrx_word' id='word_1_42' title='bbox 1037 645 1173 703; x_wconf 84' lang='lat' dir='ltr'>exercitia</span> <span class='ocrx_word' id='word_1_43' title='bbox 1184 662 1223 700; x_wconf 87' lang='lat' dir='ltr'>se-</span> 
     </span>
     <span class='ocr_line' id='line_1_6' title="bbox 135 742 1224 821; baseline -0.008 -14"><span class='ocrx_word' id='word_1_44' title='bbox 135 747 260 807; x_wconf 87' lang='lat' dir='ltr'>cundum</span> <span class='ocrx_word' id='word_1_45' title='bbox 275 747 345 805; x_wconf 92' lang='lat' dir='ltr'>illud</span> <span class='ocrx_word' id='word_1_46' title='bbox 359 749 388 805; x_wconf 88' lang='lat' dir='ltr'>ii.</span> <span class='ocrx_word' id='word_1_47' title='bbox 403 747 439 803; x_wconf 89' lang='lat' dir='ltr'>ad</span> <span class='ocrx_word' id='word_1_48' title='bbox 449 748 527 806; x_wconf 87' lang='lat' dir='ltr'><strong>Tim.</strong></span> <span class='ocrx_word' id='word_1_49' title='bbox 543 749 572 804; x_wconf 91' lang='lat' dir='ltr'>ii.</span> <span class='ocrx_word' id='word_1_50' title='bbox 615 748 736 806; x_wconf 81' lang='lat' dir='ltr'>‘Nemo</span> <span class='ocrx_word' id='word_1_51' title='bbox 754 748 879 805; x_wconf 90' lang='lat' dir='ltr'>militans</span> <span class='ocrx_word' id='word_1_52' title='bbox 898 742 978 805; x_wconf 86' lang='lat' dir='ltr'>Deo¹</span> <span class='ocrx_word' id='word_1_53' title='bbox 999 744 1131 821; x_wconf 84' lang='lat' dir='ltr'>implicat</span> <span class='ocrx_word' id='word_1_54' title='bbox 1141 761 1172 798; x_wconf 89' lang='lat' dir='ltr'>se</span> <span class='ocrx_word' id='word_1_55' title='bbox 1185 761 1224 799; x_wconf 77' lang='lat' dir='ltr'>se</span> 
     </span>
     <span class='ocr_line' id='line_1_7' title="bbox 137 840 1224 923; baseline -0.006 -20"><span class='ocrx_word' id='word_1_56' title='bbox 137 845 278 904; x_wconf 78' lang='lat' dir='ltr'>celeribus</span> <span class='ocrx_word' id='word_1_57' title='bbox 304 846 446 923; x_wconf 67' lang='lat' dir='ltr'>negotiis!</span> <span class='ocrx_word' id='word_1_58' title='bbox 489 846 623 903; x_wconf 86' lang='lat' dir='ltr'>Secundo</span> <span class='ocrx_word' id='word_1_59' title='bbox 643 856 759 922; x_wconf 88' lang='lat' dir='ltr'>propter</span> <span class='ocrx_word' id='word_1_60' title='bbox 778 847 932 921; x_wconf 79' lang='lat' dir='ltr'>specialem</span> <span class='ocrx_word' id='word_1_61' title='bbox 958 845 1112 902; x_wconf 87' lang='lat' dir='ltr'>rationem.</span> <span class='ocrx_word' id='word_1_62' title='bbox 1153 840 1224 898; x_wconf 89' lang='lat' dir='ltr'>Nam</span> 
     </span>
     <span class='ocr_line' id='line_1_8' title="bbox 138 941 1227 1012; baseline -0.002 -11"><span class='ocrx_word' id='word_1_63' title='bbox 138 959 240 1003; x_wconf 87' lang='lat' dir='ltr'>omnes</span> <span class='ocrx_word' id='word_1_64' title='bbox 253 944 419 1002; x_wconf 89' lang='lat' dir='ltr'>clericomm</span> <span class='ocrx_word' id='word_1_65' title='bbox 440 944 557 1005; x_wconf 87' lang='lat' dir='ltr'>ordines</span> <span class='ocrx_word' id='word_1_66' title='bbox 571 942 734 1002; x_wconf 83' lang='lat' dir='ltr'><strong>ordinantur</strong></span> <span class='ocrx_word' id='word_1_67' title='bbox 754 943 789 1000; x_wconf 90' lang='lat' dir='ltr'>ad</span> <span class='ocrx_word' id='word_1_68' title='bbox 800 944 893 1001; x_wconf 90' lang='lat' dir='ltr'>altaris</span> <span class='ocrx_word' id='word_1_69' title='bbox 907 943 1113 1008; x_wconf 83' lang='lat' dir='ltr'>ministerium,</span> <span class='ocrx_word' id='word_1_70' title='bbox 1124 941 1155 999; x_wconf 92' lang='lat' dir='ltr'>in</span> <span class='ocrx_word' id='word_1_71' title='bbox 1173 956 1227 1012; x_wconf 75' lang='lat' dir='ltr'>quo</span> 
     </span>
     <span class='ocr_line' id='line_1_9' title="bbox 138 1036 1226 1119; baseline -0.006 -21"><span class='ocrx_word' id='word_1_72' title='bbox 138 1042 193 1100; x_wconf 88' lang='lat' dir='ltr'>sub</span> <span class='ocrx_word' id='word_1_73' title='bbox 205 1054 381 1101; x_wconf 82' lang='lat' dir='ltr'>sacramento</span> <span class='ocrx_word' id='word_1_74' title='bbox 400 1052 614 1119; x_wconf 69' lang='lat' dir='ltr'>representatur</span> <span class='ocrx_word' id='word_1_75' title='bbox 633 1042 729 1119; x_wconf 81' lang='lat' dir='ltr'>passio</span> <span class='ocrx_word' id='word_1_76' title='bbox 749 1041 877 1099; x_wconf 77' lang='lat' dir='ltr'>Christi:</span> <span class='ocrx_word' id='word_1_77' title='bbox 898 1039 1058 1099; x_wconf 89' lang='lat' dir='ltr'>secundum</span> <span class='ocrx_word' id='word_1_78' title='bbox 1079 1036 1182 1097; x_wconf 85' lang='lat' dir='ltr'>illudi.</span> <span class='ocrx_word' id='word_1_79' title='bbox 1195 1036 1226 1093; x_wconf 89' lang='lat' dir='ltr'>ad</span> 
     </span>
     <span class='ocr_line' id='line_1_10' title="bbox 139 1135 1228 1216; baseline -0.005 -19"><span class='ocrx_word' id='word_1_80' title='bbox 139 1138 306 1199; x_wconf 80' lang='lat' dir='ltr'>Corinthios</span> <span class='ocrx_word' id='word_1_81' title='bbox 320 1143 350 1199; x_wconf 92' lang='lat' dir='ltr'>ii.</span> <span class='ocrx_word' id='word_1_82' title='bbox 393 1142 654 1213; x_wconf 85' lang='lat' dir='ltr'>‘Quotiescumque</span> <span class='ocrx_word' id='word_1_83' title='bbox 674 1139 880 1198; x_wconf 89' lang='lat' dir='ltr'>manducabitis</span> <span class='ocrx_word' id='word_1_84' title='bbox 899 1157 1004 1216; x_wconf 88' lang='lat' dir='ltr'>panem</span> <span class='ocrx_word' id='word_1_85' title='bbox 1023 1139 1114 1204; x_wconf 89' lang='lat' dir='ltr'>hunc,</span> <span class='ocrx_word' id='word_1_86' title='bbox 1127 1148 1156 1195; x_wconf 91' lang='lat' dir='ltr'>et</span> <span class='ocrx_word' id='word_1_87' title='bbox 1167 1135 1228 1192; x_wconf 84' lang='lat' dir='ltr'>cali·</span> 
     </span>
     <span class='ocr_line' id='line_1_11' title="bbox 137 1233 1228 1306; baseline -0.005 -9"><span class='ocrx_word' id='word_1_88' title='bbox 137 1256 201 1297; x_wconf 91' lang='lat' dir='ltr'>cem</span> <span class='ocrx_word' id='word_1_89' title='bbox 214 1238 326 1306; x_wconf 86' lang='lat' dir='ltr'>bibetis,</span> <span class='ocrx_word' id='word_1_90' title='bbox 340 1248 459 1296; x_wconf 90' lang='lat' dir='ltr'>mortem</span> <span class='ocrx_word' id='word_1_91' title='bbox 480 1239 602 1297; x_wconf 90' lang='lat' dir='ltr'>Domini</span> <span class='ocrx_word' id='word_1_92' title='bbox 625 1239 829 1301; x_wconf 86' lang='lat' dir='ltr'>annuntiabitis</span> <span class='ocrx_word' id='word_1_93' title='bbox 852 1237 943 1296; x_wconf 91' lang='lat' dir='ltr'>donec</span> <span class='ocrx_word' id='word_1_94' title='bbox 965 1238 1071 1296; x_wconf 81' lang='lat' dir='ltr'>veniat.</span> <span class='ocrx_word' id='word_1_95' title='bbox 1113 1235 1154 1294; x_wconf 86' lang='lat' dir='ltr'>Et</span> <span class='ocrx_word' id='word_1_96' title='bbox 1167 1233 1228 1292; x_wconf 84' lang='lat' dir='ltr'>ideo</span> 
     </span>
     <span class='ocr_line' id='line_1_12' title="bbox 137 1334 1228 1414; baseline -0.005 -19"><span class='ocrx_word' id='word_1_97' title='bbox 137 1356 196 1396; x_wconf 88' lang='lat' dir='ltr'>non</span> <span class='ocrx_word' id='word_1_98' title='bbox 210 1340 345 1412; x_wconf 89' lang='lat' dir='ltr'>competit</span> <span class='ocrx_word' id='word_1_99' title='bbox 364 1338 406 1394; x_wconf 88' lang='lat' dir='ltr'>eis</span> <span class='ocrx_word' id='word_1_100' title='bbox 420 1336 561 1405; x_wconf 90' lang='lat' dir='ltr'>occidere,</span> <span class='ocrx_word' id='word_1_101' title='bbox 576 1338 623 1395; x_wconf 83' lang='lat' dir='ltr'>vel</span> <span class='ocrx_word' id='word_1_102' title='bbox 636 1337 783 1395; x_wconf 83' lang='lat' dir='ltr'>effundere</span> <span class='ocrx_word' id='word_1_103' title='bbox 803 1337 983 1414; x_wconf 76' lang='lat' dir='ltr'>sanguninem,</span> <span class='ocrx_word' id='word_1_104' title='bbox 996 1334 1048 1393; x_wconf 88' lang='lat' dir='ltr'>sed</span> <span class='ocrx_word' id='word_1_105' title='bbox 1063 1335 1156 1410; x_wconf 77' lang='lat' dir='ltr'>magis</span> <span class='ocrx_word' id='word_1_106' title='bbox 1167 1351 1228 1390; x_wconf 83' lang='lat' dir='ltr'>esse</span> 
     </span>
     <span class='ocr_line' id='line_1_13' title="bbox 138 1433 1229 1514; baseline -0.005 -19"><span class='ocrx_word' id='word_1_107' title='bbox 138 1446 251 1514; x_wconf 75' lang='lat' dir='ltr'>paratos</span> <span class='ocrx_word' id='word_1_108' title='bbox 266 1435 300 1491; x_wconf 91' lang='lat' dir='ltr'>ad</span> <span class='ocrx_word' id='word_1_109' title='bbox 314 1437 455 1513; x_wconf 87' lang='lat' dir='ltr'>propriam</span> <span class='ocrx_word' id='word_1_110' title='bbox 475 1437 624 1511; x_wconf 81' lang='lat' dir='ltr'>sanguinis</span> <span class='ocrx_word' id='word_1_111' title='bbox 638 1436 809 1493; x_wconf 84' lang='lat' dir='ltr'>effusionem</span> <span class='ocrx_word' id='word_1_112' title='bbox 829 1453 882 1513; x_wconf 93' lang='lat' dir='ltr'>pro</span> <span class='ocrx_word' id='word_1_113' title='bbox 902 1434 1030 1501; x_wconf 85' lang='lat' dir='ltr'>Christo,</span> <span class='ocrx_word' id='word_1_114' title='bbox 1043 1442 1078 1491; x_wconf 87' lang='lat' dir='ltr'>ut</span> <span class='ocrx_word' id='word_1_115' title='bbox 1090 1433 1229 1491; x_wconf 85' lang='lat' dir='ltr'>imitentur</span> 
     </span>
     <span class='ocr_line' id='line_1_14' title="bbox 100 1532 1228 1613; baseline -0.004 -21"><span class='ocrx_word' id='word_1_116' title='bbox 100 1552 106 1569; x_wconf 86' lang='grc'><em>·</em></span> <span class='ocrx_word' id='word_1_117' title='bbox 140 1552 227 1613; x_wconf 91' lang='lat' dir='ltr'>opere</span> <span class='ocrx_word' id='word_1_118' title='bbox 249 1533 326 1605; x_wconf 90' lang='lat' dir='ltr'>quod</span> <span class='ocrx_word' id='word_1_119' title='bbox 346 1544 446 1609; x_wconf 86' lang='lat' dir='ltr'>gerunt</span> <span class='ocrx_word' id='word_1_120' title='bbox 466 1534 635 1592; x_wconf 88' lang='lat' dir='ltr'>ministerio.</span> <span class='ocrx_word' id='word_1_121' title='bbox 663 1534 717 1596; x_wconf 71' lang='lat' dir='ltr'>Et</span> <span class='ocrx_word' id='word_1_122' title='bbox 739 1544 854 1611; x_wconf 87' lang='lat' dir='ltr'>propter</span> <span class='ocrx_word' id='word_1_123' title='bbox 874 1534 930 1592; x_wconf 90' lang='lat' dir='ltr'>hoc</span> <span class='ocrx_word' id='word_1_124' title='bbox 952 1542 997 1590; x_wconf 89' lang='lat' dir='ltr'>est</span> <span class='ocrx_word' id='word_1_125' title='bbox 1016 1532 1189 1597; x_wconf 71' lang='lat' dir='ltr'>inscissum,</span> <span class='ocrx_word' id='word_1_126' title='bbox 1201 1542 1228 1588; x_wconf 91' lang='lat' dir='ltr'>ut</span> 
     </span>
     <span class='ocr_line' id='line_1_15' title="bbox 141 1629 1229 1710; baseline -0.002 -21"><span class='ocrx_word' id='word_1_127' title='bbox 141 1632 319 1692; x_wconf 81' lang='lat' dir='ltr'>effundentes</span> <span class='ocrx_word' id='word_1_128' title='bbox 332 1632 510 1707; x_wconf 76' lang='lat' dir='ltr'>sanguinem,</span> <span class='ocrx_word' id='word_1_129' title='bbox 531 1634 615 1691; x_wconf 88' lang='lat' dir='ltr'>etiam</span> <span class='ocrx_word' id='word_1_130' title='bbox 636 1633 697 1690; x_wconf 86' lang='lat' dir='ltr'>sine</span> <span class='ocrx_word' id='word_1_131' title='bbox 712 1644 840 1708; x_wconf 85' lang='lat' dir='ltr'>peccato,</span> <span class='ocrx_word' id='word_1_132' title='bbox 854 1634 911 1690; x_wconf 88' lang='lat' dir='ltr'>sint</span> <span class='ocrx_word' id='word_1_133' title='bbox 929 1631 1111 1710; x_wconf 71' lang='lat' dir='ltr'>irregulares.</span> <span class='ocrx_word' id='word_1_134' title='bbox 1153 1629 1229 1688; x_wconf 84' lang='lat' dir='ltr'>Nulli</span> 
     </span>
     <span class='ocr_line' id='line_1_16' title="bbox 141 1726 1229 1808; baseline -0.006 -18"><span class='ocrx_word' id='word_1_135' title='bbox 141 1742 237 1790; x_wconf 87' lang='lat' dir='ltr'>autem</span> <span class='ocrx_word' id='word_1_136' title='bbox 249 1731 299 1802; x_wconf 91' lang='lat' dir='ltr'>qui</span> <span class='ocrx_word' id='word_1_137' title='bbox 312 1739 356 1786; x_wconf 85' lang='lat' dir='ltr'>est</span> <span class='ocrx_word' id='word_1_138' title='bbox 371 1729 518 1805; x_wconf 88' lang='lat' dir='ltr'>deputatus</span> <span class='ocrx_word' id='word_1_139' title='bbox 532 1730 567 1787; x_wconf 89' lang='lat' dir='ltr'>ad</span> <span class='ocrx_word' id='word_1_140' title='bbox 587 1729 701 1803; x_wconf 87' lang='lat' dir='ltr'>aliquod</span> <span class='ocrx_word' id='word_1_141' title='bbox 722 1731 859 1800; x_wconf 86' lang='lat' dir='ltr'>officium,</span> <span class='ocrx_word' id='word_1_142' title='bbox 879 1730 947 1788; x_wconf 89' lang='lat' dir='ltr'>licet</span> <span class='ocrx_word' id='word_1_143' title='bbox 965 1730 1004 1798; x_wconf 86' lang='lat' dir='ltr'>id,</span> <span class='ocrx_word' id='word_1_144' title='bbox 1019 1747 1073 1808; x_wconf 91' lang='lat' dir='ltr'>per</span> <span class='ocrx_word' id='word_1_145' title='bbox 1091 1726 1169 1802; x_wconf 86' lang='lat' dir='ltr'>quod</span> <span class='ocrx_word' id='word_1_146' title='bbox 1181 1746 1229 1784; x_wconf 87' lang='lat' dir='ltr'>suo</span> 
     </span>
     <span class='ocr_line' id='line_1_17' title="bbox 140 1827 1230 1904; baseline -0.003 -17"><span class='ocrx_word' id='word_1_147' title='bbox 140 1829 235 1887; x_wconf 86' lang='lat' dir='ltr'>officio</span> <span class='ocrx_word' id='word_1_148' title='bbox 248 1829 420 1904; x_wconf 76' lang='lat' dir='ltr'>incongruus</span> <span class='ocrx_word' id='word_1_149' title='bbox 440 1829 574 1887; x_wconf 89' lang='lat' dir='ltr'>redditur.</span> <span class='ocrx_word' id='word_1_150' title='bbox 619 1829 705 1887; x_wconf 87' lang='lat' dir='ltr'>Unde</span> <span class='ocrx_word' id='word_1_151' title='bbox 726 1829 837 1888; x_wconf 89' lang='lat' dir='ltr'>clericis</span> <span class='ocrx_word' id='word_1_152' title='bbox 861 1830 978 1887; x_wconf 90' lang='lat' dir='ltr'>omniuo</span> <span class='ocrx_word' id='word_1_153' title='bbox 999 1847 1061 1887; x_wconf 90' lang='lat' dir='ltr'>non</span> <span class='ocrx_word' id='word_1_154' title='bbox 1080 1828 1149 1887; x_wconf 89' lang='lat' dir='ltr'>licet</span> <span class='ocrx_word' id='word_1_155' title='bbox 1160 1827 1230 1885; x_wconf 91' lang='lat' dir='ltr'>bella</span> 
     </span>
     <span class='ocr_line' id='line_1_18' title="bbox 141 1920 1229 2005; baseline -0.002 -19"><span class='ocrx_word' id='word_1_156' title='bbox 141 1932 249 2005; x_wconf 66' lang='lat' dir='ltr'>gemm,</span> <span class='ocrx_word' id='word_1_157' title='bbox 272 1944 335 1998; x_wconf 80' lang='lat' dir='ltr'>que</span> <span class='ocrx_word' id='word_1_158' title='bbox 358 1926 521 1985; x_wconf 89' lang='lat' dir='ltr'>ordinantur</span> <span class='ocrx_word' id='word_1_159' title='bbox 543 1927 578 1985; x_wconf 88' lang='lat' dir='ltr'>ad</span> <span class='ocrx_word' id='word_1_160' title='bbox 600 1930 747 2004; x_wconf 82' lang='lat' dir='ltr'>sanguinis</span> <span class='ocrx_word' id='word_1_161' title='bbox 773 1920 994 1987; x_wconf 79' lang='lat' dir='ltr'>effusionem.”²</span> <span class='ocrx_word' id='word_1_162' title='bbox 1033 1927 1079 1989; x_wconf 91' lang='lat' dir='ltr'>lta</span> <span class='ocrx_word' id='word_1_163' title='bbox 1102 1926 1229 2003; x_wconf 74' lang='lat' dir='ltr'>preclare</span> 
     </span>
     <span class='ocr_line' id='line_1_19' title="bbox 142 2024 993 2089; baseline 0 -5"><span class='ocrx_word' id='word_1_164' title='bbox 142 2024 255 2084; x_wconf 84' lang='lat' dir='ltr'>disserit</span> <span class='ocrx_word' id='word_1_165' title='bbox 267 2024 299 2081; x_wconf 86' lang='lat' dir='ltr'>S.</span> <span class='ocrx_word' id='word_1_166' title='bbox 316 2024 456 2084; x_wconf 87' lang='lat' dir='ltr'>Thomas.</span> <span class='ocrx_word' id='word_1_167' title='bbox 791 2084 794 2089; x_wconf 78' lang='grc'><strong>,</strong></span> <span class='ocrx_word' id='word_1_168' title='bbox 989 2036 993 2042; x_wconf 82' lang='grc'><strong>’</strong></span> 
     </span>
    </p>

    <p class='ocr_par' dir='ltr' id='par_1_5' title="bbox 101 2121 1235 3284">
     <span class='ocr_line' id='line_1_20' title="bbox 181 2121 1229 2204; baseline -0.004 -19"><span class='ocrx_word' id='word_1_169' title='bbox 181 2130 231 2185; x_wconf 78' lang='lat'>27.</span> <span class='ocrx_word' id='word_1_170' title='bbox 253 2121 375 2182; x_wconf 74' lang='lat' dir='ltr'>clericis</span> <span class='ocrx_word' id='word_1_171' title='bbox 398 2124 523 2184; x_wconf 90' lang='lat' dir='ltr'>districte</span> <span class='ocrx_word' id='word_1_172' title='bbox 548 2127 715 2204; x_wconf 89' lang='lat' dir='ltr'>pmhibetur</span> <span class='ocrx_word' id='word_1_173' title='bbox 742 2129 909 2204; x_wconf 82' lang='lat' dir='ltr'>sanguinem</span> <span class='ocrx_word' id='word_1_174' title='bbox 932 2128 1094 2185; x_wconf 87' lang='lat' dir='ltr'>humanum</span> <span class='ocrx_word' id='word_1_175' title='bbox 1114 2124 1229 2184; x_wconf 81' lang='lat' dir='ltr'>fundere</span> 
     </span>
     <span class='ocr_line' id='line_1_21' title="bbox 141 2221 1229 2303; baseline 0 -23"><span class='ocrx_word' id='word_1_176' title='bbox 141 2225 226 2281; x_wconf 88' lang='lat' dir='ltr'>etiam</span> <span class='ocrx_word' id='word_1_177' title='bbox 236 2224 320 2300; x_wconf 88' lang='lat' dir='ltr'>juxta</span> <span class='ocrx_word' id='word_1_178' title='bbox 332 2221 460 2281; x_wconf 88' lang='lat' dir='ltr'>ordinem</span> <span class='ocrx_word' id='word_1_179' title='bbox 477 2227 615 2301; x_wconf 76' lang='lat' dir='ltr'>Justitiae3</span> <span class='ocrx_word' id='word_1_180' title='bbox 635 2227 681 2285; x_wconf 86' lang='lat' dir='ltr'>vel</span> <span class='ocrx_word' id='word_1_181' title='bbox 703 2244 820 2303; x_wconf 88' lang='lat' dir='ltr'>operam</span> <span class='ocrx_word' id='word_1_182' title='bbox 841 2244 921 2284; x_wconf 87' lang='lat' dir='ltr'>suam</span> <span class='ocrx_word' id='word_1_183' title='bbox 933 2224 975 2291; x_wconf 62' lang='grc'>1</span> <span class='ocrx_word' id='word_1_184' title='bbox 992 2222 1141 2283; x_wconf 78' lang='lat' dir='ltr'>fundendo</span> <span class='ocrx_word' id='word_1_185' title='bbox 1162 2241 1229 2300; x_wconf 80' lang='lat' dir='ltr'>pre·</span> 
     </span>
     <span class='ocr_line' id='line_1_22' title="bbox 101 2319 1227 2406; baseline -0.002 -28"><span class='ocrx_word' id='word_1_186' title='bbox 101 2401 104 2406; x_wconf 21' lang='lat'>¹</span> <span class='ocrx_word' id='word_1_187' title='bbox 141 2329 233 2379; x_wconf 82' lang='lat' dir='ltr'>stare:</span> <span class='ocrx_word' id='word_1_188' title='bbox 256 2319 463 2379; x_wconf 84' lang='lat' dir='ltr'>“Sententiam</span> <span class='ocrx_word' id='word_1_189' title='bbox 485 2325 632 2398; x_wconf 83' lang='lat' dir='ltr'>sanguinis</span> <span class='ocrx_word' id='word_1_190' title='bbox 656 2325 752 2382; x_wconf 89' lang='lat' dir='ltr'>nullus</span> <span class='ocrx_word' id='word_1_191' title='bbox 773 2324 892 2382; x_wconf 88' lang='lat' dir='ltr'>clericus</span> <span class='ocrx_word' id='word_1_192' title='bbox 915 2323 1011 2390; x_wconf 79' lang='lat' dir='ltr'>dictet,</span> <span class='ocrx_word' id='word_1_193' title='bbox 1025 2331 1074 2381; x_wconf 83' lang='lat' dir='ltr'>aut</span> <span class='ocrx_word' id='word_1_194' title='bbox 1090 2322 1227 2397; x_wconf 80' lang='lat' dir='ltr'>proterat:</span> 
     </span>
     <span class='ocr_line' id='line_1_23' title="bbox 141 2417 1229 2494; baseline -0.002 -18"><span class='ocrx_word' id='word_1_195' title='bbox 141 2417 193 2476; x_wconf 91' lang='lat' dir='ltr'>sed</span> <span class='ocrx_word' id='word_1_196' title='bbox 204 2436 257 2477; x_wconf 89' lang='lat' dir='ltr'>nec</span> <span class='ocrx_word' id='word_1_197' title='bbox 270 2418 416 2494; x_wconf 78' lang='lat' dir='ltr'>sanguinis</span> <span class='ocrx_word' id='word_1_198' title='bbox 437 2419 591 2481; x_wconf 74' lang='lat' dir='ltr'>vindictam</span> <span class='ocrx_word' id='word_1_199' title='bbox 605 2433 746 2488; x_wconf 85' lang='lat' dir='ltr'>exerceat,</span> <span class='ocrx_word' id='word_1_200' title='bbox 762 2432 810 2479; x_wconf 92' lang='lat' dir='ltr'>aut</span> <span class='ocrx_word' id='word_1_201' title='bbox 830 2422 880 2479; x_wconf 89' lang='lat' dir='ltr'>ubi</span> <span class='ocrx_word' id='word_1_202' title='bbox 892 2430 1039 2478; x_wconf 76' lang='lat' dir='ltr'>exercebit</span> <span class='ocrx_word' id='word_1_203' title='bbox 1061 2421 1184 2479; x_wconf 84' lang='lat' dir='ltr'>intersit.</span> <span class='ocrx_word' id='word_1_204' title='bbox 1199 2460 1207 2475; x_wconf 91' lang='lat'>.</span> <span class='ocrx_word' id='word_1_205' title='bbox 1222 2460 1229 2474; x_wconf 93' lang='lat'>.</span> 
     </span>
     <span class='ocr_line' id='line_1_24' title="bbox 143 2517 1231 2594; baseline -0.001 -18"><span class='ocrx_word' id='word_1_206' title='bbox 143 2517 208 2576; x_wconf 88' lang='lat' dir='ltr'>Nec</span> <span class='ocrx_word' id='word_1_207' title='bbox 220 2517 371 2590; x_wconf 90' lang='lat' dir='ltr'>quisquam</span> <span class='ocrx_word' id='word_1_208' title='bbox 382 2518 501 2576; x_wconf 91' lang='lat' dir='ltr'>clericus</span> <span class='ocrx_word' id='word_1_209' title='bbox 514 2517 619 2575; x_wconf 87' lang='lat' dir='ltr'>litteras</span> <span class='ocrx_word' id='word_1_210' title='bbox 639 2520 742 2576; x_wconf 88' lang='lat' dir='ltr'>scribat</span> <span class='ocrx_word' id='word_1_211' title='bbox 761 2527 809 2576; x_wconf 88' lang='lat' dir='ltr'>aut</span> <span class='ocrx_word' id='word_1_212' title='bbox 820 2517 909 2576; x_wconf 91' lang='lat' dir='ltr'>dictet</span> <span class='ocrx_word' id='word_1_213' title='bbox 920 2538 972 2594; x_wconf 92' lang='lat' dir='ltr'>pro</span> <span class='ocrx_word' id='word_1_214' title='bbox 983 2517 1111 2576; x_wconf 75' lang='lat' dir='ltr'>vindicta</span> <span class='ocrx_word' id='word_1_215' title='bbox 1122 2518 1231 2593; x_wconf 81' lang='lat' dir='ltr'>sangui·</span> 
     </span>
     <span class='ocr_line' id='line_1_25' title="bbox 143 2608 1230 2675; baseline -0.003 0"><span class='ocrx_word' id='word_1_216' title='bbox 143 2616 187 2675; x_wconf 86' lang='lat' dir='ltr'>uis</span> <span class='ocrx_word' id='word_1_217' title='bbox 204 2608 432 2674; x_wconf 79' lang='lat' dir='ltr'>destinandas.&#39;&#39;³</span> <span class='ocrx_word' id='word_1_218' title='bbox 472 2616 515 2674; x_wconf 92' lang='lat' dir='ltr'>lta</span> <span class='ocrx_word' id='word_1_219' title='bbox 531 2617 685 2675; x_wconf 89' lang='lat' dir='ltr'>concilium</span> <span class='ocrx_word' id='word_1_220' title='bbox 704 2617 896 2675; x_wconf 87' lang='lat' dir='ltr'>Lateranense</span> <span class='ocrx_word' id='word_1_221' title='bbox 913 2618 952 2674; x_wconf 81' lang='lat' dir='ltr'>ir.</span> <span class='ocrx_word' id='word_1_222' title='bbox 994 2616 1134 2675; x_wconf 82' lang='lat' dir='ltr'>Rationes</span> <span class='ocrx_word' id='word_1_223' title='bbox 1156 2615 1230 2673; x_wconf 84' lang='lat' dir='ltr'>vetiti</span> 
     </span>
     <span class='ocr_line' id='line_1_26' title="bbox 143 2712 1231 2790; baseline -0.002 -18"><span class='ocrx_word' id='word_1_224' title='bbox 143 2712 217 2790; x_wconf 85' lang='lat' dir='ltr'>apud</span> <span class='ocrx_word' id='word_1_225' title='bbox 231 2713 263 2770; x_wconf 82' lang='lat' dir='ltr'>S.</span> <span class='ocrx_word' id='word_1_226' title='bbox 279 2713 424 2771; x_wconf 90' lang='lat' dir='ltr'>Thomam</span> <span class='ocrx_word' id='word_1_227' title='bbox 446 2716 574 2774; x_wconf 88' lang='lat' dir='ltr'>invenire</span> <span class='ocrx_word' id='word_1_228' title='bbox 595 2726 655 2772; x_wconf 87' lang='lat' dir='ltr'>est:</span> <span class='ocrx_word' id='word_1_229' title='bbox 678 2717 808 2774; x_wconf 86' lang='lat' dir='ltr'>“Primo</span> <span class='ocrx_word' id='word_1_230' title='bbox 827 2714 956 2788; x_wconf 78' lang='lat' dir='ltr'>quidem,</span> <span class='ocrx_word' id='word_1_231' title='bbox 976 2717 1046 2788; x_wconf 87' lang='lat' dir='ltr'>quia</span> <span class='ocrx_word' id='word_1_232' title='bbox 1064 2723 1133 2772; x_wconf 87' lang='lat' dir='ltr'>sunt</span> <span class='ocrx_word' id='word_1_233' title='bbox 1153 2714 1231 2771; x_wconf 85' lang='lat' dir='ltr'>electi</span> 
     </span>
     <span class='ocr_line' id='line_1_27' title="bbox 142 2810 1231 2891; baseline -0.001 -23"><span class='ocrx_word' id='word_1_234' title='bbox 142 2810 178 2868; x_wconf 86' lang='lat' dir='ltr'>ad</span> <span class='ocrx_word' id='word_1_235' title='bbox 190 2810 283 2867; x_wconf 84' lang='lat' dir='ltr'>altaris</span> <span class='ocrx_word' id='word_1_236' title='bbox 298 2812 496 2880; x_wconf 89' lang='lat' dir='ltr'>ministerium,</span> <span class='ocrx_word' id='word_1_237' title='bbox 517 2817 547 2872; x_wconf 91' lang='lat' dir='ltr'>in</span> <span class='ocrx_word' id='word_1_238' title='bbox 570 2833 627 2887; x_wconf 90' lang='lat' dir='ltr'>quo</span> <span class='ocrx_word' id='word_1_239' title='bbox 644 2824 857 2891; x_wconf 84' lang='lat' dir='ltr'>repraesentatur</span> <span class='ocrx_word' id='word_1_240' title='bbox 876 2815 974 2890; x_wconf 87' lang='lat' dir='ltr'>passio</span> <span class='ocrx_word' id='word_1_241' title='bbox 995 2812 1110 2872; x_wconf 79' lang='lat' dir='ltr'>christi</span> <span class='ocrx_word' id='word_1_242' title='bbox 1129 2812 1231 2872; x_wconf 87' lang='lat' dir='ltr'>occisi:</span> 
     </span>
     <span class='ocr_line' id='line_1_28' title="bbox 143 2909 1232 2988; baseline 0 -22"><span class='ocrx_word' id='word_1_243' title='bbox 143 2909 289 2982; x_wconf 81' lang='lat' dir='ltr'>‘quicum</span> <span class='ocrx_word' id='word_1_244' title='bbox 303 2918 503 2984; x_wconf 88' lang='lat' dir='ltr'>percuteretur,</span> <span class='ocrx_word' id='word_1_245' title='bbox 518 2931 573 2969; x_wconf 91' lang='lat' dir='ltr'>non</span> <span class='ocrx_word' id='word_1_246' title='bbox 588 2912 812 2988; x_wconf 48' lang='lat' dir='ltr'>repercutiebat?</span> <span class='ocrx_word' id='word_1_247' title='bbox 833 2924 865 2970; x_wconf 93' lang='lat' dir='ltr'>ut</span> <span class='ocrx_word' id='word_1_248' title='bbox 884 2912 995 2979; x_wconf 84' lang='lat' dir='ltr'>dicitur,</span> <span class='ocrx_word' id='word_1_249' title='bbox 1012 2916 1025 2969; x_wconf 92' lang='lat' dir='ltr'>l</span> <span class='ocrx_word' id='word_1_250' title='bbox 1042 2912 1107 2970; x_wconf 87' lang='lat' dir='ltr'>Pet.</span> <span class='ocrx_word' id='word_1_251' title='bbox 1121 2912 1151 2970; x_wconf 92' lang='lat' dir='ltr'>ii.</span> <span class='ocrx_word' id='word_1_252' title='bbox 1192 2909 1232 2967; x_wconf 86' lang='lat' dir='ltr'>Et</span> 
     </span>
     <span class='ocr_line' id='line_1_29' title="bbox 143 3007 1235 3089; baseline -0.002 -23"><span class='ocrx_word' id='word_1_253' title='bbox 143 3007 208 3066; x_wconf 86' lang='lat' dir='ltr'>ideo</span> <span class='ocrx_word' id='word_1_254' title='bbox 220 3025 278 3066; x_wconf 89' lang='lat' dir='ltr'>non</span> <span class='ocrx_word' id='word_1_255' title='bbox 291 3008 436 3084; x_wconf 88' lang='lat' dir='ltr'>competit,</span> <span class='ocrx_word' id='word_1_256' title='bbox 450 3017 481 3065; x_wconf 90' lang='lat' dir='ltr'>ut</span> <span class='ocrx_word' id='word_1_257' title='bbox 493 3009 589 3069; x_wconf 91' lang='lat' dir='ltr'>clerici</span> <span class='ocrx_word' id='word_1_258' title='bbox 602 3013 661 3069; x_wconf 89' lang='lat' dir='ltr'>sint</span> <span class='ocrx_word' id='word_1_259' title='bbox 673 3030 867 3089; x_wconf 83' lang='lat' dir='ltr'>percussores,</span> <span class='ocrx_word' id='word_1_260' title='bbox 881 3020 930 3068; x_wconf 86' lang='lat' dir='ltr'>aut</span> <span class='ocrx_word' id='word_1_261' title='bbox 941 3011 1101 3071; x_wconf 85' lang='lat' dir='ltr'>occisores.</span> <span class='ocrx_word' id='word_1_262' title='bbox 1122 3009 1235 3068; x_wconf 91' lang='lat' dir='ltr'>Debent</span> 
     </span>
     <span class='ocr_line' id='line_1_30' title="bbox 143 3105 1233 3187; baseline -0.001 -23"><span class='ocrx_word' id='word_1_263' title='bbox 143 3107 220 3165; x_wconf 89' lang='lat' dir='ltr'>enim</span> <span class='ocrx_word' id='word_1_264' title='bbox 234 3107 355 3165; x_wconf 88' lang='lat' dir='ltr'>ministri</span> <span class='ocrx_word' id='word_1_265' title='bbox 375 3124 459 3165; x_wconf 90' lang='lat' dir='ltr'>suum</span> <span class='ocrx_word' id='word_1_266' title='bbox 478 3106 626 3167; x_wconf 90' lang='lat' dir='ltr'>dominum</span> <span class='ocrx_word' id='word_1_267' title='bbox 649 3105 799 3168; x_wconf 84' lang='lat' dir='ltr'>imitari.&#39;’⁴</span> <span class='ocrx_word' id='word_1_268' title='bbox 838 3109 1028 3187; x_wconf 75' lang='lat' dir='ltr'>Irregulores</span> <span class='ocrx_word' id='word_1_269' title='bbox 1043 3110 1118 3168; x_wconf 90' lang='lat' dir='ltr'>tiunt</span> <span class='ocrx_word' id='word_1_270' title='bbox 1136 3108 1186 3182; x_wconf 91' lang='lat' dir='ltr'>qui</span> <span class='ocrx_word' id='word_1_271' title='bbox 1199 3105 1233 3164; x_wconf 84' lang='lat' dir='ltr'>ad</span> 
     </span>
     <span class='ocr_line' id='line_1_31' title="bbox 144 3205 909 3284; baseline 0.007 -23"><span class='ocrx_word' id='word_1_272' title='bbox 144 3206 289 3281; x_wconf 81' lang='lat' dir='ltr'>sanguinis</span> <span class='ocrx_word' id='word_1_273' title='bbox 302 3205 420 3263; x_wconf 88' lang='lat' dir='ltr'>humani</span> <span class='ocrx_word' id='word_1_274' title='bbox 434 3205 575 3267; x_wconf 86' lang='lat' dir='ltr'>fusionem</span> <span class='ocrx_word' id='word_1_275' title='bbox 589 3225 704 3282; x_wconf 90' lang='lat' dir='ltr'>operam</span> <span class='ocrx_word' id='word_1_276' title='bbox 718 3210 909 3284; x_wconf 73' lang='lat' dir='ltr'>prostiterint.</span> 
     </span>
    </p>

    <p class='ocr_par' dir='ltr' id='par_1_6' title="bbox 182 3301 1235 3380">
     <span class='ocr_line' id='line_1_32' title="bbox 182 3301 1235 3380; baseline 0.001 -23"><span class='ocrx_word' id='word_1_277' title='bbox 182 3305 232 3358; x_wconf 78' lang='lat'>28.</span> <span class='ocrx_word' id='word_1_278' title='bbox 254 3301 415 3380; x_wconf 81' lang='lat' dir='ltr'>Chirurgiae</span> <span class='ocrx_word' id='word_1_279' title='bbox 428 3308 604 3373; x_wconf 81' lang='lat' dir='ltr'>exercitium,</span> <span class='ocrx_word' id='word_1_280' title='bbox 619 3323 677 3377; x_wconf 90' lang='lat' dir='ltr'>quo</span> <span class='ocrx_word' id='word_1_281' title='bbox 697 3305 806 3366; x_wconf 90' lang='lat' dir='ltr'>adustio</span> <span class='ocrx_word' id='word_1_282' title='bbox 827 3307 872 3364; x_wconf 87' lang='lat' dir='ltr'>vel</span> <span class='ocrx_word' id='word_1_283' title='bbox 892 3307 993 3365; x_wconf 91' lang='lat' dir='ltr'>incisio</span> <span class='ocrx_word' id='word_1_284' title='bbox 1006 3305 1137 3371; x_wconf 76' lang='lat' dir='ltr'>insertam,</span> <span class='ocrx_word' id='word_1_285' title='bbox 1157 3320 1235 3360; x_wconf 84' lang='lat' dir='ltr'>sacro</span> 
     </span>
    </p>
   </div>
   <div class='ocr_carea' id='block_1_5' title="bbox 145 3396 1354 3492">
    <p class='ocr_par' dir='ltr' id='par_1_7' title="bbox 145 3396 1354 3492">
     <span class='ocr_line' id='line_1_33' title="bbox 145 3396 1354 3492; baseline 0.007 -37"><span class='ocrx_word' id='word_1_286' title='bbox 145 3396 243 3456; x_wconf 87' lang='lat' dir='ltr'>ordine</span> <span class='ocrx_word' id='word_1_287' title='bbox 257 3400 374 3458; x_wconf 89' lang='lat' dir='ltr'>initiatis</span> <span class='ocrx_word' id='word_1_288' title='bbox 388 3420 445 3459; x_wconf 90' lang='lat' dir='ltr'>non</span> <span class='ocrx_word' id='word_1_289' title='bbox 459 3402 542 3461; x_wconf 90' lang='lat' dir='ltr'>licet:</span> <span class='ocrx_word' id='word_1_290' title='bbox 565 3403 659 3462; x_wconf 86' lang='lat' dir='ltr'>“Nec</span> <span class='ocrx_word' id='word_1_291' title='bbox 672 3404 760 3465; x_wconf 86' lang='lat' dir='ltr'>ullam</span> <span class='ocrx_word' id='word_1_292' title='bbox 773 3405 920 3482; x_wconf 78' lang='lat' dir='ltr'>chirurgia</span> <span class='ocrx_word' id='word_1_293' title='bbox 933 3415 1021 3464; x_wconf 86' lang='lat' dir='ltr'>artem</span> <span class='ocrx_word' id='word_1_294' title='bbox 1033 3401 1234 3467; x_wconf 78' lang='lat' dir='ltr'>subdiaconus,</span> <span class='ocrx_word' id='word_1_295' title='bbox 1337 3484 1354 3492; x_wconf 29' lang='grc' dir='ltr'>ε</span> 
     </span>
    </p>
   </div>
   <div class='ocr_carea' id='block_1_6' title="bbox 124 3584 1235 3992">
    <p class='ocr_par' dir='ltr' id='par_1_8' title="bbox 124 3584 1235 3910">
     <span class='ocr_line' id='line_1_34' title="bbox 177 3584 1235 3651; baseline 0.002 -19"><span class='ocrx_word' id='word_1_296' title='bbox 177 3586 217 3651; x_wconf 79' lang='lat' dir='ltr'>(l)</span> <span class='ocrx_word' id='word_1_297' title='bbox 236 3598 270 3651; x_wconf 69' lang='lat' dir='ltr'>erp</span> <span class='ocrx_word' id='word_1_298' title='bbox 281 3589 336 3649; x_wconf 58' lang='lat' dir='ltr'>bre.</span> <span class='ocrx_word' id='word_1_299' title='bbox 370 3584 400 3633; x_wconf 87' lang='lat' dir='ltr'>In</span> <span class='ocrx_word' id='word_1_300' title='bbox 416 3584 497 3647; x_wconf 77' lang='lat' dir='ltr'>aliquo</span> <span class='ocrx_word' id='word_1_301' title='bbox 514 3585 604 3644; x_wconf 84' lang='lat' dir='ltr'>codice,</span> <span class='ocrx_word' id='word_1_302' title='bbox 616 3601 690 3649; x_wconf 85' lang='lat' dir='ltr'>quem</span> <span class='ocrx_word' id='word_1_303' title='bbox 707 3595 777 3636; x_wconf 83' lang='lat' dir='ltr'>notat</span> <span class='ocrx_word' id='word_1_304' title='bbox 794 3586 934 3646; x_wconf 81' lang='lat' dir='ltr'>Griesbech,</span> <span class='ocrx_word' id='word_1_305' title='bbox 952 3588 1084 3647; x_wconf 80' lang='lat' dir='ltr'>invenitur,</span> <span class='ocrx_word' id='word_1_306' title='bbox 1102 3586 1146 3637; x_wconf 83' lang='lat' dir='ltr'>sed</span> <span class='ocrx_word' id='word_1_307' title='bbox 1162 3584 1188 3636; x_wconf 88' lang='lat' dir='ltr'>iu</span> <span class='ocrx_word' id='word_1_308' title='bbox 1200 3600 1235 3634; x_wconf 86' lang='lat' dir='ltr'>re·</span> 
     </span>
     <span class='ocr_line' id='line_1_35' title="bbox 124 3667 1235 3736; baseline 0.001 -17"><span class='ocrx_word' id='word_1_309' title='bbox 124 3680 130 3692; x_wconf 89' lang='lat'><strong>·</strong></span> <span class='ocrx_word' id='word_1_310' title='bbox 142 3678 213 3734; x_wconf 86' lang='lat' dir='ltr'>copto</span> <span class='ocrx_word' id='word_1_311' title='bbox 223 3676 292 3719; x_wconf 86' lang='lat' dir='ltr'>textu</span> <span class='ocrx_word' id='word_1_312' title='bbox 303 3668 377 3718; x_wconf 80' lang='lat' dir='ltr'>deest</span> <span class='ocrx_word' id='word_1_313' title='bbox 411 3667 513 3718; x_wconf 86' lang='lat' dir='ltr'>Videtur</span> <span class='ocrx_word' id='word_1_314' title='bbox 524 3669 658 3733; x_wconf 83' lang='lat' dir='ltr'>Apostolus</span> <span class='ocrx_word' id='word_1_315' title='bbox 668 3671 782 3735; x_wconf 83' lang='lat' dir='ltr'>exemplo</span> <span class='ocrx_word' id='word_1_316' title='bbox 794 3672 949 3730; x_wconf 71' lang='lat' dir='ltr'>militemini,</span> <span class='ocrx_word' id='word_1_317' title='bbox 961 3671 1050 3736; x_wconf 78' lang='lat' dir='ltr'>quihus</span> <span class='ocrx_word' id='word_1_318' title='bbox 1061 3670 1158 3733; x_wconf 73' lang='lat' dir='ltr'>legibus</span> <span class='ocrx_word' id='word_1_319' title='bbox 1170 3678 1235 3720; x_wconf 74' lang='lat' dir='ltr'>retu·</span> 
     </span>
     <span class='ocr_line' id='line_1_36' title="bbox 141 3755 1234 3819; baseline -0.001 -12"><span class='ocrx_word' id='word_1_320' title='bbox 141 3756 212 3807; x_wconf 79' lang='lat' dir='ltr'>betur</span> <span class='ocrx_word' id='word_1_321' title='bbox 221 3771 254 3806; x_wconf 85' lang='lat' dir='ltr'>ns</span> <span class='ocrx_word' id='word_1_322' title='bbox 264 3757 369 3819; x_wconf 73' lang='lat' dir='ltr'>negotis,</span> <span class='ocrx_word' id='word_1_323' title='bbox 386 3755 462 3806; x_wconf 82' lang='lat' dir='ltr'>instar</span> <span class='ocrx_word' id='word_1_324' title='bbox 478 3763 618 3806; x_wconf 73' lang='lat' dir='ltr'>ceterorum</span> <span class='ocrx_word' id='word_1_325' title='bbox 635 3756 734 3814; x_wconf 82' lang='lat' dir='ltr'>civium,</span> <span class='ocrx_word' id='word_1_326' title='bbox 750 3767 896 3817; x_wconf 78' lang='lat' dir='ltr'>exercerent,</span> <span class='ocrx_word' id='word_1_327' title='bbox 907 3767 936 3808; x_wconf 88' lang='lat' dir='ltr'>ut</span> <span class='ocrx_word' id='word_1_328' title='bbox 947 3759 981 3808; x_wconf 83' lang='lat' dir='ltr'>rei</span> <span class='ocrx_word' id='word_1_329' title='bbox 998 3757 1097 3809; x_wconf 75' lang='lat' dir='ltr'>militari</span> <span class='ocrx_word' id='word_1_330' title='bbox 1109 3756 1155 3807; x_wconf 90' lang='lat' dir='ltr'>toti</span> <span class='ocrx_word' id='word_1_331' title='bbox 1167 3771 1234 3806; x_wconf 74' lang='lat' dir='ltr'>reos.</span> 
     </span>
     <span class='ocr_line' id='line_1_37' title="bbox 142 3841 907 3910; baseline 0.007 -19"><span class='ocrx_word' id='word_1_332' title='bbox 142 3844 203 3900; x_wconf 60' lang='lat' dir='ltr'>td.</span> <span class='ocrx_word' id='word_1_333' title='bbox 214 3849 239 3892; x_wconf 83' lang='lat' dir='ltr'>ot</span> <span class='ocrx_word' id='word_1_334' title='bbox 247 3841 396 3907; x_wconf 78' lang='lat' dir='ltr'>impemtorio</span> <span class='ocrx_word' id='word_1_335' title='bbox 404 3842 483 3908; x_wconf 81' lang='lat' dir='ltr'>jussis</span> <span class='ocrx_word' id='word_1_336' title='bbox 491 3842 621 3907; x_wconf 83' lang='lat' dir='ltr'>implendis</span> <span class='ocrx_word' id='word_1_337' title='bbox 630 3858 726 3908; x_wconf 82' lang='lat' dir='ltr'>semper</span> <span class='ocrx_word' id='word_1_338' title='bbox 736 3844 815 3895; x_wconf 82' lang='lat' dir='ltr'>forent</span> <span class='ocrx_word' id='word_1_339' title='bbox 822 3844 907 3910; x_wconf 77' lang='lat' dir='ltr'>parati.</span> 
     </span>
    </p>

    <p class='ocr_par' dir='ltr' id='par_1_9' title="bbox 178 3923 599 3992">
     <span class='ocr_line' id='line_1_38' title="bbox 178 3923 599 3992; baseline 0 -20"><span class='ocrx_word' id='word_1_340' title='bbox 178 3923 220 3988; x_wconf 77' lang='lat'>(2)</span> <span class='ocrx_word' id='word_1_341' title='bbox 240 3926 264 3972; x_wconf 79' lang='lat'>2.</span> <span class='ocrx_word' id='word_1_342' title='bbox 276 3929 299 3974; x_wconf 73' lang='grc'>9.</span> <span class='ocrx_word' id='word_1_343' title='bbox 311 3939 352 3987; x_wconf 88' lang='lat' dir='ltr'>qu.</span> <span class='ocrx_word' id='word_1_344' title='bbox 364 3925 397 3974; x_wconf 80' lang='lat' dir='ltr'>xl</span> <span class='ocrx_word' id='word_1_345' title='bbox 409 3932 452 3975; x_wconf 82' lang='lat' dir='ltr'>ert.</span> <span class='ocrx_word' id='word_1_346' title='bbox 464 3924 489 3974; x_wconf 90' lang='lat' dir='ltr'>ii.</span> <span class='ocrx_word' id='word_1_347' title='bbox 523 3924 599 3992; x_wconf 71' lang='grc' dir='ltr'>Κεφ.</span> 
     </span>
    </p>
   </div>
   <div class='ocr_carea' id='block_1_7' title="bbox 178 4005 942 4159">
    <p class='ocr_par' dir='ltr' id='par_1_10' title="bbox 178 4005 942 4159">
     <span class='ocr_line' id='line_1_39' title="bbox 178 4005 942 4074; baseline 0.008 -20"><span class='ocrx_word' id='word_1_348' title='bbox 178 4007 221 4071; x_wconf 81' lang='lat'>(8)</span> <span class='ocrx_word' id='word_1_349' title='bbox 240 4005 301 4056; x_wconf 81' lang='lat' dir='ltr'>cru.</span> <span class='ocrx_word' id='word_1_350' title='bbox 313 4008 382 4057; x_wconf 81' lang='lat' dir='ltr'>xviii.</span> <span class='ocrx_word' id='word_1_351' title='bbox 408 4007 473 4058; x_wconf 80' lang='lat' dir='ltr'>Vide</span> <span class='ocrx_word' id='word_1_352' title='bbox 484 4015 508 4058; x_wconf 87' lang='lat' dir='ltr'>st</span> <span class='ocrx_word' id='word_1_353' title='bbox 519 4025 572 4074; x_wconf 79' lang='lat' dir='ltr'>esp.</span> <span class='ocrx_word' id='word_1_354' title='bbox 584 4009 617 4059; x_wconf 87' lang='lat' dir='ltr'>ir.</span> <span class='ocrx_word' id='word_1_355' title='bbox 631 4009 667 4060; x_wconf 85' lang='lat' dir='ltr'>Ne</span> <span class='ocrx_word' id='word_1_356' title='bbox 678 4007 760 4061; x_wconf 81' lang='lat' dir='ltr'>cleriei</span> <span class='ocrx_word' id='word_1_357' title='bbox 771 4008 810 4061; x_wconf 81' lang='lat' dir='ltr'>nel</span> <span class='ocrx_word' id='word_1_358' title='bbox 819 4007 942 4062; x_wconf 74' lang='lat' dir='ltr'>monachi.</span> 
     </span>
     <span class='ocr_line' id='line_1_40' title="bbox 179 4088 627 4159; baseline 0.009 -23"><span class='ocrx_word' id='word_1_359' title='bbox 179 4088 220 4156; x_wconf 78' lang='grc'>(4)</span> <span class='ocrx_word' id='word_1_360' title='bbox 240 4091 264 4138; x_wconf 77' lang='lat'>2.</span> <span class='ocrx_word' id='word_1_361' title='bbox 275 4091 299 4138; x_wconf 77' lang='lat'>2.</span> <span class='ocrx_word' id='word_1_362' title='bbox 311 4103 351 4156; x_wconf 87' lang='lat' dir='ltr'>qu.</span> <span class='ocrx_word' id='word_1_363' title='bbox 363 4088 421 4140; x_wconf 80' lang='lat' dir='ltr'>lxiv.</span> <span class='ocrx_word' id='word_1_364' title='bbox 431 4098 475 4141; x_wconf 85' lang='lat' dir='ltr'>art.</span> <span class='ocrx_word' id='word_1_365' title='bbox 486 4090 518 4140; x_wconf 81' lang='lat' dir='ltr'>iv.</span> <span class='ocrx_word' id='word_1_366' title='bbox 552 4089 627 4159; x_wconf 68' lang='grc' dir='ltr'>Καρ.</span> 
     </span>
    </p>
   </div>
   <div class='ocr_carea' id='block_1_8' title="bbox 0 0 1388 4980">
    <p class='ocr_par' dir='ltr' id='par_1_11' title="bbox 0 0 1388 4980">
     <span class='ocr_line' id='line_1_41' title="bbox 0 0 1388 4980; baseline 0 0"><span class='ocrx_word' id='word_1_367' title='bbox 0 0 1388 4980; x_wconf 95' lang='lat' dir='ltr'> </span> 
     </span>
    </p>
   </div>
  </div>
 </body>
</html>
