2744 4980
241 354 249 367 ’
363 354 453 458 *on
473 396 626 460 nanum
647 370 949 466 antoanam.
1160 409 1216 464 nn

126 565 232 641 duplex
257 580 325 622 vero
350 565 376 621 si
401 573 514 640 urgeret
545 564 711 625 confessarii
736 573 911 644 preceptum
936 568 1108 642 ponitentiae
1131 587 1215 627 cansa

127 666 226 724 latum.

163 767 214 823 24.
237 762 347 822 Totum
367 779 440 838 opus
459 782 476 820 a
497 761 752 839 lege-praeceptum
775 764 893 841 implere
912 767 937 822 si
957 767 1021 838 qnia
1041 783 1100 825 non
1117 765 1216 833 valeat,

126 873 235 938 partem
249 879 335 934 quam
348 870 443 937 potest
455 862 560 934 exequi
572 861 664 929 debet,
679 864 761 921 sires
775 861 862 922 dividi
882 873 975 936 queat,
996 866 1139 942 partisque
1152 883 1218 923 exe·

126 964 203 1020 cuno
216 962 288 1037 legis
307 959 359 1018 fini
379 959 556 1032 aliquatenus
576 961 719 1020 inserviat
762 960 841 1020 Hinc
860 963 961 1020 merito
979 962 1109 1023 damnata
1128 975 1172 1021 est
1184 964 1218 1020 ab

128 1059 295 1120 Innocentio
308 1057 363 1117 XI.
377 1059 536 1135 propositio
547 1044 565 1115 ε’
578 1060 667 1126 “Qui
680 1077 739 1119 non
757 1071 852 1136 potest
869 1062 985 1119 recitare
1005 1062 1220 1129 Matutinnffet

128 1158 252 1224 Laudes,
267 1167 468 1233 potestantem
480 1158 604 1230 reliquas
617 1159 711 1225 horus,
725 1157 761 1215 ad
771 1158 841 1216 nihil
850 1169 969 1226 tenetur,
981 1162 1046 1232 quia
1056 1162 1146 1238 major
1155 1180 1220 1237 pars

127 1258 211 1314 trahit
224 1257 258 1314 ad
272 1274 304 1313 se
316 1248 507 1315 minorem.”¹
527 1257 643 1332 Rejccta
656 1266 700 1314 est
711 1258 815 1332 pariter
827 1256 1010 1317 aBenedicto
1020 1259 1104 1319 xlv.
1119 1277 1218 1318 eornm

129 1358 278 1420 sententia,
291 1356 342 1427 qui
354 1355 479 1414 solumm
492 1355 529 1412 ob
541 1354 696 1431 legitimam
709 1372 822 1412 causam
836 1357 871 1412 ab
887 1357 1062 1426 abstinentia,
1073 1359 1168 1415 statim
1176 1360 1220 1434 je·

126 1455 200 1533 junii
213 1456 297 1511 etiam
310 1455 373 1530 lege
386 1454 458 1512 solvi
471 1449 632 1530 putabant.²
671 1452 730 1512 Cui
749 1463 846 1513 nmen
855 1445 857 1447 ’
865 1453 971 1530 duplex
990 1457 1106 1514 resectio
1118 1458 1149 1515 in
1162 1455 1220 1514 die·

129 1556 182 1612 bns
190 1553 297 1631 jejunii
309 1561 353 1610 est
365 1554 526 1611 necessaria
544 1553 580 1610 ob
594 1551 728 1611 afflictam
741 1551 943 1620 valetudinem,
956 1553 1003 1611 vel
1016 1573 1131 1631 gravem
1143 1556 1220 1615 labo·

131 1672 201 1718 rem,
212 1650 360 1729 jejunandi
378 1651 442 1728 lege
463 1650 546 1717 solvi,
566 1669 624 1709 non
644 1663 738 1710 autem
757 1651 929 1720 abstinendi,
946 1663 1063 1711 censent
1084 1654 1220 1731 theologi;

132 1770 219 1825 quum
239 1751 380 1827 jejunium
401 1750 626 1809 ecclesiasticum
645 1752 729 1809 unica
747 1748 901 1809 resectione
923 1752 1082 1809 necessario
1100 1763 1212 1811 constet

133 1852 213 1910 llinc
226 1867 284 1908 non
297 1859 395 1926 peccat
407 1858 463 1907 tres
483 1848 653 1908 refectiones
673 1850 698 1907 si
717 1849 880 1925 sumpserit,
900 1851 953 1907 etsi
966 1848 1028 1908 dnae
1048 1849 1221 1909 sufficerent.

135 1947 406 2008 Commendandnm
429 1957 522 2007 autem
543 1947 725 2007 vehementer
743 1947 875 2006 fidelibus
895 1958 940 2005 est
958 1958 989 2006 ut
1011 1949 1110 2025 elegis
1131 1951 1224 2026 rigore

134 2068 220 2122 quarn
233 2065 333 2124 parum
345 2046 486 2106 recedant.

173 2153 223 2206 25.
246 2146 340 2224 Leges
353 2147 526 2205 affinnativae
539 2165 557 2204 a
570 2147 709 2224 negativis
728 2146 949 2224 distinguuntur,
970 2147 1046 2220 quod
1059 2149 1114 2207 illae
1128 2150 1225 2225 preci·

137 2250 221 2324 piant,
236 2246 281 2305 hae
302 2247 479 2321 prohibeant.
524 2243 656 2325 Semper,
671 2246 721 2303 sed
734 2264 796 2306 nort
803 2264 861 2325 pro
882 2264 1007 2325 ecmper,
1021 2247 1076 2305 illa
1097 2246 1226 2305 dicuntur

138 2347 270 2422 obligare,
284 2345 362 2417 qnod
376 2356 459 2403 nctus
480 2343 631 2417 aliquando
651 2342 805 2403 eliciendos
824 2341 979 2404 statuunt:³
998 2363 1086 2420 quum
1099 2345 1143 2403 hae
1157 2345 1227 2404 obli·

139 2456 332 2522 gentaemper
359 2454 388 2501 et
403 2461 462 2522 pro
485 2461 609 2522 semper,
630 2443 790 2520 prohibent,
811 2443 930 2511 scilicet,
951 2461 987 2501 ne
1010 2454 1088 2503 actus
1110 2445 1227 2503 omnino

139 2544 193 2601 liat.
236 2541 347 2602 Indicia
365 2544 450 2619 igitur
468 2543 598 2614 obsequii
617 2560 685 2620 erga
705 2550 835 2618 parentes
855 2541 906 2600 lilii
929 2542 1080 2615 aliquando
1099 2552 1228 2601 tenentur

139 2643 283 2711 exhibere,
305 2643 374 2715 quin
393 2659 520 2714 unquam
539 2642 650 2717 possint
667 2643 785 2717 impune
806 2640 912 2713 aliquid
932 2644 963 2699 in
982 2660 1033 2700 eos
1052 2641 1226 2714 delinquere.

140 2743 194 2808 Qui
215 2759 314 2800 carnes
333 2739 379 2798 die
399 2741 485 2798 vetito
505 2738 576 2797 forte
596 2740 766 2798 manducare
786 2739 882 2815 coepit,
896 2738 999 2798 oblitus
1020 2738 1227 2815 prohibitionis,

140 2840 230 2907 debet,
244 2858 338 2898 errore
351 2841 456 2916 agnito,
471 2856 502 2895 se
522 2839 661 2897 abstinere
673 2858 681 2906 ;
701 2840 832 2914 negativa
851 2837 959 2895 scilicet
970 2838 1018 2896 lex
1032 2835 1124 2896 adhuc
1142 2838 1228 2914 viget,

140 2940 300 3011 servarique
320 2947 421 3015 potest.
464 2936 522 3002 Qui
540 2937 715 3015 jentaculum
738 2937 865 3013 amplum
887 2935 934 2994 die
951 2936 1054 3013 jeJ'nnii
1077 2953 1114 2993 ex
1136 2953 1229 2994 errore

141 3040 271 3114 sumpsit,
285 3038 371 3096 debet
389 3037 587 3096 collatiuncnla
606 3037 659 3094 snb
676 3054 796 3113 vespere
816 3052 879 3094 esse
900 3045 1059 3102 contentus,
1072 3035 1127 3091 nisi
1140 3036 1232 3093 obstet

141 3154 223 3213 grave
238 3134 461 3195 incommodum.
504 3135 535 3192 Si
551 3144 645 3193 autem
658 3146 724 3212 post
736 3134 885 3213 prandium
897 3144 925 3191 et
932 3133 1107 3211 jentaculum
1121 3131 1232 3208 detegat

142 3254 273 3305 errorem,
284 3237 345 3313 jam
356 3254 413 3294 non
424 3234 588 3293 tenebitura
601 3253 680 3292 coena
691 3234 803 3292 esuriali
814 3234 964 3300 abstinere,
974 3239 1147 3309 preceptum
1155 3231 1231 3288 enim

140 3334 285 3413 jejunandi
299 3335 421 3411 amplius
434 3335 533 3406 nequit
543 3335 659 3391 servari.

179 3438 229 3492 26.
251 3435 362 3512 Legum
376 3433 538 3491 executioni
553 3451 639 3491 nemo
653 3430 736 3488 debet
756 3428 991 3507 impedimentum
1011 3445 1127 3506 ponere,
1140 3438 1173 3487 ut
1184 3428 1233 3487 ob·

144 3535 306 3610 ligationem
319 3551 368 3590 eas
381 3531 515 3590 servandi
529 3531 637 3598 evadat,
660 3539 680 3566 “
689 3531 797 3589 nemini
817 3531 893 3588 enim
906 3548 958 3588 sua
971 3530 1046 3588 frans
1066 3530 1235 3616 patrocinari

146 3632 257 3690 debot.''
302 3633 352 3690 Sic
366 3650 424 3690 non
437 3629 521 3690 debet
534 3633 656 3703 quisque
670 3648 743 3706 opus
764 3630 909 3705 suscipere
922 3647 957 3687 eo
970 3630 1066 3688 animo
1087 3638 1118 3687 ut
1132 3629 1236 3706 jejunii

146 3733 207 3807 lege
222 3733 260 3789 sit
273 3732 419 3790 immunis.
461 3731 519 3789 Sed
534 3732 584 3802 qni
603 3731 678 3789 bona
696 3727 754 3786 fide
767 3728 834 3806 agit,
856 3728 901 3786 vel
918 3729 983 3805 jure
996 3746 1049 3787 suo
1069 3728 1164 3792 utitur,
1179 3743 1236 3782 non

180 3906 222 3972 (l)
241 3903 312 3972 Prop
326 3907 366 3958 liv.
490 3905 531 3969 (2)
551 3903 616 3955 Vide
626 3903 689 3954 Bon.
700 3868 752 3955 xih
763 3901 811 3967 Ep·
824 3901 951 3966 Encyclic.
962 3900 993 3951 de
1000 3899 1102 3966 jejunio.

180 3992 222 4056 (3)
241 3999 257 4023 ¹⁴
265 3991 320 4041 Tha
332 3990 474 4042 schoolmen
485 3991 547 4040 hara
558 3989 616 4041 well
634 3989 681 4039 and
699 3988 804 4052 aonndly
817 3985 964 4036 determined
976 3985 1030 4035 that
1040 3981 1117 4033 God’a
1133 3981 1237 4035 affirmo·

145 4077 192 4124 tive
204 4076 264 4125 lawa
275 4076 323 4125 and
335 4085 452 4140 praceptr,
461 4074 573 4125 the‘laws
584 4075 637 4126 that
642 4074 726 4140 enjoin
735 4088 782 4136 any
797 4070 878 4121 actual
889 4070 959 4134 duty,
971 4084 997 4118 as
1008 4082 1100 4132 prayer,
1112 4068 1181 4129 alma,
1190 4069 1239 4119 and

146 4158 185 4208 tha
196 4159 253 4220 like,
264 4160 296 4210 do
307 4161 365 4210 bind
383 4176 413 4210 na
423 4159 458 4210 od
472 4174 569 4228 semper
585 4158 653 4219 selle,
663 4161 708 4210 bnt
718 4164 762 4208 not
773 4155 808 4206 od
826 4169 923 4222 semper
934 4167 1079 4222 ogere—we
1096 4168 1136 4203 ara
1147 4153 1195 4204 tiad
1212 4161 1239 4209 ta

145 4246 227 4295 iterate
244 4245 293 4296 and
305 4261 400 4296 roomo
416 4245 482 4296 mem
503 4246 578 4297 when
596 4244 661 4297 asad
678 4242 824 4303 mhowbeit
835 4249 881 4292 not
892 4248 917 4292 to
928 4238 1045 4291 mutinae
1058 4237 1124 4290 mom
1134 4238 1240 4290 without
1261 4268 1276 4357 1

146 4346 194 4395 any
206 4330 396 4382 interminatas?
420 4331 543 4383 llooker's
553 4332 621 4384 noct.
633 4330 723 4394 Polity,
734 4329 750 4378 l.
762 4345 784 4377 v.
795 4345 820 4380 n.
833 4328 872 4378 71.

186 4410 262 4470 Vos.
284 4410 391 4469 l.—ld
