2744 4980
268 400 326 461 DE
347 399 707 482 OBLIGATIONIBUS
728 400 1019 465 OLERIGORUM.
1132 351 1191 465 tou

110 586 132 626 e
144 567 251 644 obligat
264 565 299 624 ad
312 583 430 642 operam
442 583 524 624 suam
537 582 652 642 semper
663 565 861 642 praestandam,
876 565 1040 642 intelligitur
1051 566 1192 643 spondere

110 683 131 724 e
143 667 257 725 nullum
270 682 323 722 sna
335 665 477 723 voluntate
499 665 675 741 obiecturum
691 664 803 724 obicem
822 664 1009 740 promissioni
1028 664 1189 742 implendae.

110 763 249 823 luterum
262 766 286 822 si
300 763 392 839 gravis
405 773 434 820 et
446 781 527 835 equa
539 765 610 821 ratio
623 763 741 822 suadeat
753 762 789 820 ad
801 762 886 822 aliam
898 762 1046 821 dimcesim
1061 765 1191 830 transire,

109 881 163 922 ron
176 872 276 941 peccat
286 862 369 919 venia
381 861 525 919 humiliter
533 862 704 938 expetenda.
741 859 850 920 Contra
867 864 1059 939 juramentum
1076 873 1195 938 peccant

109 963 126 1019 ii
139 971 274 1020 recusent
291 962 449 1018 animarum
468 978 565 1018 curam
579 962 736 1037 suscipere,
751 961 870 1036 jubente
882 963 1031 1038 episcopo,
1045 963 1091 1019 vel
1103 961 1192 1018 sacris

109 1061 288 1120 missionibus
298 1058 365 1116 dare
374 1077 501 1133 operam,
511 1059 634 1117 velalias
646 1076 788 1136 prosaom
799 1075 977 1118 suomunere
991 1059 1021 1115 in
1035 1058 1192 1118 animarum

109 1159 223 1229 distem
242 1158 415 1215 incumbere.
458 1156 518 1215 Sed
530 1159 557 1215 si
573 1158 649 1217 haud
669 1158 786 1215 idoneos
806 1175 838 1214 se
850 1159 992 1223 tuerint,
1007 1155 1053 1214 vel
1065 1157 1192 1215 scientie

109 1257 227 1324 leiectu,
236 1256 282 1313 vel
294 1257 332 1313 ob
345 1257 433 1313 animi
446 1255 482 1313 ad
494 1257 562 1315 vitia
575 1256 708 1332 proclivis
722 1256 925 1324 infirmitatem,
935 1264 1116 1322 excusantur,
1125 1255 1194 1313 dum

109 1374 178 1416 snus
191 1355 395 1430 deprecentur:
416 1373 470 1412 nec
493 1365 588 1412 tamen
609 1354 712 1412 debent
727 1370 780 1412 sno
793 1352 880 1411 fidere
889 1352 1000 1429 judicio
1012 1361 1109 1411 contra
1121 1353 1195 1429 epis-

109 1455 173 1530 copi
186 1465 215 1511 et
228 1453 394 1511 confessarii
408 1463 545 1513 mentem.

143 1557 195 1610 25.
217 1551 327 1610 Omnes
341 1552 437 1610 clerici
450 1551 555 1611 debent
566 1551 696 1627 episcopi
708 1560 810 1608 statuta
823 1550 852 1609 in
865 1549 980 1626 synodo
992 1549 1068 1610 edita
1080 1550 1115 1609 de
1135 1568 1196 1610 ruo·

109 1651 183 1711 ribus
196 1651 256 1708 suis
275 1661 304 1706 et
322 1650 385 1708 vitae
405 1651 524 1718 ratione,
544 1649 627 1707 etde
647 1649 734 1707 sacris
754 1650 928 1718 muneribus,
949 1658 1045 1709 sancte
1065 1667 1194 1707 servare:

109 1768 168 1823 gum
182 1750 207 1806 si
216 1748 404 1824 neglexerint,
418 1760 538 1826 pecesnt
551 1749 664 1825 gravius
684 1748 730 1805 vel
749 1747 852 1815 levius,
865 1766 917 1823 pro
936 1765 1029 1806 rerum
1048 1759 1155 1814 natura,
1169 1757 1198 1805 et

108 1847 275 1924 legislatoris
283 1858 387 1906 mente.
430 1848 543 1906 Debent
553 1847 805 1922 insuperepiscopi
815 1847 897 1922 jussa
906 1846 1026 1922 singulis
1036 1844 1142 1903 datadc
1150 1845 1198 1903 ii·

108 1945 172 2006 dem
185 1944 322 2004 rebusad
341 1947 477 2004 amussim
496 1965 628 2005 servare:
649 1964 715 2004 nam
736 1954 875 2020 potestate
893 1953 1007 2021 praestat
1021 1941 1154 2022 jubendi,
1168 1953 1197 2001 et

108 2062 184 2121 sepe
196 2062 315 2104 necesse
329 2056 374 2102 est
385 2046 505 2121 singulis
518 2044 653 2121 specialia
665 2042 731 2101 dare
745 2053 887 2119 precepta
906 2043 961 2101 sibi
974 2040 1195 2101 accommodata.

108 2143 197 2220 lgitur
210 2145 259 2216 qui
272 2144 466 2219 negligitque
482 2145 565 2221 jubet
583 2144 737 2219 episcopus
750 2140 786 2198 de
805 2139 939 2199 evitando
952 2141 1105 2206 consortio,
1119 2134 1197 2210 ruod

108 2243 301 2317 suspicionem
315 2243 438 2316 prebet:
461 2241 553 2298 uelde
568 2240 671 2297 Latino
690 2258 822 2298 sermone
837 2241 866 2298 in
877 2238 1036 2306 funeribus,
1050 2248 1079 2296 et
1092 2238 1122 2296 in
1135 2238 1197 2295 aliis

108 2341 196 2397 sacris
216 2339 324 2406 ritibus,
339 2339 510 2406 adhibendo,
525 2341 609 2415 juxta
622 2338 775 2397 concilium
795 2338 1001 2396 Baltimorense
1022 2336 1046 2396 l.
1066 2347 1097 2393 et
1114 2353 1199 2393 usum

108 2436 259 2503 Ecclesiae,
271 2454 288 2492 a
300 2438 508 2513 grampeccato
522 2456 581 2496 non
600 2447 644 2494 est
662 2436 745 2496 facile
764 2436 955 2494 excusandus.
997 2436 1064 2502 Quo
1084 2432 1199 2491 tendant

108 2544 211 2593 ststrrta
223 2546 252 2592 et
259 2536 343 2610 jussa
354 2537 484 2612 episcopi
497 2554 534 2594 ex
553 2535 676 2593 concilio
696 2534 867 2593 Tridentino
886 2533 964 2606 quod
979 2550 1074 2591 mores
1088 2531 1199 2589 clericis

108 2635 312 2691 convenientes
333 2633 464 2707 explicat,
488 2633 649 2707 colligitur:
672 2633 753 2690 “Sic
775 2631 860 2691 decet
879 2633 999 2689 omnino
1020 2630 1149 2697 clericos,
1171 2631 1201 2687 in

108 2741 215 2791 sortem
229 2730 349 2789 Domini
362 2741 486 2796 vocatos,
500 2731 597 2796 vitam,
611 2746 762 2801 moresque
775 2746 845 2787 snos
858 2745 959 2786 omnes
973 2743 1156 2802 componere,
1170 2738 1201 2784 ut

108 2829 215 2913 habitu,
239 2837 332 2906 gestu,
355 2830 478 2894 incessu,
498 2845 640 2893 sermone,
662 2827 781 2898 aliisque
801 2827 933 2884 omnibus
953 2826 1048 2891 rebus,
1069 2823 1119 2889 nil,
1144 2825 1201 2882 nisi

110 2945 205 3005 grase,
220 2927 405 2994 moderatum,
421 2946 453 2985 ac
466 2926 604 3003 religione
618 2925 735 3000 plenum
750 2923 948 3002 pruseserant:
968 2923 1043 2982 levia
1056 2920 1141 2980 etiam
1154 2920 1202 2978 de·

110 3025 184 3093 licta,
212 3027 325 3099 quein
349 3027 420 3101 ipsis
442 3026 569 3083 maxima
590 3033 696 3092 essent,
719 3023 878 3100 effugiant;
899 3033 931 3082 ut
952 3039 1053 3081 eorum
1076 3021 1201 3079 actiones

112 3127 220 3183 cuncos
234 3123 352 3182 afferant
364 3116 622 3182 venerationem.''²

338 3377 405 3451 §V.
426 3375 474 3435 De
496 3394 535 3435 ns
556 3393 624 3441 oum
645 3391 782 3434 cronicis
803 3389 974 3430 arsurus.
1007 3376 1012 3381 '

151 3556 201 3610 26.
224 3555 377 3612 Armorum
387 3554 505 3631 gestatio
519 3552 630 3611 clericis
644 3560 751 3611 vetatur
760 3549 945 3608 anathematis
955 3564 1042 3625 poena
1051 3547 1202 3605 intentata:

113 3657 133 3686 ⁴⁸
142 3649 250 3709 Clerici
263 3671 341 3711 arma
353 3662 496 3729 portantes
507 3661 536 3710 et
545 3650 666 3710 usurarii
679 3638 1013 3708 excommunicentur.”¹
1052 3645 1157 3704 Militia
1168 3645 1203 3703 iis

112 3749 279 3826 prohibetur
289 3746 313 3818 ;3
332 3770 398 3809 nam
418 3752 586 3828 sanguinem
605 3747 722 3808 sundere
743 3767 800 3806 non
821 3747 956 3807 convenit
981 3743 1204 3819 mansuetissimi

112 3847 273 3906 servatoris
300 3850 447 3908 ministris.
490 3848 629 3907 “Bellica
653 3847 787 3906 exercitia
813 3845 936 3903 maxime
963 3849 1122 3920 repugnant
1147 3839 1206 3896 illis

112 3946 228 4016 officiis,
243 3949 345 4021 quibus
368 3948 496 4024 episcopi
516 3947 653 4005 etclerici
674 3944 853 4019 deputantur,
868 3951 983 4017 propter
996 3939 1063 3997 duo.
1106 3936 1205 3996 Primo

113 4045 232 4119 quidem
242 4047 367 4123 generali
376 4047 502 4105 ratione:
518 4046 585 4118 quia
593 4041 840 4102 bellicaexcrcitia
847 4032 1205 4110 nurmasinquieudhss

151 4215 191 4278 (l)
209 4215 275 4264 θαι.
288 4214 347 4282 nii.
356 4228 409 4276 cap.
420 4212 436 4260 i.
449 4211 519 4260 Decr.
531 4210 562 4259 ‹le
574 4209 667 4259 reform.
735 4207 778 4272 (2)
797 4206 856 4271 Cap
868 4205 894 4256 il.
905 4203 936 4255 sle
947 4205 997 4254 sits
1006 4209 1031 4254 st
1041 4202 1175 4254 honestate.

151 4299 193 4363 (³)
214 4299 276 4364 Gap.
292 4297 457 4364 Quicumque,
470 4295 536 4344 xxiii
548 4310 590 4358 qn.
599 4295 649 4343 viii.
661 4303 685 4343 et
696 4307 750 4341 can.
762 4306 785 4342 v.
797 4292 853 4341 dist.
865 4291 880 4340 l.
