2766 4996
338 414 446 539 ‘gne
467 419 648 482 auriens
669 421 964 485 vonnnnnnns.
1181 424 1215 479 n

133 583 299 660 gravissimi
322 585 452 644 oriminis
475 588 589 662 publice
611 599 772 657 accusatus,
797 607 856 648 non
876 599 1010 647 censetur
1029 586 1101 646 illud
1124 587 1218 669 lateri,

138 685 272 756 quamvis
287 693 413 744 atrocem
428 687 666 761 manifestamque
680 689 854 747 calumniam
868 690 987 766 patienti
1000 689 1098 746 animo
1111 687 1193 744 serat.

181 787 228 841 14.
250 783 645 864 Voluntarium'negatioum
663 788 766 846 dicitur
786 788 864 860 quod
884 790 1015 848 voluntas
1029 788 1097 846 sinit
1110 788 1222 846 contin·

138 901 217 958 gere,
232 885 303 957 quin
316 896 468 962 repugnet,
491 894 510 921 ‘⁶
522 887 598 945 sicut
610 889 772 946 submersio
791 890 873 946 navis
887 889 991 947 dicitur
1004 907 1068 946 esee
1089 907 1105 944 a
1119 887 1221 964 guber·

138 992 248 1051 natore,
276 985 447 1056 inquantum
473 984 624 1045 desistite
650 980 883 1064 gubernando.”¹
926 989 1005 1047 “Sic
1029 987 1222 1046 voluntarium

138 1091 235 1157 potest
246 1085 436 1159 essetabsque
459 1095 535 1152 actu,
551 1086 723 1159 quandoque
737 1086 854 1160 quidem
877 1088 985 1160 absque
1009 1097 1072 1144 actu
1087 1087 1222 1171 exteriori

139 1199 205 1237 cum
220 1191 285 1239 actu
293 1183 432 1255 interimi,
442 1185 517 1243 sicut
527 1204 593 1243 cum
602 1186 663 1245 vult
672 1205 731 1244 uon
741 1205 846 1264 agere:
869 1186 1022 1258 aliqnando
1031 1197 1125 1242 autem
1136 1186 1222 1243 etiam

139 1279 249 1351 absque
260 1289 321 1338 actu
331 1283 469 1353 interiori,
482 1285 557 1342 sicut
567 1305 632 1343 cum
647 1305 704 1344 non
715 1281 826 1344 vult.'’²
867 1287 916 1344 Sic
930 1305 1024 1363 prave
1033 1285 1222 1362 cogitationes

139 1397 211 1450 quas
225 1381 290 1454 quis
302 1384 422 1460 rejicere
436 1385 557 1462 negligit
576 1386 740 1443 voluntariae
754 1385 904 1443 habentur.

182 1483 228 1535 15.
250 1478 453 1542 voluntarium
467 1483 613 1543 directum
633 1495 751 1543 vocatur
770 1484 849 1557 quod
863 1485 994 1543 voluntas
1008 1485 1038 1543 in
1052 1502 1083 1541 ee
1098 1484 1222 1560 amplec-

140 1579 224 1635 titur:
247 1599 275 1637 v.
291 1601 319 1658 g.
334 1585 454 1642 nimiam
468 1586 664 1660 potationem:
686 1584 878 1642 voluntarium
892 1583 1073 1642 indirectum
1087 1584 1223 1657 estquod
1353 1624 1359 1631 -

137 1787 232 1836 motus
241 1797 279 1836 ex
287 1782 377 1840 nimia
384 1784 529 1859 potatione
537 1784 737 1842 verosimiliter
745 1784 899 1841 excitandi.
918 1784 990 1848 Quas
998 1800 1130 1840 excausa
1138 1798 1223 1853 quam

138 1880 275 1955 ponimus
296 1881 485 1955 previdentur
504 1894 638 1940 secutura
657 1882 733 1938 mala
754 1882 838 1939 nobis
861 1884 1046 1956 imputantur,
1067 1881 1224 1944 ailemaro,

140 1988 170 2034 et
183 1978 264 2035 nullo
283 1980 349 2055 jure
363 1999 453 2053 aequo,
468 2001 584 2039 causam
598 1972 766 2058 ponamus.³
807 1981 857 2037 Sic
879 1980 929 2052 qui
953 1997 990 2035 ex
1014 1979 1137 2036 lectione
1159 1976 1224 2034 libri

140 2078 269 2135 obscoeni
296 2077 444 2137 libidinem
464 2081 663 2138 vehementius
684 2079 918 2137 inflammandam
945 2079 1035 2145 novit,
1063 2090 1165 2153 peccat
1190 2095 1222 2134 se

139 2176 304 2253 objiciendo
325 2179 478 2237 manifesto
499 2179 669 2246 discrimini,
690 2180 769 2237 nulla
790 2187 908 2255 urgente
930 2178 1110 2236 necessitate.
1155 2177 1225 2235 Non

140 2278 208 2333 item
230 2287 330 2352 peccat
350 2277 480 2336 medicus
503 2297 550 2336 res
572 2279 697 2337 lubricas
718 2277 841 2354 legendo
854 2287 883 2334 et
896 2275 1104 2354 pertractando,
1120 2275 1225 2347 quibus

139 2384 235 2432 motus
249 2375 376 2434 libidinis
390 2376 529 2454 praevidet
549 2377 728 2445 excitandos,
743 2378 768 2434 si
790 2379 829 2434 ita
848 2377 919 2435 serat
939 2377 1066 2433 scientiae
1087 2373 1225 2441 studium,

141 2474 189 2530 vel
213 2476 366 2534 curationis
389 2478 508 2544 utilitas,
530 2477 685 2535 dummodo
709 2495 810 2552 reapse
834 2476 946 2552 rejiciat
967 2494 1084 2534 omnem
1108 2493 1227 2551 pravam

140 2573 369 2633 delectationem.
413 2577 484 2643 Quae
511 2596 569 2634 non
596 2586 750 2653 potnerunt
777 2576 938 2652 pranderi,
962 2595 1021 2634 uon
1049 2577 1225 2650 imputantur

141 2674 227 2731 etiam
242 2685 349 2732 temere
363 2686 392 2733 et
405 2694 555 2752 perperam
569 2669 755 2752 agenti,⁴non
766 2678 842 2733 enirn
851 2676 986 2733 uisicasu
997 2675 1105 2733 etlorte
1115 2674 1228 2732 lortunn

140 2775 224 2843 sequi
238 2774 381 2832 videntur.
426 2775 505 2833 Hinc
529 2776 695 2834 incendium
719 2775 796 2847 quod
819 2776 950 2850 contigit,
964 2776 1083 2833 lucerna
1096 2792 1227 2830 eversae

140 2872 313 2931 dormitante
327 2876 379 2946 qui
403 2894 506 2933 somno
527 2875 656 2943 indulsit,
672 2876 831 2951 periculum
851 2874 963 2931 nullum
983 2872 1146 2948 suspicans,
1168 2890 1226 2930 non

141 2974 247 3048 poterit
259 2974 286 3029 ei
301 2974 446 3049 imputari,
462 2975 516 3032 etsi
530 2975 690 3052 culpandus
702 2974 881 3046 aliquatenus
895 2974 934 3030 sit
947 2973 983 3030 ob
1003 2971 1225 3048 negligentiam:

104 3109 105 3112 η
141 3072 200 3128 imo
213 3071 317 3129 latroni
331 3075 381 3131 vix
396 3074 594 3150 imputandum
608 3077 662 3132 erit
674 3074 840 3132 incendium
854 3073 932 3147 quod
947 3092 1014 3131 casu
1030 3072 1144 3140 accidit,
1159 3070 1228 3129 dum

140 3188 188 3226 res
208 3181 331 3246 raperet,
346 3173 403 3229 nisi
417 3182 523 3231 temere
538 3194 653 3232 causam
669 3175 805 3249 posuerit.
849 3174 921 3239 Quae
936 3184 1090 3248 potuerunt
1109 3169 1226 3243 quidem

140 3269 304 3343 previderi,
319 3270 442 3331 sednon
456 3267 631 3339 debuerunt;
654 3274 726 3330 nihil
740 3274 852 3330 scilicet
864 3272 985 3347 periculi
999 3273 1148 3329 notionem
1161 3286 1228 3342 sug·

141 3369 244 3443 gessit,
258 3369 305 3424 vel
320 3389 404 3441 quem
418 3372 557 3448 obligavit
579 3372 614 3428 ad
628 3369 698 3428 illud
712 3369 943 3445 praecavendum,
958 3384 1017 3423 non
1031 3375 1184 3423 censentur
1198 3366 1227 3422 in

141 3468 411 3528 causavoluntaria.
455 3472 505 3529 Sic
520 3472 635 3528 abortus
660 3470 709 3543 qui
731 3468 861 3542 sequitur
879 3486 916 3525 cx
938 3464 1082 3525 medicina
1103 3463 1168 3523 data
1192 3464 1226 3521 ad

142 3566 244 3624 lebrim
265 3567 438 3649 levandam,
471 3571 648 3629 voluntarius
679 3588 737 3629 non
770 3579 914 3637 censetur,
947 3566 1062 3641 quando
1089 3565 1154 3627 data
1184 3577 1229 3624 est

175 3771 218 3835 (l)
232 3769 257 3819 S.
268 3770 359 3821 'l’hom
374 3771 449 3822 12ae.
461 3789 503 3836 qu.
514 3773 546 3823 vi.
558 3782 601 3823 ert.
613 3772 646 3823 iii.
659 3773 734 3840 Reep.

172 3856 215 3920 (2)
229 3855 329 3916 Ibidem,
341 3856 409 3919 Quin
419 3855 502 3924 igitur
513 3857 635 3909 columae.

173 3940 216 4006 (3)
238 3941 357 3992 Attamen
368 3944 395 3993 in
412 3944 464 3992 loro
474 3943 540 3993 civili
551 3943 702 4007 imputantur
713 3941 737 3990 ei
754 3940 796 4004 qui
808 3940 892 3990 illicito
903 3946 973 3988 vacet
983 3937 1066 4001 operi:
1082 3941 1097 3965 ‘⁴
1106 3935 1131 3984 ll
1145 3949 1160 3983 e
1172 3949 1229 3985 meu

134 4025 163 4072 be
174 4023 250 4088 doing
260 4043 310 4090 eny
323 4027 396 4090 thing
405 4026 545 4095 anlowsal,
556 4027 605 4076 end
620 4042 635 4076 e
646 4041 816 4090 consequence
827 4040 917 4074 ensuee
928 4020 1011 4070 which
1022 4018 1053 4068 he
1064 4017 1106 4067 did
1117 4028 1160 4067 not
1171 4018 1229 4069 lore·

133 4124 175 4159 see
183 4125 210 4159 or
221 4110 315 4171 intend,
327 4127 354 4160 as
370 4112 411 4162 the
423 4111 496 4162 doeth
507 4112 535 4160 ol
549 4126 633 4160 eman
651 4126 678 4160 or
695 4111 736 4160 the
749 4111 805 4168 like,
824 4108 864 4157 hie
875 4102 982 4154 wantos
995 4101 1110 4165 loreeight
1121 4103 1183 4153 shall
1201 4106 1230 4154 be

128 4209 164 4244 no
174 4211 282 4254 excuse;
299 4195 336 4244 lor
351 4195 425 4258 being
436 4196 515 4259 guilty
527 4195 556 4244 ol
569 4211 616 4244 one
627 4194 729 4253 offense,
744 4194 770 4242 in
782 4192 859 4252 doing
875 4186 1043 4252 antecedently
1055 4187 1122 4238 what
1133 4188 1154 4237 is
1162 4189 1189 4239 in
1202 4188 1230 4238 it·

135 4280 184 4330 rell
197 4280 327 4338 unlewlul,
337 4280 370 4329 he
381 4280 404 4329 is
422 4279 560 4342 eriminally
572 4278 650 4341 guilty
665 4279 694 4326 ol
706 4276 829 4327 whatever
841 4287 1013 4338 consequence
1030 4288 1084 4337 may
1098 4273 1179 4322 follow
1191 4271 1232 4322 the

134 4363 404 4415 namneum?
439 4348 771 4421 monatianum*
