<?xml version="1.0" encoding="UTF-8"?>
<!DOCTYPE html PUBLIC "-//W3C//DTD XHTML 1.0 Transitional//EN"
    "http://www.w3.org/TR/xhtml1/DTD/xhtml1-transitional.dtd">
<html xmlns="http://www.w3.org/1999/xhtml" xml:lang="en" lang="en">
 <head>
  <title>
</title>
<meta http-equiv="Content-Type" content="text/html;charset=utf-8" />
  <meta name='ocr-system' content='tesseract 3.04.00' />
  <meta name='ocr-capabilities' content='ocr_page ocr_carea ocr_par ocr_line ocrx_word'/>
</head>
<body>
  <div class='ocr_page' id='page_1' title='image "./theologiaemoral00kenrgoog_0036.png"; bbox 0 0 2766 4996; ppageno 0'>
   <div class='ocr_carea' id='block_1_1' title="bbox 536 1170 755 1232">
    <p class='ocr_par' dir='ltr' id='par_1_1' title="bbox 536 1170 755 1232">
     <span class='ocr_line' id='line_1_1' title="bbox 536 1170 755 1232; baseline -0.005 -3"><span class='ocrx_word' id='word_1_1' title='bbox 536 1170 677 1232; x_wconf 79' lang='lat' dir='ltr'>CAPUT</span> <span class='ocrx_word' id='word_1_2' title='bbox 700 1173 755 1231; x_wconf 89' lang='lat' dir='ltr'>lll.</span> 
     </span>
    </p>
   </div>
   <div class='ocr_carea' id='block_1_2' title="bbox 373 1397 912 1447">
    <p class='ocr_par' dir='ltr' id='par_1_2' title="bbox 373 1397 912 1447">
     <span class='ocr_line' id='line_1_2' title="bbox 373 1397 912 1447; baseline -0.004 -9"><span class='ocrx_word' id='word_1_3' title='bbox 373 1398 412 1439; x_wconf 78' lang='lat' dir='ltr'>DE</span> <span class='ocrx_word' id='word_1_4' title='bbox 427 1400 467 1447; x_wconf 82' lang='lat' dir='ltr'>vl,</span> <span class='ocrx_word' id='word_1_5' title='bbox 481 1397 575 1447; x_wconf 75' lang='grc' dir='ltr'>ΙΕΊἮ,</span> <span class='ocrx_word' id='word_1_6' title='bbox 589 1399 629 1440; x_wconf 74' lang='lat' dir='ltr'>BT</span> <span class='ocrx_word' id='word_1_7' title='bbox 641 1398 912 1441; x_wconf 70' lang='lat' dir='ltr'>eoxcurtscnxm.</span> 
     </span>
    </p>
   </div>
   <div class='ocr_carea' id='block_1_3' title="bbox 54 1583 1239 3723">
    <p class='ocr_par' dir='ltr' id='par_1_3' title="bbox 54 1583 1239 3428">
     <span class='ocr_line' id='line_1_3' title="bbox 132 1583 1182 1666; baseline 0.01 -28"><span class='ocrx_word' id='word_1_8' title='bbox 132 1586 181 1639; x_wconf 85' lang='lat'>21.</span> <span class='ocrx_word' id='word_1_9' title='bbox 207 1583 382 1646; x_wconf 70' lang='lat' dir='ltr'>Vronunmra</span> <span class='ocrx_word' id='word_1_10' title='bbox 402 1588 533 1646; x_wconf 88' lang='lat' dir='ltr'>definitur</span> <span class='ocrx_word' id='word_1_11' title='bbox 553 1589 582 1647; x_wconf 94' lang='lat' dir='ltr'>id</span> <span class='ocrx_word' id='word_1_12' title='bbox 602 1589 680 1663; x_wconf 91' lang='lat' dir='ltr'>quod</span> <span class='ocrx_word' id='word_1_13' title='bbox 700 1600 742 1645; x_wconf 86' lang='lat' dir='ltr'>est</span> <span class='ocrx_word' id='word_1_14' title='bbox 758 1591 926 1666; x_wconf 90' lang='lat' dir='ltr'>aprineipio</span> <span class='ocrx_word' id='word_1_15' title='bbox 939 1600 1066 1656; x_wconf 75' lang='lat' dir='ltr'>artemo,</span> <span class='ocrx_word' id='word_1_16' title='bbox 1080 1609 1182 1666; x_wconf 81' lang='lat' dir='ltr'>repug-</span> 
     </span>
     <span class='ocr_line' id='line_1_4' title="bbox 91 1685 1183 1765; baseline 0.008 -30"><span class='ocrx_word' id='word_1_17' title='bbox 91 1694 176 1736; x_wconf 83' lang='lat' dir='ltr'>nante</span> <span class='ocrx_word' id='word_1_18' title='bbox 189 1700 225 1739; x_wconf 88' lang='lat' dir='ltr'>eo</span> <span class='ocrx_word' id='word_1_19' title='bbox 238 1686 287 1756; x_wconf 90' lang='lat' dir='ltr'>qui</span> <span class='ocrx_word' id='word_1_20' title='bbox 300 1687 358 1743; x_wconf 83' lang='lat' dir='ltr'>vim</span> <span class='ocrx_word' id='word_1_21' title='bbox 371 1689 482 1762; x_wconf 88' lang='lat' dir='ltr'>patitur.</span> <span class='ocrx_word' id='word_1_22' title='bbox 511 1688 577 1746; x_wconf 83' lang='lat' dir='ltr'>Alia</span> <span class='ocrx_word' id='word_1_23' title='bbox 589 1698 632 1746; x_wconf 88' lang='lat' dir='ltr'>est</span> <span class='ocrx_word' id='word_1_24' title='bbox 644 1686 772 1765; x_wconf 71' lang='lat' dir='ltr'>simplex</span> <span class='ocrx_word' id='word_1_25' title='bbox 785 1700 814 1745; x_wconf 91' lang='lat' dir='ltr'>et</span> <span class='ocrx_word' id='word_1_26' title='bbox 825 1685 974 1754; x_wconf 83' lang='lat' dir='ltr'>absoluto,</span> <span class='ocrx_word' id='word_1_27' title='bbox 988 1706 1051 1759; x_wconf 77' lang='lat' dir='ltr'>qua</span> <span class='ocrx_word' id='word_1_28' title='bbox 1065 1689 1183 1744; x_wconf 80' lang='lat' dir='ltr'>insertur</span> 
     </span>
     <span class='ocr_line' id='line_1_5' title="bbox 92 1785 1181 1860; baseline 0.006 -28"><span class='ocrx_word' id='word_1_29' title='bbox 92 1789 191 1835; x_wconf 85' lang='lat' dir='ltr'>eontra</span> <span class='ocrx_word' id='word_1_30' title='bbox 204 1791 292 1839; x_wconf 88' lang='lat' dir='ltr'>totum</span> <span class='ocrx_word' id='word_1_31' title='bbox 305 1785 398 1842; x_wconf 87' lang='lat' dir='ltr'>nisum</span> <span class='ocrx_word' id='word_1_32' title='bbox 412 1785 571 1853; x_wconf 82' lang='lat' dir='ltr'>voluntatis,</span> <span class='ocrx_word' id='word_1_33' title='bbox 586 1788 668 1844; x_wconf 86' lang='lat' dir='ltr'>sicuti</span> <span class='ocrx_word' id='word_1_34' title='bbox 690 1787 807 1860; x_wconf 86' lang='lat' dir='ltr'>contigit</span> <span class='ocrx_word' id='word_1_35' title='bbox 827 1785 978 1858; x_wconf 90' lang='lat' dir='ltr'>aliquando</span> <span class='ocrx_word' id='word_1_36' title='bbox 999 1787 1181 1858; x_wconf 78' lang='lat' dir='ltr'>martyribus,</span> 
     </span>
     <span class='ocr_line' id='line_1_6' title="bbox 94 1872 1183 1959; baseline 0.008 -31"><span class='ocrx_word' id='word_1_37' title='bbox 94 1872 164 1931; x_wconf 90' lang='lat' dir='ltr'>dum</span> <span class='ocrx_word' id='word_1_38' title='bbox 177 1894 281 1937; x_wconf 74' lang='lat' dir='ltr'>eorum</span> <span class='ocrx_word' id='word_1_39' title='bbox 289 1882 414 1939; x_wconf 85' lang='lat' dir='ltr'>manibus</span> <span class='ocrx_word' id='word_1_40' title='bbox 429 1884 494 1940; x_wconf 84' lang='lat' dir='ltr'>thus</span> <span class='ocrx_word' id='word_1_41' title='bbox 508 1885 536 1940; x_wconf 81' lang='lat' dir='ltr'>vi</span> <span class='ocrx_word' id='word_1_42' title='bbox 549 1885 731 1959; x_wconf 80' lang='lat' dir='ltr'>ingereretur,</span> <span class='ocrx_word' id='word_1_43' title='bbox 747 1881 871 1955; x_wconf 76' lang='lat' dir='ltr'>indeque</span> <span class='ocrx_word' id='word_1_44' title='bbox 891 1900 985 1940; x_wconf 90' lang='lat' dir='ltr'>coram</span> <span class='ocrx_word' id='word_1_45' title='bbox 1000 1880 1082 1938; x_wconf 82' lang='lat' dir='ltr'>idolis</span> <span class='ocrx_word' id='word_1_46' title='bbox 1096 1882 1183 1956; x_wconf 88' lang='lat' dir='ltr'>proji-</span> 
     </span>
     <span class='ocr_line' id='line_1_7' title="bbox 95 1974 1239 2057; baseline 0.009 -31"><span class='ocrx_word' id='word_1_47' title='bbox 95 1984 212 2030; x_wconf 88' lang='lat' dir='ltr'>ceretur.</span> <span class='ocrx_word' id='word_1_48' title='bbox 243 1974 307 2034; x_wconf 79' lang='lat' dir='ltr'>Alia</span> <span class='ocrx_word' id='word_1_49' title='bbox 319 1988 362 2034; x_wconf 83' lang='lat' dir='ltr'>est</span> <span class='ocrx_word' id='word_1_50' title='bbox 373 1981 537 2039; x_wconf 82' lang='lat' dir='ltr'>secundum</span> <span class='ocrx_word' id='word_1_51' title='bbox 550 1981 634 2057; x_wconf 77' lang='lat' dir='ltr'>quid,</span> <span class='ocrx_word' id='word_1_52' title='bbox 644 1979 757 2052; x_wconf 90' lang='lat' dir='ltr'>quando</span> <span class='ocrx_word' id='word_1_53' title='bbox 770 1982 834 2052; x_wconf 90' lang='lat' dir='ltr'>quis</span> <span class='ocrx_word' id='word_1_54' title='bbox 849 1981 934 2039; x_wconf 91' lang='lat' dir='ltr'>alium</span> <span class='ocrx_word' id='word_1_55' title='bbox 948 1997 1021 2056; x_wconf 79' lang='lat' dir='ltr'>aegre</span> <span class='ocrx_word' id='word_1_56' title='bbox 1035 1978 1181 2036; x_wconf 82' lang='lat' dir='ltr'>cedentem</span> <span class='ocrx_word' id='word_1_57' title='bbox 1235 2020 1239 2027; x_wconf 88' lang='lat'>-</span> 
     </span>
     <span class='ocr_line' id='line_1_8' title="bbox 94 2073 1181 2155; baseline 0.011 -31"><span class='ocrx_word' id='word_1_58' title='bbox 94 2073 179 2146; x_wconf 83' lang='lat' dir='ltr'><strong>cogit.</strong></span> <span class='ocrx_word' id='word_1_59' title='bbox 221 2074 271 2130; x_wconf 86' lang='lat' dir='ltr'>Sie</span> <span class='ocrx_word' id='word_1_60' title='bbox 284 2076 385 2148; x_wconf 88' lang='lat' dir='ltr'>aliquis</span> <span class='ocrx_word' id='word_1_61' title='bbox 399 2078 434 2135; x_wconf 92' lang='lat' dir='ltr'>ad</span> <span class='ocrx_word' id='word_1_62' title='bbox 447 2081 564 2137; x_wconf 85' lang='lat' dir='ltr'>nimiam</span> <span class='ocrx_word' id='word_1_63' title='bbox 585 2080 756 2155; x_wconf 89' lang='lat' dir='ltr'>potationem</span> <span class='ocrx_word' id='word_1_64' title='bbox 775 2077 925 2152; x_wconf 90' lang='lat' dir='ltr'>aliquando</span> <span class='ocrx_word' id='word_1_65' title='bbox 938 2080 1063 2145; x_wconf 81' lang='lat' dir='ltr'>aseclis,</span> <span class='ocrx_word' id='word_1_66' title='bbox 1078 2078 1181 2154; x_wconf 85' lang='lat' dir='ltr'>poculo</span> 
     </span>
     <span class='ocr_line' id='line_1_9' title="bbox 93 2169 1180 2251; baseline 0.004 -23"><span class='ocrx_word' id='word_1_67' title='bbox 93 2169 136 2224; x_wconf 82' lang='lat' dir='ltr'>ori</span> <span class='ocrx_word' id='word_1_68' title='bbox 149 2173 307 2247; x_wconf 87' lang='lat' dir='ltr'>propinato,</span> <span class='ocrx_word' id='word_1_69' title='bbox 321 2175 482 2251; x_wconf 81' lang='lat' dir='ltr'>impellitur.</span> <span class='ocrx_word' id='word_1_70' title='bbox 527 2177 583 2235; x_wconf 91' lang='lat' dir='ltr'>Ubi</span> <span class='ocrx_word' id='word_1_71' title='bbox 604 2178 736 2235; x_wconf 87' lang='lat' dir='ltr'>violentia</span> <span class='ocrx_word' id='word_1_72' title='bbox 759 2188 802 2234; x_wconf 88' lang='lat' dir='ltr'>est</span> <span class='ocrx_word' id='word_1_73' title='bbox 821 2175 984 2236; x_wconf 90' lang='lat' dir='ltr'>omnimoda</span> <span class='ocrx_word' id='word_1_74' title='bbox 1003 2188 1032 2232; x_wconf 89' lang='lat' dir='ltr'>et</span> <span class='ocrx_word' id='word_1_75' title='bbox 1044 2176 1180 2245; x_wconf 86' lang='lat' dir='ltr'>absoluta,</span> 
     </span>
     <span class='ocr_line' id='line_1_10' title="bbox 94 2266 1181 2350; baseline 0.006 -28"><span class='ocrx_word' id='word_1_76' title='bbox 94 2266 198 2324; x_wconf 88' lang='lat' dir='ltr'>tollitur</span> <span class='ocrx_word' id='word_1_77' title='bbox 210 2273 302 2328; x_wconf 81' lang='lat' dir='ltr'>omnis</span> <span class='ocrx_word' id='word_1_78' title='bbox 316 2273 465 2332; x_wconf 85' lang='lat' dir='ltr'>voluntarii</span> <span class='ocrx_word' id='word_1_79' title='bbox 477 2276 557 2340; x_wconf 89' lang='lat' dir='ltr'>ratio,</span> <span class='ocrx_word' id='word_1_80' title='bbox 572 2275 692 2348; x_wconf 92' lang='lat' dir='ltr'>ideoque</span> <span class='ocrx_word' id='word_1_81' title='bbox 705 2286 852 2350; x_wconf 86' lang='lat' dir='ltr'>peecatum</span> <span class='ocrx_word' id='word_1_82' title='bbox 865 2286 909 2332; x_wconf 87' lang='lat' dir='ltr'>est</span> <span class='ocrx_word' id='word_1_83' title='bbox 924 2274 1043 2340; x_wconf 92' lang='lat' dir='ltr'>nullum,</span> <span class='ocrx_word' id='word_1_84' title='bbox 1058 2274 1123 2330; x_wconf 85' lang='lat' dir='ltr'>lieet</span> <span class='ocrx_word' id='word_1_85' title='bbox 1135 2290 1181 2329; x_wconf 87' lang='lat' dir='ltr'>res</span> 
     </span>
     <span class='ocr_line' id='line_1_11' title="bbox 96 2367 1181 2449; baseline 0.008 -30"><span class='ocrx_word' id='word_1_86' title='bbox 96 2380 182 2436; x_wconf 88' lang='lat' dir='ltr'>prava</span> <span class='ocrx_word' id='word_1_87' title='bbox 194 2367 242 2423; x_wconf 87' lang='lat' dir='ltr'>fiat</span> <span class='ocrx_word' id='word_1_88' title='bbox 254 2369 350 2427; x_wconf 83' lang='lat' dir='ltr'>invito.</span> <span class='ocrx_word' id='word_1_89' title='bbox 393 2373 442 2429; x_wconf 85' lang='lat' dir='ltr'>Sie</span> <span class='ocrx_word' id='word_1_90' title='bbox 456 2374 488 2429; x_wconf 85' lang='lat' dir='ltr'>S.</span> <span class='ocrx_word' id='word_1_91' title='bbox 504 2373 592 2430; x_wconf 82' lang='lat' dir='ltr'>Lucia</span> <span class='ocrx_word' id='word_1_92' title='bbox 605 2373 723 2430; x_wconf 86' lang='lat' dir='ltr'>minanti</span> <span class='ocrx_word' id='word_1_93' title='bbox 735 2372 848 2431; x_wconf 85' lang='lat' dir='ltr'>ethnico</span> <span class='ocrx_word' id='word_1_94' title='bbox 860 2372 1032 2449; x_wconf 81' lang='lat' dir='ltr'>magistratui</span> <span class='ocrx_word' id='word_1_95' title='bbox 1046 2390 1108 2428; x_wconf 91' lang='lat' dir='ltr'>eam</span> <span class='ocrx_word' id='word_1_96' title='bbox 1123 2372 1181 2428; x_wconf 87' lang='lat' dir='ltr'>vio-</span> 
     </span>
     <span class='ocr_line' id='line_1_12' title="bbox 95 2459 1181 2547; baseline 0.009 -31"><span class='ocrx_word' id='word_1_97' title='bbox 95 2459 217 2532; x_wconf 86' lang='lat' dir='ltr'>landam,</span> <span class='ocrx_word' id='word_1_98' title='bbox 231 2468 411 2543; x_wconf 85' lang='lat' dir='ltr'>respondisse</span> <span class='ocrx_word' id='word_1_99' title='bbox 425 2470 527 2528; x_wconf 84' lang='lat' dir='ltr'>fertur:</span> <span class='ocrx_word' id='word_1_100' title='bbox 552 2472 615 2528; x_wconf 86' lang='lat' dir='ltr'>“Si</span> <span class='ocrx_word' id='word_1_101' title='bbox 627 2489 673 2529; x_wconf 91' lang='lat' dir='ltr'>me</span> <span class='ocrx_word' id='word_1_102' title='bbox 687 2472 802 2528; x_wconf 80' lang='lat' dir='ltr'>inuitam</span> <span class='ocrx_word' id='word_1_103' title='bbox 811 2473 932 2547; x_wconf 82' lang='lat' dir='ltr'>jusseris</span> <span class='ocrx_word' id='word_1_104' title='bbox 946 2470 1054 2535; x_wconf 85' lang='lat' dir='ltr'>violari,</span> <span class='ocrx_word' id='word_1_105' title='bbox 1069 2470 1181 2526; x_wconf 81' lang='lat' dir='ltr'>castitas</span> 
     </span>
     <span class='ocr_line' id='line_1_13' title="bbox 95 2562 1181 2644; baseline 0.007 -27"><span class='ocrx_word' id='word_1_106' title='bbox 95 2562 164 2618; x_wconf 88' lang='lat' dir='ltr'>mihi</span> <span class='ocrx_word' id='word_1_107' title='bbox 177 2562 363 2638; x_wconf 84' lang='lat' dir='ltr'>duplicabitur</span> <span class='ocrx_word' id='word_1_108' title='bbox 375 2567 410 2624; x_wconf 88' lang='lat' dir='ltr'>ad</span> <span class='ocrx_word' id='word_1_109' title='bbox 420 2568 585 2625; x_wconf 78' lang='lat' dir='ltr'>eoronam‚&#39;’</span> <span class='ocrx_word' id='word_1_110' title='bbox 628 2570 668 2626; x_wconf 89' lang='lat' dir='ltr'>Et</span> <span class='ocrx_word' id='word_1_111' title='bbox 678 2571 852 2644; x_wconf 79' lang='lat' dir='ltr'>Augustinus</span> <span class='ocrx_word' id='word_1_112' title='bbox 862 2568 994 2628; x_wconf 85' lang='lat' dir='ltr'>mulieres</span> <span class='ocrx_word' id='word_1_113' title='bbox 1005 2568 1181 2633; x_wconf 83' lang='lat' dir='ltr'>christianae,</span> 
     </span>
     <span class='ocr_line' id='line_1_14' title="bbox 95 2660 1182 2742; baseline 0.007 -28"><span class='ocrx_word' id='word_1_114' title='bbox 95 2677 168 2730; x_wconf 76' lang='lat' dir='ltr'>quae,</span> <span class='ocrx_word' id='word_1_115' title='bbox 184 2660 277 2717; x_wconf 84' lang='lat' dir='ltr'>Rome</span> <span class='ocrx_word' id='word_1_116' title='bbox 289 2673 380 2738; x_wconf 87' lang='lat' dir='ltr'>capta,</span> <span class='ocrx_word' id='word_1_117' title='bbox 395 2665 452 2721; x_wconf 85' lang='lat' dir='ltr'>vim</span> <span class='ocrx_word' id='word_1_118' title='bbox 467 2684 483 2721; x_wconf 89' lang='lat' dir='ltr'>a</span> <span class='ocrx_word' id='word_1_119' title='bbox 497 2665 600 2723; x_wconf 87' lang='lat' dir='ltr'>Gothis</span> <span class='ocrx_word' id='word_1_120' title='bbox 614 2685 704 2742; x_wconf 70' lang='lat' dir='ltr'>passae</span> <span class='ocrx_word' id='word_1_121' title='bbox 725 2675 812 2732; x_wconf 87' lang='lat' dir='ltr'>orant,</span> <span class='ocrx_word' id='word_1_122' title='bbox 835 2676 981 2724; x_wconf 81' lang='lat' dir='ltr'>exmisatas</span> <span class='ocrx_word' id='word_1_123' title='bbox 995 2665 1092 2722; x_wconf 89' lang='lat' dir='ltr'>habuit</span> <span class='ocrx_word' id='word_1_124' title='bbox 1104 2664 1182 2737; x_wconf 93' lang='lat' dir='ltr'>quod</span> 
     </span>
     <span class='ocr_line' id='line_1_15' title="bbox 54 2746 1182 2836; baseline 0.005 -24"><span class='ocrx_word' id='word_1_125' title='bbox 54 2746 61 2759; x_wconf 81' lang='grc'><strong>“</strong></span> <span class='ocrx_word' id='word_1_126' title='bbox 94 2758 230 2816; x_wconf 80' lang='lat' dir='ltr'>victorum</span> <span class='ocrx_word' id='word_1_127' title='bbox 245 2778 346 2817; x_wconf 84' lang='lat' dir='ltr'>manus</span> <span class='ocrx_word' id='word_1_128' title='bbox 359 2761 478 2819; x_wconf 88' lang='lat' dir='ltr'>evadere</span> <span class='ocrx_word' id='word_1_129' title='bbox 491 2763 653 2836; x_wconf 87' lang='lat' dir='ltr'>nequibant,</span> <span class='ocrx_word' id='word_1_130' title='bbox 667 2765 722 2821; x_wconf 90' lang='lat' dir='ltr'>nisi</span> <span class='ocrx_word' id='word_1_131' title='bbox 741 2782 772 2819; x_wconf 88' lang='lat' dir='ltr'>se</span> <span class='ocrx_word' id='word_1_132' title='bbox 793 2762 997 2829; x_wconf 84' lang='lat' dir='ltr'>interficiendo,</span> <span class='ocrx_word' id='word_1_133' title='bbox 1012 2762 1088 2834; x_wconf 89' lang='lat' dir='ltr'>quod</span> <span class='ocrx_word' id='word_1_134' title='bbox 1102 2762 1182 2819; x_wconf 83' lang='lat' dir='ltr'>nefas</span> 
     </span>
     <span class='ocr_line' id='line_1_16' title="bbox 94 2856 1182 2938; baseline 0.006 -28"><span class='ocrx_word' id='word_1_135' title='bbox 94 2867 168 2911; x_wconf 85' lang='lat' dir='ltr'>erat:</span> <span class='ocrx_word' id='word_1_136' title='bbox 192 2856 370 2932; x_wconf 86' lang='lat' dir='ltr'>“Quidquid</span> <span class='ocrx_word' id='word_1_137' title='bbox 381 2861 453 2918; x_wconf 87' lang='lat' dir='ltr'>alius</span> <span class='ocrx_word' id='word_1_138' title='bbox 466 2860 501 2919; x_wconf 87' lang='lat' dir='ltr'>de</span> <span class='ocrx_word' id='word_1_139' title='bbox 514 2880 642 2938; x_wconf 82' lang='lat' dir='ltr'>corpore,</span> <span class='ocrx_word' id='word_1_140' title='bbox 655 2862 701 2919; x_wconf 82' lang='lat' dir='ltr'>vel</span> <span class='ocrx_word' id='word_1_141' title='bbox 722 2863 752 2919; x_wconf 90' lang='lat' dir='ltr'>in</span> <span class='ocrx_word' id='word_1_142' title='bbox 772 2879 889 2937; x_wconf 83' lang='lat' dir='ltr'>corpore</span> <span class='ocrx_word' id='word_1_143' title='bbox 908 2860 1014 2927; x_wconf 83' lang='lat' dir='ltr'>feeerit,</span> <span class='ocrx_word' id='word_1_144' title='bbox 1029 2859 1106 2933; x_wconf 90' lang='lat' dir='ltr'>quod</span> <span class='ocrx_word' id='word_1_145' title='bbox 1119 2860 1182 2917; x_wconf 82' lang='lat' dir='ltr'>sine</span> 
     </span>
     <span class='ocr_line' id='line_1_17' title="bbox 95 2951 1181 3035; baseline 0.007 -27"><span class='ocrx_word' id='word_1_146' title='bbox 95 2966 210 3027; x_wconf 88' lang='lat' dir='ltr'>peceato</span> <span class='ocrx_word' id='word_1_147' title='bbox 232 2959 347 3032; x_wconf 83' lang='lat' dir='ltr'>proprio</span> <span class='ocrx_word' id='word_1_148' title='bbox 370 2977 427 3016; x_wconf 92' lang='lat' dir='ltr'>non</span> <span class='ocrx_word' id='word_1_149' title='bbox 451 2961 540 3017; x_wconf 87' lang='lat' dir='ltr'>valeat</span> <span class='ocrx_word' id='word_1_150' title='bbox 561 2961 668 3027; x_wconf 83' lang='lat' dir='ltr'>evitari,</span> <span class='ocrx_word' id='word_1_151' title='bbox 692 2969 793 3035; x_wconf 76' lang='lat' dir='ltr'>prater</span> <span class='ocrx_word' id='word_1_152' title='bbox 812 2956 925 3035; x_wconf 86' lang='lat' dir='ltr'>eulpam</span> <span class='ocrx_word' id='word_1_153' title='bbox 948 2960 979 3016; x_wconf 82' lang='lat' dir='ltr'>lit</span> <span class='ocrx_word' id='word_1_154' title='bbox 1001 2951 1181 3035; x_wconf 83' lang='lat' dir='ltr'>patientis.&#39;&#39;¹</span> 
     </span>
     <span class='ocr_line' id='line_1_18' title="bbox 94 3050 1184 3131; baseline 0.008 -26"><span class='ocrx_word' id='word_1_155' title='bbox 94 3050 238 3109; x_wconf 88' lang='lat' dir='ltr'>Violentia</span> <span class='ocrx_word' id='word_1_156' title='bbox 250 3055 406 3115; x_wconf 88' lang='lat' dir='ltr'>seeundum</span> <span class='ocrx_word' id='word_1_157' title='bbox 420 3058 498 3129; x_wconf 92' lang='lat' dir='ltr'>quid,</span> <span class='ocrx_word' id='word_1_158' title='bbox 515 3078 565 3117; x_wconf 86' lang='lat' dir='ltr'>seu</span> <span class='ocrx_word' id='word_1_159' title='bbox 580 3057 709 3131; x_wconf 81' lang='lat' dir='ltr'>quaedam</span> <span class='ocrx_word' id='word_1_160' title='bbox 729 3059 782 3126; x_wconf 87' lang='lat' dir='ltr'>vis,</span> <span class='ocrx_word' id='word_1_161' title='bbox 804 3078 861 3117; x_wconf 89' lang='lat' dir='ltr'>non</span> <span class='ocrx_word' id='word_1_162' title='bbox 878 3058 958 3125; x_wconf 89' lang='lat' dir='ltr'>tollit,</span> <span class='ocrx_word' id='word_1_163' title='bbox 972 3057 1023 3115; x_wconf 86' lang='lat' dir='ltr'>sed</span> <span class='ocrx_word' id='word_1_164' title='bbox 1037 3058 1184 3116; x_wconf 76' lang='lat' dir='ltr'>dumtaxat</span> 
     </span>
     <span class='ocr_line' id='line_1_19' title="bbox 94 3151 1182 3231; baseline 0.006 -27"><span class='ocrx_word' id='word_1_165' title='bbox 94 3151 196 3206; x_wconf 91' lang='lat' dir='ltr'>minuit</span> <span class='ocrx_word' id='word_1_166' title='bbox 207 3151 355 3212; x_wconf 84' lang='lat' dir='ltr'>voluntarii</span> <span class='ocrx_word' id='word_1_167' title='bbox 368 3157 513 3215; x_wconf 88' lang='lat' dir='ltr'>rationem.</span> <span class='ocrx_word' id='word_1_168' title='bbox 556 3157 625 3216; x_wconf 88' lang='lat' dir='ltr'>Ideo</span> <span class='ocrx_word' id='word_1_169' title='bbox 638 3158 735 3224; x_wconf 91' lang='lat' dir='ltr'>homo,</span> <span class='ocrx_word' id='word_1_170' title='bbox 749 3159 809 3230; x_wconf 90' lang='lat' dir='ltr'>qui,</span> <span class='ocrx_word' id='word_1_171' title='bbox 824 3158 886 3214; x_wconf 86' lang='lat' dir='ltr'>aliis</span> <span class='ocrx_word' id='word_1_172' title='bbox 900 3158 1075 3231; x_wconf 82' lang='lat' dir='ltr'>cogentibus,</span> <span class='ocrx_word' id='word_1_173' title='bbox 1090 3166 1182 3213; x_wconf 91' lang='lat' dir='ltr'>morte</span> 
     </span>
     <span class='ocr_line' id='line_1_20' title="bbox 94 3249 1182 3319; baseline 0.003 -17"><span class='ocrx_word' id='word_1_174' title='bbox 94 3249 179 3304; x_wconf 89' lang='lat' dir='ltr'>etiam</span> <span class='ocrx_word' id='word_1_175' title='bbox 192 3250 333 3319; x_wconf 86' lang='lat' dir='ltr'>intentata,</span> <span class='ocrx_word' id='word_1_176' title='bbox 347 3272 412 3311; x_wconf 89' lang='lat' dir='ltr'>eum</span> <span class='ocrx_word' id='word_1_177' title='bbox 426 3254 481 3312; x_wconf 86' lang='lat' dir='ltr'>&#39;dlis</span> <span class='ocrx_word' id='word_1_178' title='bbox 495 3256 570 3314; x_wconf 85' lang='lat' dir='ltr'>vadit</span> <span class='ocrx_word' id='word_1_179' title='bbox 591 3255 625 3312; x_wconf 93' lang='lat' dir='ltr'>ad</span> <span class='ocrx_word' id='word_1_180' title='bbox 647 3256 732 3313; x_wconf 91' lang='lat' dir='ltr'>alium</span> <span class='ocrx_word' id='word_1_181' title='bbox 754 3252 988 3317; x_wconf 86' lang='lat' dir='ltr'>interficiendum,</span> <span class='ocrx_word' id='word_1_182' title='bbox 1002 3249 1182 3308; x_wconf 82' lang='lat' dir='ltr'>excusandus</span> 
     </span>
     <span class='ocr_line' id='line_1_21' title="bbox 95 3351 872 3428; baseline 0.023 -28"><span class='ocrx_word' id='word_1_183' title='bbox 95 3356 220 3411; x_wconf 86' lang='lat' dir='ltr'>nonest,</span> <span class='ocrx_word' id='word_1_184' title='bbox 235 3351 361 3418; x_wconf 85' lang='lat' dir='ltr'>quamvis</span> <span class='ocrx_word' id='word_1_185' title='bbox 375 3353 479 3410; x_wconf 87' lang='lat' dir='ltr'>invitus</span> <span class='ocrx_word' id='word_1_186' title='bbox 493 3364 564 3428; x_wconf 86' lang='lat' dir='ltr'>agat.</span> <span class='ocrx_word' id='word_1_187' title='bbox 868 3356 872 3362; x_wconf 86' lang='grc'><strong>’</strong></span> 
     </span>
    </p>

    <p class='ocr_par' dir='ltr' id='par_1_4' title="bbox 94 3444 1184 3723">
     <span class='ocr_line' id='line_1_22' title="bbox 135 3444 1184 3534; baseline 0.002 -34"><span class='ocrx_word' id='word_1_188' title='bbox 135 3449 185 3501; x_wconf 79' lang='lat'>22.</span> <span class='ocrx_word' id='word_1_189' title='bbox 209 3444 261 3502; x_wconf 82' lang='lat' dir='ltr'>Vis</span> <span class='ocrx_word' id='word_1_190' title='bbox 281 3465 435 3521; x_wconf 88' lang='lat' dir='ltr'>numquam</span> <span class='ocrx_word' id='word_1_191' title='bbox 456 3450 573 3508; x_wconf 86' lang='lat' dir='ltr'>insertur</span> <span class='ocrx_word' id='word_1_192' title='bbox 593 3449 736 3517; x_wconf 87' lang='lat' dir='ltr'>voluntati,</span> <span class='ocrx_word' id='word_1_193' title='bbox 752 3459 847 3534; x_wconf 85' lang='lat' dir='ltr'>“nam</span> <span class='ocrx_word' id='word_1_194' title='bbox 869 3448 971 3505; x_wconf 86' lang='lat' dir='ltr'>invitus</span> <span class='ocrx_word' id='word_1_195' title='bbox 992 3464 1077 3505; x_wconf 93' lang='lat' dir='ltr'>nemo</span> <span class='ocrx_word' id='word_1_196' title='bbox 1091 3456 1184 3524; x_wconf 89' lang='lat' dir='ltr'>potest</span> 
     </span>
     <span class='ocr_line' id='line_1_23' title="bbox 94 3541 1181 3624; baseline 0.005 -27"><span class='ocrx_word' id='word_1_197' title='bbox 94 3542 176 3610; x_wconf 86' lang='lat' dir='ltr'>velle,</span> <span class='ocrx_word' id='word_1_198' title='bbox 203 3545 270 3617; x_wconf 90' lang='lat' dir='ltr'>quia</span> <span class='ocrx_word' id='word_1_199' title='bbox 295 3564 380 3605; x_wconf 89' lang='lat' dir='ltr'>nemo</span> <span class='ocrx_word' id='word_1_200' title='bbox 411 3559 505 3624; x_wconf 87' lang='lat' dir='ltr'>potest</span> <span class='ocrx_word' id='word_1_201' title='bbox 535 3549 617 3615; x_wconf 88' lang='lat' dir='ltr'>velle,</span> <span class='ocrx_word' id='word_1_202' title='bbox 643 3548 742 3606; x_wconf 90' lang='lat' dir='ltr'>nolens</span> <span class='ocrx_word' id='word_1_203' title='bbox 771 3541 893 3605; x_wconf 82' lang='lat' dir='ltr'>velle.”²</span> <span class='ocrx_word' id='word_1_204' title='bbox 946 3547 988 3606; x_wconf 90' lang='lat' dir='ltr'>lta</span> <span class='ocrx_word' id='word_1_205' title='bbox 1017 3547 1181 3605; x_wconf 82' lang='lat' dir='ltr'>Anselmus.</span> 
     </span>
     <span class='ocr_line' id='line_1_24' title="bbox 94 3640 1182 3723; baseline 0.004 -26"><span class='ocrx_word' id='word_1_206' title='bbox 94 3640 196 3705; x_wconf 88' lang='lat' dir='ltr'>Quoad</span> <span class='ocrx_word' id='word_1_207' title='bbox 228 3652 305 3699; x_wconf 83' lang='lat' dir='ltr'>actus</span> <span class='ocrx_word' id='word_1_208' title='bbox 338 3645 490 3721; x_wconf 86' lang='lat' dir='ltr'>imperatos</span> <span class='ocrx_word' id='word_1_209' title='bbox 528 3650 699 3706; x_wconf 88' lang='lat' dir='ltr'>voluntatem</span> <span class='ocrx_word' id='word_1_210' title='bbox 737 3649 795 3706; x_wconf 84' lang='lat' dir='ltr'>vim</span> <span class='ocrx_word' id='word_1_211' title='bbox 833 3664 918 3723; x_wconf 86' lang='lat' dir='ltr'>posse</span> <span class='ocrx_word' id='word_1_212' title='bbox 957 3647 1013 3723; x_wconf 89' lang='lat' dir='ltr'>pati</span> <span class='ocrx_word' id='word_1_213' title='bbox 1049 3645 1117 3704; x_wconf 87' lang='lat' dir='ltr'>dicit</span> <span class='ocrx_word' id='word_1_214' title='bbox 1149 3645 1182 3701; x_wconf 83' lang='lat' dir='ltr'>S.</span> 
     </span>
    </p>
   </div>
   <div class='ocr_carea' id='block_1_4' title="bbox 94 3737 1185 4210">
    <p class='ocr_par' dir='ltr' id='par_1_5' title="bbox 94 3737 1185 4210">
     <span class='ocr_line' id='line_1_25' title="bbox 94 3737 1185 3821; baseline 0.003 -25"><span class='ocrx_word' id='word_1_215' title='bbox 94 3737 234 3806; x_wconf 85' lang='lat' dir='ltr'>Thomas,</span> <span class='ocrx_word' id='word_1_216' title='bbox 260 3759 296 3798; x_wconf 87' lang='lat' dir='ltr'>eo</span> <span class='ocrx_word' id='word_1_217' title='bbox 322 3742 399 3814; x_wconf 92' lang='lat' dir='ltr'>quod</span> <span class='ocrx_word' id='word_1_218' title='bbox 424 3745 592 3821; x_wconf 88' lang='lat' dir='ltr'>impediatur</span> <span class='ocrx_word' id='word_1_219' title='bbox 617 3745 767 3819; x_wconf 89' lang='lat' dir='ltr'>aliquando</span> <span class='ocrx_word' id='word_1_220' title='bbox 793 3763 828 3802; x_wconf 90' lang='lat' dir='ltr'>ne</span> <span class='ocrx_word' id='word_1_221' title='bbox 854 3756 1010 3816; x_wconf 88' lang='lat' dir='ltr'>exequatur</span> <span class='ocrx_word' id='word_1_222' title='bbox 1030 3762 1093 3818; x_wconf 87' lang='lat' dir='ltr'>quae</span> <span class='ocrx_word' id='word_1_223' title='bbox 1120 3760 1185 3817; x_wconf 90' lang='lat' dir='ltr'>pro·</span> 
     </span>
     <span class='ocr_line' id='line_1_26' title="bbox 95 3839 1183 3917; baseline 0.001 -23"><span class='ocrx_word' id='word_1_224' title='bbox 95 3839 189 3911; x_wconf 89' lang='lat' dir='ltr'>ponit:</span> <span class='ocrx_word' id='word_1_225' title='bbox 218 3850 350 3899; x_wconf 73' lang='lat' dir='ltr'>caurum</span> <span class='ocrx_word' id='word_1_226' title='bbox 384 3843 477 3901; x_wconf 87' lang='lat' dir='ltr'>nullus</span> <span class='ocrx_word' id='word_1_227' title='bbox 502 3854 590 3910; x_wconf 84' lang='lat' dir='ltr'>aetus,</span> <span class='ocrx_word' id='word_1_228' title='bbox 612 3846 662 3917; x_wconf 91' lang='lat' dir='ltr'>qui</span> <span class='ocrx_word' id='word_1_229' title='bbox 687 3845 719 3901; x_wconf 81' lang='lat' dir='ltr'>fit</span> <span class='ocrx_word' id='word_1_230' title='bbox 744 3845 850 3917; x_wconf 87' lang='lat' dir='ltr'>absque</span> <span class='ocrx_word' id='word_1_231' title='bbox 876 3844 1025 3901; x_wconf 83' lang='lat' dir='ltr'>voluntatis</span> <span class='ocrx_word' id='word_1_232' title='bbox 1052 3839 1183 3915; x_wconf 89' lang='lat' dir='ltr'>imperio,</span> 
     </span>
     <span class='ocr_line' id='line_1_27' title="bbox 95 3932 1185 4016; baseline 0.001 -25"><span class='ocrx_word' id='word_1_233' title='bbox 95 3932 230 3993; x_wconf 87' lang='lat' dir='ltr'>dioendus</span> <span class='ocrx_word' id='word_1_234' title='bbox 244 3946 288 3993; x_wconf 86' lang='lat' dir='ltr'>est</span> <span class='ocrx_word' id='word_1_235' title='bbox 300 3938 462 4016; x_wconf 88' lang='lat' dir='ltr'>imperatus.</span> <span class='ocrx_word' id='word_1_236' title='bbox 505 3942 554 4001; x_wconf 87' lang='lat' dir='ltr'>Sic</span> <span class='ocrx_word' id='word_1_237' title='bbox 575 3943 600 3999; x_wconf 85' lang='lat' dir='ltr'>si</span> <span class='ocrx_word' id='word_1_238' title='bbox 619 3961 718 4000; x_wconf 87' lang='lat' dir='ltr'>manus</span> <span class='ocrx_word' id='word_1_239' title='bbox 733 3943 812 4000; x_wconf 84' lang='lat' dir='ltr'>inviti</span> <span class='ocrx_word' id='word_1_240' title='bbox 826 3941 1015 4004; x_wconf 87' lang='lat' dir='ltr'>admoveatur,</span> <span class='ocrx_word' id='word_1_241' title='bbox 1030 3948 1059 3994; x_wconf 88' lang='lat' dir='ltr'>et</span> <span class='ocrx_word' id='word_1_242' title='bbox 1070 3936 1185 3993; x_wconf 86' lang='lat' dir='ltr'>charae·</span> 
     </span>
     <span class='ocr_line' id='line_1_28' title="bbox 95 4034 1184 4117; baseline 0.005 -29"><span class='ocrx_word' id='word_1_243' title='bbox 95 4042 166 4090; x_wconf 84' lang='lat' dir='ltr'>teres</span> <span class='ocrx_word' id='word_1_244' title='bbox 179 4035 289 4094; x_wconf 89' lang='lat' dir='ltr'>ealamo</span> <span class='ocrx_word' id='word_1_245' title='bbox 302 4037 467 4107; x_wconf 81' lang='lat' dir='ltr'>efficiantur,</span> <span class='ocrx_word' id='word_1_246' title='bbox 482 4051 559 4098; x_wconf 86' lang='lat' dir='ltr'>aetus</span> <span class='ocrx_word' id='word_1_247' title='bbox 572 4040 737 4117; x_wconf 86' lang='lat' dir='ltr'>hujusmodi</span> <span class='ocrx_word' id='word_1_248' title='bbox 758 4058 815 4097; x_wconf 90' lang='lat' dir='ltr'>non</span> <span class='ocrx_word' id='word_1_249' title='bbox 836 4055 915 4104; x_wconf 87' lang='lat' dir='ltr'>suus,</span> <span class='ocrx_word' id='word_1_250' title='bbox 929 4034 980 4092; x_wconf 92' lang='lat' dir='ltr'>sed</span> <span class='ocrx_word' id='word_1_251' title='bbox 1001 4035 1108 4093; x_wconf 89' lang='lat' dir='ltr'>alienus</span> <span class='ocrx_word' id='word_1_252' title='bbox 1129 4045 1184 4094; x_wconf 87' lang='lat' dir='ltr'>est.</span> 
     </span>
     <span class='ocr_line' id='line_1_29' title="bbox 95 4129 1185 4210; baseline 0.004 -23"><span class='ocrx_word' id='word_1_253' title='bbox 95 4129 252 4191; x_wconf 85' lang='lat' dir='ltr'>Communi</span> <span class='ocrx_word' id='word_1_254' title='bbox 266 4144 360 4194; x_wconf 81' lang='lat' dir='ltr'>tamen</span> <span class='ocrx_word' id='word_1_255' title='bbox 372 4136 507 4210; x_wconf 86' lang='lat' dir='ltr'>loquendi</span> <span class='ocrx_word' id='word_1_256' title='bbox 520 4140 626 4197; x_wconf 89' lang='lat' dir='ltr'>ratione</span> <span class='ocrx_word' id='word_1_257' title='bbox 639 4139 682 4196; x_wconf 84' lang='lat' dir='ltr'>vis</span> <span class='ocrx_word' id='word_1_258' title='bbox 696 4137 796 4195; x_wconf 87' lang='lat' dir='ltr'>dieitur</span> <span class='ocrx_word' id='word_1_259' title='bbox 816 4135 891 4195; x_wconf 85' lang='lat' dir='ltr'>illata</span> <span class='ocrx_word' id='word_1_260' title='bbox 911 4133 1055 4204; x_wconf 85' lang='lat' dir='ltr'>voluntati,</span> <span class='ocrx_word' id='word_1_261' title='bbox 1070 4134 1185 4208; x_wconf 91' lang='lat' dir='ltr'>quando</span> 
     </span>
    </p>
   </div>
   <div class='ocr_carea' id='block_1_5' title="bbox 130 4330 1152 4405">
    <p class='ocr_par' dir='ltr' id='par_1_6' title="bbox 130 4330 1152 4405">
     <span class='ocr_line' id='line_1_30' title="bbox 130 4330 1152 4405; baseline 0.002 -22"><span class='ocrx_word' id='word_1_262' title='bbox 130 4333 174 4397; x_wconf 89' lang='lat' dir='ltr'>(l)</span> <span class='ocrx_word' id='word_1_263' title='bbox 194 4330 224 4384; x_wconf 82' lang='lat' dir='ltr'>L.</span> <span class='ocrx_word' id='word_1_264' title='bbox 237 4333 253 4384; x_wconf 87' lang='lat' dir='ltr'>i.</span> <span class='ocrx_word' id='word_1_265' title='bbox 265 4332 296 4384; x_wconf 84' lang='lat' dir='ltr'>ds</span> <span class='ocrx_word' id='word_1_266' title='bbox 306 4333 354 4385; x_wconf 78' lang='lat' dir='ltr'>eir.</span> <span class='ocrx_word' id='word_1_267' title='bbox 367 4333 415 4385; x_wconf 87' lang='lat' dir='ltr'>Dei</span> <span class='ocrx_word' id='word_1_268' title='bbox 426 4351 446 4386; x_wconf 78' lang='lat' dir='ltr'>a</span> <span class='ocrx_word' id='word_1_269' title='bbox 458 4335 508 4386; x_wconf 82' lang='lat' dir='ltr'>xvi.</span> <span class='ocrx_word' id='word_1_270' title='bbox 828 4333 870 4405; x_wconf 71' lang='lat'>(2)</span> <span class='ocrx_word' id='word_1_271' title='bbox 890 4332 920 4384; x_wconf 79' lang='lat' dir='ltr'>L.</span> <span class='ocrx_word' id='word_1_272' title='bbox 932 4333 962 4384; x_wconf 75' lang='lat' dir='ltr'>de</span> <span class='ocrx_word' id='word_1_273' title='bbox 973 4335 1014 4386; x_wconf 87' lang='lat' dir='ltr'>lib.</span> <span class='ocrx_word' id='word_1_274' title='bbox 1025 4336 1074 4387; x_wconf 76' lang='lat' dir='ltr'>arb.</span> <span class='ocrx_word' id='word_1_275' title='bbox 1086 4348 1108 4383; x_wconf 77' lang='lat' dir='ltr'>c·</span> <span class='ocrx_word' id='word_1_276' title='bbox 1119 4331 1152 4381; x_wconf 79' lang='lat' dir='ltr'>vl·</span> 
     </span>
    </p>
   </div>
   <div class='ocr_carea' id='block_1_6' title="bbox 0 0 1396 4996">
    <p class='ocr_par' dir='ltr' id='par_1_7' title="bbox 0 0 1396 4996">
     <span class='ocr_line' id='line_1_31' title="bbox 0 0 1396 4996; baseline 0 0"><span class='ocrx_word' id='word_1_277' title='bbox 0 0 1396 4996; x_wconf 95' lang='lat' dir='ltr'> </span> 
     </span>
    </p>
   </div>
  </div>
 </body>
</html>
