<?xml version="1.0" encoding="UTF-8"?>
<!DOCTYPE html PUBLIC "-//W3C//DTD XHTML 1.0 Transitional//EN"
    "http://www.w3.org/TR/xhtml1/DTD/xhtml1-transitional.dtd">
<html xmlns="http://www.w3.org/1999/xhtml" xml:lang="en" lang="en">
 <head>
  <title>
</title>
<meta http-equiv="Content-Type" content="text/html;charset=utf-8" />
  <meta name='ocr-system' content='tesseract 3.04.00' />
  <meta name='ocr-capabilities' content='ocr_page ocr_carea ocr_par ocr_line ocrx_word'/>
</head>
<body>
  <div class='ocr_page' id='page_1' title='image "./theologiaemoral00kenrgoog_0325.png"; bbox 0 0 2744 4980; ppageno 0'>
   <div class='ocr_carea' id='block_1_1' title="bbox 216 388 1063 488">
    <p class='ocr_par' dir='ltr' id='par_1_1' title="bbox 216 388 1063 488">
     <span class='ocr_line' id='line_1_1' title="bbox 216 388 1063 488; baseline -0.011 -8"><span class='ocrx_word' id='word_1_1' title='bbox 216 426 275 481; x_wconf 73' lang='lat' dir='ltr'><strong>aaa</strong></span> <span class='ocrx_word' id='word_1_2' title='bbox 461 420 519 480; x_wconf 84' lang='lat' dir='ltr'><strong>nu</strong></span> <span class='ocrx_word' id='word_1_3' title='bbox 540 388 1063 488; x_wconf 52' lang='lat' dir='ltr'><strong>ruoolrrsdarrmnrnus.</strong></span> 
     </span>
    </p>
   </div>
   <div class='ocr_carea' id='block_1_2' title="bbox 628 713 887 791">
    <p class='ocr_par' dir='ltr' id='par_1_2' title="bbox 628 713 887 791">
     <span class='ocr_line' id='line_1_2' title="bbox 628 713 887 791; baseline -0.015 -16"><span class='ocrx_word' id='word_1_4' title='bbox 628 716 712 791; x_wconf 86' lang='lat' dir='ltr'>§1v.</span> <span class='ocrx_word' id='word_1_5' title='bbox 754 713 801 773; x_wconf 81' lang='lat' dir='ltr'><strong>De</strong></span> <span class='ocrx_word' id='word_1_6' title='bbox 823 715 887 773; x_wconf 73' lang='lat' dir='ltr'><strong>lna·</strong></span> 
     </span>
    </p>
   </div>
   <div class='ocr_carea' id='block_1_3' title="bbox 217 892 1309 4046">
    <p class='ocr_par' dir='ltr' id='par_1_3' title="bbox 217 892 1309 2754">
     <span class='ocr_line' id='line_1_3' title="bbox 256 892 1305 971; baseline -0.011 -10"><span class='ocrx_word' id='word_1_7' title='bbox 256 907 305 961; x_wconf 88' lang='grc'><strong>55.</strong></span> <span class='ocrx_word' id='word_1_8' title='bbox 328 901 382 968; x_wconf 88' lang='lat' dir='ltr'><strong>lra,</strong></span> <span class='ocrx_word' id='word_1_9' title='bbox 405 908 544 971; x_wconf 87' lang='lat' dir='ltr'><strong>quatenus</strong></span> <span class='ocrx_word' id='word_1_10' title='bbox 565 899 665 956; x_wconf 88' lang='lat' dir='ltr'><strong>vitium</strong></span> <span class='ocrx_word' id='word_1_11' title='bbox 684 910 737 964; x_wconf 88' lang='lat' dir='ltr'><strong>est,</strong></span> <span class='ocrx_word' id='word_1_12' title='bbox 751 906 794 954; x_wconf 83' lang='lat' dir='ltr'><strong>est</strong></span> <span class='ocrx_word' id='word_1_13' title='bbox 813 894 989 954; x_wconf 86' lang='lat' dir='ltr'><strong>inordinatus</strong></span> <span class='ocrx_word' id='word_1_14' title='bbox 1010 895 1155 971; x_wconf 86' lang='lat' dir='ltr'><strong>appetitus</strong></span> <span class='ocrx_word' id='word_1_15' title='bbox 1170 892 1305 959; x_wconf 78' lang='lat' dir='ltr'><strong>vindicta,</strong></span> 
     </span>
     <span class='ocr_line' id='line_1_4' title="bbox 220 991 1305 1073; baseline -0.013 -13"><span class='ocrx_word' id='word_1_16' title='bbox 220 1001 363 1073; x_wconf 90' lang='lat' dir='ltr'><strong>autquasi</strong></span> <span class='ocrx_word' id='word_1_17' title='bbox 376 998 517 1055; x_wconf 77' lang='lat' dir='ltr'><strong>vindicte.</strong></span> <span class='ocrx_word' id='word_1_18' title='bbox 560 997 705 1070; x_wconf 81' lang='lat' dir='ltr'><strong>Equidem</strong></span> <span class='ocrx_word' id='word_1_19' title='bbox 726 997 867 1072; x_wconf 85' lang='lat' dir='ltr'><strong>appetitus</strong></span> <span class='ocrx_word' id='word_1_20' title='bbox 888 993 1018 1053; x_wconf 76' lang='lat' dir='ltr'><strong>vindicta</strong></span> <span class='ocrx_word' id='word_1_21' title='bbox 1032 991 1194 1051; x_wconf 87' lang='lat' dir='ltr'><strong>secundum</strong></span> <span class='ocrx_word' id='word_1_22' title='bbox 1209 1001 1305 1048; x_wconf 78' lang='lat' dir='ltr'><strong>rectam</strong></span> 
     </span>
     <span class='ocr_line' id='line_1_5' title="bbox 217 1089 1305 1172; baseline -0.011 -15"><span class='ocrx_word' id='word_1_23' title='bbox 217 1101 356 1157; x_wconf 88' lang='lat' dir='ltr'><strong>rationem</strong></span> <span class='ocrx_word' id='word_1_24' title='bbox 369 1106 450 1154; x_wconf 86' lang='lat' dir='ltr'><strong>vacat</strong></span> <span class='ocrx_word' id='word_1_25' title='bbox 461 1097 554 1172; x_wconf 85' lang='lat' dir='ltr'><strong>culpa,</strong></span> <span class='ocrx_word' id='word_1_26' title='bbox 569 1098 628 1154; x_wconf 91' lang='lat' dir='ltr'><strong>imo</strong></span> <span class='ocrx_word' id='word_1_27' title='bbox 640 1107 670 1154; x_wconf 87' lang='lat' dir='ltr'><strong>et</strong></span> <span class='ocrx_word' id='word_1_28' title='bbox 681 1094 829 1153; x_wconf 89' lang='lat' dir='ltr'><strong>laudabilis</strong></span> <span class='ocrx_word' id='word_1_29' title='bbox 847 1104 899 1160; x_wconf 84' lang='lat' dir='ltr'><strong>est,</strong></span> <span class='ocrx_word' id='word_1_30' title='bbox 909 1096 993 1172; x_wconf 87' lang='lat' dir='ltr'><strong>juxta</strong></span> <span class='ocrx_word' id='word_1_31' title='bbox 1005 1092 1076 1151; x_wconf 88' lang='lat' dir='ltr'><strong>illud</strong></span> <span class='ocrx_word' id='word_1_32' title='bbox 1089 1089 1224 1167; x_wconf 81' lang='lat' dir='ltr'><strong>Angelici</strong></span> <span class='ocrx_word' id='word_1_33' title='bbox 1236 1089 1305 1146; x_wconf 87' lang='lat' dir='ltr'><strong>Doc-</strong></span> 
     </span>
     <span class='ocr_line' id='line_1_6' title="bbox 218 1189 1307 1273; baseline -0.01 -17"><span class='ocrx_word' id='word_1_34' title='bbox 218 1200 304 1256; x_wconf 86' lang='lat' dir='ltr'><strong>toris:</strong></span> <span class='ocrx_word' id='word_1_35' title='bbox 327 1206 347 1232; x_wconf 87' lang='lat'>“</span> <span class='ocrx_word' id='word_1_36' title='bbox 357 1197 563 1273; x_wconf 90' lang='lat' dir='ltr'><strong>potestmalum</strong></span> <span class='ocrx_word' id='word_1_37' title='bbox 577 1197 606 1253; x_wconf 89' lang='lat' dir='ltr'><strong>in</strong></span> <span class='ocrx_word' id='word_1_38' title='bbox 620 1197 662 1253; x_wconf 92' lang='lat' dir='ltr'><strong>ira</strong></span> <span class='ocrx_word' id='word_1_39' title='bbox 674 1195 805 1263; x_wconf 85' lang='lat' dir='ltr'><strong>inveniri,</strong></span> <span class='ocrx_word' id='word_1_40' title='bbox 821 1192 934 1267; x_wconf 89' lang='lat' dir='ltr'><strong>qnando</strong></span> <span class='ocrx_word' id='word_1_41' title='bbox 943 1193 1053 1250; x_wconf 85' lang='lat' dir='ltr'><strong>scilicet</strong></span> <span class='ocrx_word' id='word_1_42' title='bbox 1064 1191 1171 1263; x_wconf 88' lang='lat' dir='ltr'><strong>aliquis</strong></span> <span class='ocrx_word' id='word_1_43' title='bbox 1184 1189 1307 1246; x_wconf 78' lang='lat' dir='ltr'><strong>irascitur</strong></span> 
     </span>
     <span class='ocr_line' id='line_1_7' title="bbox 219 1282 1308 1377; baseline -0.006 -24"><span class='ocrx_word' id='word_1_44' title='bbox 219 1297 294 1373; x_wconf 88' lang='lat' dir='ltr'><strong>plus,</strong></span> <span class='ocrx_word' id='word_1_45' title='bbox 310 1295 354 1352; x_wconf 88' lang='lat' dir='ltr'><strong>vel</strong></span> <span class='ocrx_word' id='word_1_46' title='bbox 368 1296 472 1360; x_wconf 90' lang='lat' dir='ltr'><strong>minus,</strong></span> <span class='ocrx_word' id='word_1_47' title='bbox 488 1305 589 1371; x_wconf 85' lang='lat' dir='ltr'><strong>praeter</strong></span> <span class='ocrx_word' id='word_1_48' title='bbox 600 1296 739 1353; x_wconf 87' lang='lat' dir='ltr'><strong>rationem</strong></span> <span class='ocrx_word' id='word_1_49' title='bbox 758 1303 881 1377; x_wconf 81' lang='lat' dir='ltr'><strong>rectam:</strong></span> <span class='ocrx_word' id='word_1_50' title='bbox 903 1292 927 1350; x_wconf 85' lang='lat' dir='ltr'><strong>si</strong></span> <span class='ocrx_word' id='word_1_51' title='bbox 948 1302 1041 1349; x_wconf 87' lang='lat' dir='ltr'><strong>autem</strong></span> <span class='ocrx_word' id='word_1_52' title='bbox 1062 1282 1168 1363; x_wconf 78' lang='lat' dir='ltr'><strong>aliquis</strong></span> <span class='ocrx_word' id='word_1_53' title='bbox 1184 1289 1308 1347; x_wconf 71' lang='lat' dir='ltr'><strong>irascitur</strong></span> 
     </span>
     <span class='ocr_line' id='line_1_8' title="bbox 218 1387 1307 1462; baseline -0.006 -10"><span class='ocrx_word' id='word_1_54' title='bbox 218 1394 375 1452; x_wconf 84' lang='lat' dir='ltr'><strong>secundum</strong></span> <span class='ocrx_word' id='word_1_55' title='bbox 387 1403 492 1452; x_wconf 89' lang='lat' dir='ltr'><strong>rectam</strong></span> <span class='ocrx_word' id='word_1_56' title='bbox 512 1395 660 1462; x_wconf 90' lang='lat' dir='ltr'><strong>rationem,</strong></span> <span class='ocrx_word' id='word_1_57' title='bbox 674 1405 741 1452; x_wconf 89' lang='lat' dir='ltr'><strong>tunc</strong></span> <span class='ocrx_word' id='word_1_58' title='bbox 762 1387 1109 1450; x_wconf 64' lang='grc' dir='ltr'><strong>111111111111ι111111111.”ι</strong></span> <span class='ocrx_word' id='word_1_59' title='bbox 1153 1387 1233 1446; x_wconf 85' lang='lat' dir='ltr'><strong>Huic</strong></span> <span class='ocrx_word' id='word_1_60' title='bbox 1247 1406 1307 1446; x_wconf 88' lang='lat' dir='ltr'><strong>con·</strong></span> 
     </span>
     <span class='ocr_line' id='line_1_9' title="bbox 219 1482 1306 1569; baseline -0.006 -20"><span class='ocrx_word' id='word_1_61' title='bbox 219 1505 301 1552; x_wconf 90' lang='lat' dir='ltr'><strong>souat</strong></span> <span class='ocrx_word' id='word_1_62' title='bbox 314 1493 440 1551; x_wconf 87' lang='lat' dir='ltr'><strong>Psaltes:</strong></span> <span class='ocrx_word' id='word_1_63' title='bbox 464 1493 648 1551; x_wconf 85' lang='lat' dir='ltr'><strong>“irascimini</strong></span> <span class='ocrx_word' id='word_1_64' title='bbox 663 1504 691 1549; x_wconf 88' lang='lat' dir='ltr'><strong>et</strong></span> <span class='ocrx_word' id='word_1_65' title='bbox 713 1493 799 1550; x_wconf 90' lang='lat' dir='ltr'><strong>nolite</strong></span> <span class='ocrx_word' id='word_1_66' title='bbox 815 1482 982 1569; x_wconf 83' lang='lat' dir='ltr'><strong>peccare.’&#39;²</strong></span> <span class='ocrx_word' id='word_1_67' title='bbox 1022 1487 1214 1546; x_wconf 81' lang='lat' dir='ltr'><strong>“Sciendum</strong></span> <span class='ocrx_word' id='word_1_68' title='bbox 1237 1486 1306 1552; x_wconf 81' lang='lat' dir='ltr'><strong>est,”</strong></span> 
     </span>
     <span class='ocr_line' id='line_1_10' title="bbox 219 1585 1308 1666; baseline -0.006 -16"><span class='ocrx_word' id='word_1_69' title='bbox 219 1593 313 1664; x_wconf 88' lang='lat' dir='ltr'><strong>inquit</strong></span> <span class='ocrx_word' id='word_1_70' title='bbox 325 1593 357 1648; x_wconf 76' lang='lat' dir='ltr'><strong>S.</strong></span> <span class='ocrx_word' id='word_1_71' title='bbox 374 1591 530 1666; x_wconf 85' lang='lat' dir='ltr'><strong>Gregorius</strong></span> <span class='ocrx_word' id='word_1_72' title='bbox 541 1592 597 1658; x_wconf 77' lang='lat' dir='ltr'><strong>M,</strong></span> <span class='ocrx_word' id='word_1_73' title='bbox 613 1601 632 1626; x_wconf 77' lang='lat'><strong>‘⁶</strong></span> <span class='ocrx_word' id='word_1_74' title='bbox 642 1590 718 1663; x_wconf 90' lang='lat' dir='ltr'><strong>quod</strong></span> <span class='ocrx_word' id='word_1_75' title='bbox 732 1591 787 1648; x_wconf 88' lang='lat' dir='ltr'><strong>alia</strong></span> <span class='ocrx_word' id='word_1_76' title='bbox 799 1599 842 1647; x_wconf 85' lang='lat' dir='ltr'><strong>eat</strong></span> <span class='ocrx_word' id='word_1_77' title='bbox 854 1592 896 1647; x_wconf 84' lang='lat' dir='ltr'><strong>ira</strong></span> <span class='ocrx_word' id='word_1_78' title='bbox 908 1607 993 1660; x_wconf 89' lang='lat' dir='ltr'><strong>quam</strong></span> <span class='ocrx_word' id='word_1_79' title='bbox 1007 1587 1187 1664; x_wconf 83' lang='lat' dir='ltr'><strong>impatientia</strong></span> <span class='ocrx_word' id='word_1_80' title='bbox 1199 1585 1308 1650; x_wconf 82' lang='lat' dir='ltr'><strong>excitat,</strong></span> 
     </span>
     <span class='ocr_line' id='line_1_11' title="bbox 219 1668 1308 1767; baseline -0.008 -18"><span class='ocrx_word' id='word_1_81' title='bbox 219 1692 274 1749; x_wconf 89' lang='lat' dir='ltr'><strong>alia</strong></span> <span class='ocrx_word' id='word_1_82' title='bbox 287 1709 372 1763; x_wconf 90' lang='lat' dir='ltr'><strong>qnam</strong></span> <span class='ocrx_word' id='word_1_83' title='bbox 387 1689 466 1747; x_wconf 87' lang='lat' dir='ltr'><strong>zelus</strong></span> <span class='ocrx_word' id='word_1_84' title='bbox 476 1691 593 1767; x_wconf 75' lang='lat' dir='ltr'><strong>justitiae</strong></span> <span class='ocrx_word' id='word_1_85' title='bbox 607 1690 727 1753; x_wconf 69' lang='lat' dir='ltr'><strong>sonnatz</strong></span> <span class='ocrx_word' id='word_1_86' title='bbox 748 1690 801 1748; x_wconf 90' lang='lat' dir='ltr'><strong>llla</strong></span> <span class='ocrx_word' id='word_1_87' title='bbox 813 1707 851 1746; x_wconf 90' lang='lat' dir='ltr'><strong>ex</strong></span> <span class='ocrx_word' id='word_1_88' title='bbox 863 1689 943 1754; x_wconf 87' lang='lat' dir='ltr'><strong>vitio,</strong></span> <span class='ocrx_word' id='word_1_89' title='bbox 957 1687 1019 1745; x_wconf 78' lang='lat' dir='ltr'><strong>hac</strong></span> <span class='ocrx_word' id='word_1_90' title='bbox 1032 1705 1070 1744; x_wconf 86' lang='lat' dir='ltr'><strong>ex</strong></span> <span class='ocrx_word' id='word_1_91' title='bbox 1083 1688 1186 1745; x_wconf 83' lang='lat' dir='ltr'><strong>virtute</strong></span> <span class='ocrx_word' id='word_1_92' title='bbox 1200 1668 1308 1760; x_wconf 82' lang='lat' dir='ltr'><strong>genera</strong></span> 
     </span>
     <span class='ocr_line' id='line_1_12' title="bbox 220 1784 1307 1865; baseline -0.006 -18"><span class='ocrx_word' id='word_1_93' title='bbox 220 1801 272 1848; x_wconf 90' lang='lat' dir='ltr'><strong>tur.</strong></span> <span class='ocrx_word' id='word_1_94' title='bbox 315 1790 347 1847; x_wconf 86' lang='lat' dir='ltr'><strong>Si</strong></span> <span class='ocrx_word' id='word_1_95' title='bbox 361 1789 437 1847; x_wconf 87' lang='lat' dir='ltr'><strong>enim</strong></span> <span class='ocrx_word' id='word_1_96' title='bbox 452 1788 528 1846; x_wconf 88' lang='lat' dir='ltr'><strong>nulla</strong></span> <span class='ocrx_word' id='word_1_97' title='bbox 548 1790 590 1847; x_wconf 91' lang='lat' dir='ltr'><strong>ira</strong></span> <span class='ocrx_word' id='word_1_98' title='bbox 608 1808 645 1847; x_wconf 86' lang='lat' dir='ltr'><strong>ex</strong></span> <span class='ocrx_word' id='word_1_99' title='bbox 666 1790 765 1846; x_wconf 87' lang='lat' dir='ltr'><strong>virtute</strong></span> <span class='ocrx_word' id='word_1_100' title='bbox 784 1796 921 1865; x_wconf 79' lang='lat' dir='ltr'><strong>surgeret,</strong></span> <span class='ocrx_word' id='word_1_101' title='bbox 935 1786 1040 1844; x_wconf 76' lang='lat' dir='ltr'><strong>divinae</strong></span> <span class='ocrx_word' id='word_1_102' title='bbox 1055 1784 1307 1843; x_wconf 83' lang='lat' dir='ltr'><strong>animadversionis</strong></span> 
     </span>
     <span class='ocr_line' id='line_1_13' title="bbox 219 1881 1308 1964; baseline -0.006 -19"><span class='ocrx_word' id='word_1_103' title='bbox 219 1889 358 1964; x_wconf 90' lang='lat' dir='ltr'><strong>impetum</strong></span> <span class='ocrx_word' id='word_1_104' title='bbox 373 1887 499 1947; x_wconf 83' lang='lat' dir='ltr'><strong>Phinees</strong></span> <span class='ocrx_word' id='word_1_105' title='bbox 515 1907 565 1964; x_wconf 89' lang='lat' dir='ltr'><strong>per</strong></span> <span class='ocrx_word' id='word_1_106' title='bbox 577 1887 702 1964; x_wconf 86' lang='lat' dir='ltr'><strong>gladium</strong></span> <span class='ocrx_word' id='word_1_107' title='bbox 716 1907 774 1945; x_wconf 93' lang='lat' dir='ltr'><strong>non</strong></span> <span class='ocrx_word' id='word_1_108' title='bbox 787 1888 936 1963; x_wconf 78' lang='lat' dir='ltr'><strong>placasset.</strong></span> <span class='ocrx_word' id='word_1_109' title='bbox 978 1884 1065 1944; x_wconf 87' lang='lat' dir='ltr'><strong>Hanc</strong></span> <span class='ocrx_word' id='word_1_110' title='bbox 1075 1886 1150 1944; x_wconf 87' lang='lat' dir='ltr'><strong>iram</strong></span> <span class='ocrx_word' id='word_1_111' title='bbox 1164 1883 1233 1956; x_wconf 89' lang='lat' dir='ltr'><strong>quia</strong></span> <span class='ocrx_word' id='word_1_112' title='bbox 1246 1881 1308 1939; x_wconf 88' lang='lat' dir='ltr'><strong>Heli</strong></span> 
     </span>
     <span class='ocr_line' id='line_1_14' title="bbox 220 1982 1307 2063; baseline -0.007 -19"><span class='ocrx_word' id='word_1_113' title='bbox 220 2006 277 2044; x_wconf 94' lang='lat' dir='ltr'><strong>non</strong></span> <span class='ocrx_word' id='word_1_114' title='bbox 290 1987 397 2053; x_wconf 91' lang='lat' dir='ltr'><strong>habuit,</strong></span> <span class='ocrx_word' id='word_1_115' title='bbox 406 1997 516 2044; x_wconf 91' lang='lat' dir='ltr'><strong>motum</strong></span> <span class='ocrx_word' id='word_1_116' title='bbox 530 1997 627 2044; x_wconf 85' lang='lat' dir='ltr'><strong>contra</strong></span> <span class='ocrx_word' id='word_1_117' title='bbox 636 2006 667 2044; x_wconf 90' lang='lat' dir='ltr'><strong>se</strong></span> <span class='ocrx_word' id='word_1_118' title='bbox 681 1986 894 2063; x_wconf 86' lang='lat' dir='ltr'><strong>implacabiliter</strong></span> <span class='ocrx_word' id='word_1_119' title='bbox 903 2003 1034 2061; x_wconf 78' lang='lat' dir='ltr'><strong>supernae</strong></span> <span class='ocrx_word' id='word_1_120' title='bbox 1042 1984 1162 2043; x_wconf 86' lang='lat' dir='ltr'><strong>ultionis</strong></span> <span class='ocrx_word' id='word_1_121' title='bbox 1172 1982 1307 2040; x_wconf 81' lang='lat' dir='ltr'><strong>excitavit</strong></span> 
     </span>
     <span class='ocr_line' id='line_1_15' title="bbox 221 2079 1308 2161; baseline -0.006 -18"><span class='ocrx_word' id='word_1_122' title='bbox 221 2085 297 2143; x_wconf 92' lang='lat' dir='ltr'><strong>Nam</strong></span> <span class='ocrx_word' id='word_1_123' title='bbox 313 2105 369 2157; x_wconf 93' lang='lat' dir='ltr'><strong>quo</strong></span> <span class='ocrx_word' id='word_1_124' title='bbox 383 2095 480 2142; x_wconf 88' lang='lat' dir='ltr'><strong>contra</strong></span> <span class='ocrx_word' id='word_1_125' title='bbox 500 2086 678 2144; x_wconf 83' lang='lat' dir='ltr'><strong>subditomm</strong></span> <span class='ocrx_word' id='word_1_126' title='bbox 701 2087 768 2142; x_wconf 89' lang='lat' dir='ltr'><strong>vitia</strong></span> <span class='ocrx_word' id='word_1_127' title='bbox 790 2087 888 2161; x_wconf 84' lang='lat' dir='ltr'><strong>tepuit,</strong></span> <span class='ocrx_word' id='word_1_128' title='bbox 908 2103 944 2143; x_wconf 90' lang='lat' dir='ltr'><strong>eo</strong></span> <span class='ocrx_word' id='word_1_129' title='bbox 964 2094 1062 2143; x_wconf 91' lang='lat' dir='ltr'><strong>contra</strong></span> <span class='ocrx_word' id='word_1_130' title='bbox 1081 2083 1164 2141; x_wconf 88' lang='lat' dir='ltr'><strong>illum</strong></span> <span class='ocrx_word' id='word_1_131' title='bbox 1178 2079 1308 2140; x_wconf 82' lang='lat' dir='ltr'><strong>districtio</strong></span> 
     </span>
     <span class='ocr_line' id='line_1_16' title="bbox 220 2173 1309 2260; baseline -0.005 -18"><span class='ocrx_word' id='word_1_132' title='bbox 220 2185 316 2242; x_wconf 79' lang='lat' dir='ltr'><strong>aterni</strong></span> <span class='ocrx_word' id='word_1_133' title='bbox 331 2186 447 2242; x_wconf 89' lang='lat' dir='ltr'><strong>rectoris</strong></span> <span class='ocrx_word' id='word_1_134' title='bbox 461 2177 613 2242; x_wconf 81' lang='lat' dir='ltr'><strong>exarsit.”³</strong></span> <span class='ocrx_word' id='word_1_135' title='bbox 656 2184 719 2241; x_wconf 85' lang='lat' dir='ltr'><strong>“Si</strong></span> <span class='ocrx_word' id='word_1_136' title='bbox 733 2195 825 2242; x_wconf 90' lang='lat' dir='ltr'><strong>autem</strong></span> <span class='ocrx_word' id='word_1_137' title='bbox 839 2183 942 2256; x_wconf 86' lang='lat' dir='ltr'><strong>aliquis</strong></span> <span class='ocrx_word' id='word_1_138' title='bbox 956 2193 1079 2260; x_wconf 89' lang='lat' dir='ltr'><strong>appetat,</strong></span> <span class='ocrx_word' id='word_1_139' title='bbox 1094 2173 1175 2254; x_wconf 91' lang='lat' dir='ltr'><strong>quod</strong></span> <span class='ocrx_word' id='word_1_140' title='bbox 1187 2181 1237 2238; x_wconf 89' lang='lat' dir='ltr'><strong>fiat</strong></span> <span class='ocrx_word' id='word_1_141' title='bbox 1254 2180 1309 2237; x_wconf 84' lang='lat' dir='ltr'><strong>vin·</strong></span> 
     </span>
     <span class='ocr_line' id='line_1_17' title="bbox 220 2278 1308 2363; baseline -0.006 -22"><span class='ocrx_word' id='word_1_142' title='bbox 220 2282 294 2341; x_wconf 89' lang='lat' dir='ltr'><strong>dicta</strong></span> <span class='ocrx_word' id='word_1_143' title='bbox 307 2285 549 2357; x_wconf 85' lang='lat' dir='ltr'><strong>qualitercumque</strong></span> <span class='ocrx_word' id='word_1_144' title='bbox 563 2293 659 2341; x_wconf 90' lang='lat' dir='ltr'><strong>contra</strong></span> <span class='ocrx_word' id='word_1_145' title='bbox 673 2283 801 2341; x_wconf 89' lang='lat' dir='ltr'><strong>ordinem</strong></span> <span class='ocrx_word' id='word_1_146' title='bbox 811 2284 938 2349; x_wconf 87' lang='lat' dir='ltr'><strong>rationis,</strong></span> <span class='ocrx_word' id='word_1_147' title='bbox 954 2281 1042 2363; x_wconf 89' lang='lat' dir='ltr'><strong>(puta,</strong></span> <span class='ocrx_word' id='word_1_148' title='bbox 1056 2282 1082 2338; x_wconf 93' lang='lat' dir='ltr'><strong>si</strong></span> <span class='ocrx_word' id='word_1_149' title='bbox 1095 2289 1212 2356; x_wconf 87' lang='lat' dir='ltr'><strong>appetat</strong></span> <span class='ocrx_word' id='word_1_150' title='bbox 1222 2278 1308 2356; x_wconf 87' lang='lat' dir='ltr'><strong>puniri</strong></span> 
     </span>
     <span class='ocr_line' id='line_1_18' title="bbox 220 2378 1308 2455; baseline -0.004 -16"><span class='ocrx_word' id='word_1_151' title='bbox 220 2400 286 2440; x_wconf 91' lang='lat' dir='ltr'><strong>eum</strong></span> <span class='ocrx_word' id='word_1_152' title='bbox 300 2384 348 2454; x_wconf 93' lang='lat' dir='ltr'><strong>qui</strong></span> <span class='ocrx_word' id='word_1_153' title='bbox 362 2402 419 2440; x_wconf 94' lang='lat' dir='ltr'><strong>non</strong></span> <span class='ocrx_word' id='word_1_154' title='bbox 432 2385 544 2451; x_wconf 89' lang='lat' dir='ltr'><strong>memit,</strong></span> <span class='ocrx_word' id='word_1_155' title='bbox 559 2384 604 2441; x_wconf 90' lang='lat' dir='ltr'><strong>vel</strong></span> <span class='ocrx_word' id='word_1_156' title='bbox 617 2384 688 2441; x_wconf 91' lang='lat' dir='ltr'><strong>ultra</strong></span> <span class='ocrx_word' id='word_1_157' title='bbox 701 2401 786 2455; x_wconf 91' lang='lat' dir='ltr'><strong>quam</strong></span> <span class='ocrx_word' id='word_1_158' title='bbox 800 2384 911 2449; x_wconf 88' lang='lat' dir='ltr'><strong>meruit,</strong></span> <span class='ocrx_word' id='word_1_159' title='bbox 925 2382 1068 2440; x_wconf 82' lang='lat' dir='ltr'><strong>ueletiam</strong></span> <span class='ocrx_word' id='word_1_160' title='bbox 1083 2399 1144 2438; x_wconf 92' lang='lat' dir='ltr'><strong>non</strong></span> <span class='ocrx_word' id='word_1_161' title='bbox 1157 2378 1308 2437; x_wconf 89' lang='lat' dir='ltr'><strong>secundnm</strong></span> 
     </span>
     <span class='ocr_line' id='line_1_19' title="bbox 219 2480 1308 2557; baseline -0.002 -20"><span class='ocrx_word' id='word_1_162' title='bbox 219 2480 377 2555; x_wconf 89' lang='lat' dir='ltr'><strong>legitimum</strong></span> <span class='ocrx_word' id='word_1_163' title='bbox 392 2481 531 2548; x_wconf 88' lang='lat' dir='ltr'><strong>ordinem,</strong></span> <span class='ocrx_word' id='word_1_164' title='bbox 546 2483 590 2540; x_wconf 89' lang='lat' dir='ltr'><strong>vel</strong></span> <span class='ocrx_word' id='word_1_165' title='bbox 603 2501 661 2539; x_wconf 91' lang='lat' dir='ltr'><strong>non</strong></span> <span class='ocrx_word' id='word_1_166' title='bbox 680 2491 796 2557; x_wconf 91' lang='lat' dir='ltr'><strong>propter</strong></span> <span class='ocrx_word' id='word_1_167' title='bbox 815 2481 939 2539; x_wconf 91' lang='lat' dir='ltr'><strong>debitum</strong></span> <span class='ocrx_word' id='word_1_168' title='bbox 960 2482 1057 2546; x_wconf 88' lang='lat' dir='ltr'><strong>finem,</strong></span> <span class='ocrx_word' id='word_1_169' title='bbox 1072 2480 1122 2552; x_wconf 90' lang='lat' dir='ltr'><strong>qui</strong></span> <span class='ocrx_word' id='word_1_170' title='bbox 1144 2488 1189 2536; x_wconf 83' lang='lat' dir='ltr'><strong>est</strong></span> <span class='ocrx_word' id='word_1_171' title='bbox 1201 2497 1308 2537; x_wconf 84' lang='lat' dir='ltr'><strong>conser-</strong></span> 
     </span>
     <span class='ocr_line' id='line_1_20' title="bbox 220 2577 1308 2657; baseline 0.002 -25"><span class='ocrx_word' id='word_1_172' title='bbox 220 2579 293 2635; x_wconf 84' lang='lat' dir='ltr'><strong>vatio</strong></span> <span class='ocrx_word' id='word_1_173' title='bbox 302 2579 420 2654; x_wconf 85' lang='lat' dir='ltr'><strong>justitiae</strong></span> <span class='ocrx_word' id='word_1_174' title='bbox 434 2590 463 2637; x_wconf 91' lang='lat' dir='ltr'><strong>et</strong></span> <span class='ocrx_word' id='word_1_175' title='bbox 475 2582 612 2638; x_wconf 87' lang='lat' dir='ltr'><strong>correctio</strong></span> <span class='ocrx_word' id='word_1_176' title='bbox 625 2577 728 2657; x_wconf 74' lang='lat' dir='ltr'><strong>culpae)</strong></span> <span class='ocrx_word' id='word_1_177' title='bbox 743 2582 796 2638; x_wconf 89' lang='lat' dir='ltr'><strong>erit</strong></span> <span class='ocrx_word' id='word_1_178' title='bbox 808 2581 950 2656; x_wconf 85' lang='lat' dir='ltr'><strong>appetitus</strong></span> <span class='ocrx_word' id='word_1_179' title='bbox 964 2582 1011 2638; x_wconf 83' lang='lat' dir='ltr'><strong>irae</strong></span> <span class='ocrx_word' id='word_1_180' title='bbox 1034 2579 1167 2645; x_wconf 84' lang='lat' dir='ltr'><strong>vitiosus,</strong></span> <span class='ocrx_word' id='word_1_181' title='bbox 1182 2588 1210 2636; x_wconf 91' lang='lat' dir='ltr'><strong>et</strong></span> <span class='ocrx_word' id='word_1_182' title='bbox 1222 2577 1308 2636; x_wconf 85' lang='lat' dir='ltr'><strong>nomi·</strong></span> 
     </span>
     <span class='ocr_line' id='line_1_21' title="bbox 219 2674 579 2754; baseline 0.003 -19"><span class='ocrx_word' id='word_1_183' title='bbox 219 2686 301 2736; x_wconf 89' lang='lat' dir='ltr'><strong>natur</strong></span> <span class='ocrx_word' id='word_1_184' title='bbox 314 2679 354 2735; x_wconf 91' lang='lat' dir='ltr'><strong>ira</strong></span> <span class='ocrx_word' id='word_1_185' title='bbox 367 2697 418 2754; x_wconf 90' lang='lat' dir='ltr'><strong>per</strong></span> <span class='ocrx_word' id='word_1_186' title='bbox 430 2674 579 2736; x_wconf 87' lang='lat' dir='ltr'><strong>vitium.&#39;’⁴</strong></span> 
     </span>
    </p>

    <p class='ocr_par' dir='ltr' id='par_1_4' title="bbox 218 2777 1309 4046">
     <span class='ocr_line' id='line_1_22' title="bbox 261 2777 1307 2856; baseline -0.001 -21"><span class='ocrx_word' id='word_1_187' title='bbox 261 2781 310 2835; x_wconf 83' lang='grc'><strong>56.</strong></span> <span class='ocrx_word' id='word_1_188' title='bbox 332 2777 377 2835; x_wconf 90' lang='lat' dir='ltr'><strong>lra</strong></span> <span class='ocrx_word' id='word_1_189' title='bbox 390 2788 433 2834; x_wconf 88' lang='lat' dir='ltr'><strong>est</strong></span> <span class='ocrx_word' id='word_1_190' title='bbox 445 2788 593 2854; x_wconf 87' lang='lat' dir='ltr'><strong>peccatum</strong></span> <span class='ocrx_word' id='word_1_191' title='bbox 607 2797 701 2856; x_wconf 88' lang='lat' dir='ltr'><strong>grave,</strong></span> <span class='ocrx_word' id='word_1_192' title='bbox 721 2778 850 2846; x_wconf 88' lang='lat' dir='ltr'><strong>velleve,</strong></span> <span class='ocrx_word' id='word_1_193' title='bbox 865 2799 917 2856; x_wconf 94' lang='lat' dir='ltr'><strong>pro</strong></span> <span class='ocrx_word' id='word_1_194' title='bbox 931 2782 971 2838; x_wconf 89' lang='lat' dir='ltr'><strong>rei</strong></span> <span class='ocrx_word' id='word_1_195' title='bbox 984 2788 1083 2838; x_wconf 88' lang='lat' dir='ltr'><strong>natura</strong></span> <span class='ocrx_word' id='word_1_196' title='bbox 1096 2796 1155 2850; x_wconf 90' lang='lat' dir='ltr'><strong>qua</strong></span> <span class='ocrx_word' id='word_1_197' title='bbox 1164 2779 1307 2841; x_wconf 84' lang='lat' dir='ltr'><strong>excitatur,</strong></span> 
     </span>
     <span class='ocr_line' id='line_1_23' title="bbox 222 2876 1308 2955; baseline -0.001 -21"><span class='ocrx_word' id='word_1_198' title='bbox 222 2886 249 2934; x_wconf 90' lang='lat' dir='ltr'><strong>et</strong></span> <span class='ocrx_word' id='word_1_199' title='bbox 262 2876 347 2934; x_wconf 91' lang='lat' dir='ltr'><strong>modo</strong></span> <span class='ocrx_word' id='word_1_200' title='bbox 361 2896 516 2935; x_wconf 84' lang='lat' dir='ltr'><strong>excessus:</strong></span> <span class='ocrx_word' id='word_1_201' title='bbox 540 2879 668 2936; x_wconf 87' lang='lat' dir='ltr'><strong>“Motus</strong></span> <span class='ocrx_word' id='word_1_202' title='bbox 691 2878 738 2936; x_wconf 86' lang='lat' dir='ltr'><strong>irae</strong></span> <span class='ocrx_word' id='word_1_203' title='bbox 753 2888 845 2954; x_wconf 87' lang='lat' dir='ltr'><strong>potest</strong></span> <span class='ocrx_word' id='word_1_204' title='bbox 859 2897 921 2936; x_wconf 88' lang='lat' dir='ltr'><strong>esse</strong></span> <span class='ocrx_word' id='word_1_205' title='bbox 935 2878 1110 2937; x_wconf 86' lang='lat' dir='ltr'><strong>inordinatus</strong></span> <span class='ocrx_word' id='word_1_206' title='bbox 1123 2886 1154 2934; x_wconf 91' lang='lat' dir='ltr'><strong>et</strong></span> <span class='ocrx_word' id='word_1_207' title='bbox 1166 2886 1308 2955; x_wconf 87' lang='lat' dir='ltr'><strong>peccatum</strong></span> 
     </span>
     <span class='ocr_line' id='line_1_24' title="bbox 220 2975 1309 3054; baseline 0 -22"><span class='ocrx_word' id='word_1_208' title='bbox 220 2975 379 3050; x_wconf 90' lang='lat' dir='ltr'><strong>dupliciter,</strong></span> <span class='ocrx_word' id='word_1_209' title='bbox 396 2997 509 3034; x_wconf 88' lang='lat' dir='ltr'><strong>...uno</strong></span> <span class='ocrx_word' id='word_1_210' title='bbox 523 2978 609 3036; x_wconf 91' lang='lat' dir='ltr'><strong>modo</strong></span> <span class='ocrx_word' id='word_1_211' title='bbox 624 2996 660 3035; x_wconf 82' lang='lat' dir='ltr'><strong>ex</strong></span> <span class='ocrx_word' id='word_1_212' title='bbox 674 2987 752 3054; x_wconf 88' lang='lat' dir='ltr'><strong>parte</strong></span> <span class='ocrx_word' id='word_1_213' title='bbox 766 2979 938 3054; x_wconf 84' lang='lat' dir='ltr'><strong>appetibilis,</strong></span> <span class='ocrx_word' id='word_1_214' title='bbox 952 2988 1048 3054; x_wconf 89' lang='lat' dir='ltr'><strong>utpote</strong></span> <span class='ocrx_word' id='word_1_215' title='bbox 1068 2994 1135 3035; x_wconf 94' lang='lat' dir='ltr'><strong>cum</strong></span> <span class='ocrx_word' id='word_1_216' title='bbox 1150 2977 1254 3050; x_wconf 84' lang='lat' dir='ltr'><strong>aliquis</strong></span> <span class='ocrx_word' id='word_1_217' title='bbox 1267 2993 1309 3049; x_wconf 82' lang='lat' dir='ltr'><strong>ap</strong></span> 
     </span>
     <span class='ocr_line' id='line_1_25' title="bbox 220 3074 1309 3152; baseline 0.002 -23"><span class='ocrx_word' id='word_1_218' title='bbox 220 3074 289 3149; x_wconf 90' lang='lat' dir='ltr'><strong>petit</strong></span> <span class='ocrx_word' id='word_1_219' title='bbox 301 3074 434 3149; x_wconf 87' lang='lat' dir='ltr'><strong>injustam</strong></span> <span class='ocrx_word' id='word_1_220' title='bbox 449 3076 600 3134; x_wconf 88' lang='lat' dir='ltr'><strong>vindictam</strong></span> <span class='ocrx_word' id='word_1_221' title='bbox 612 3096 620 3142; x_wconf 79' lang='lat'>3</span> <span class='ocrx_word' id='word_1_222' title='bbox 635 3084 663 3132; x_wconf 88' lang='lat' dir='ltr'><strong>et</strong></span> <span class='ocrx_word' id='word_1_223' title='bbox 675 3079 718 3135; x_wconf 90' lang='lat' dir='ltr'><strong>sic</strong></span> <span class='ocrx_word' id='word_1_224' title='bbox 731 3096 768 3133; x_wconf 83' lang='lat' dir='ltr'><strong>ex</strong></span> <span class='ocrx_word' id='word_1_225' title='bbox 783 3096 886 3151; x_wconf 82' lang='lat' dir='ltr'><strong>genere</strong></span> <span class='ocrx_word' id='word_1_226' title='bbox 900 3096 953 3135; x_wconf 90' lang='lat' dir='ltr'><strong>suo</strong></span> <span class='ocrx_word' id='word_1_227' title='bbox 966 3078 1007 3134; x_wconf 91' lang='lat' dir='ltr'><strong>ira</strong></span> <span class='ocrx_word' id='word_1_228' title='bbox 1020 3086 1064 3134; x_wconf 89' lang='lat' dir='ltr'><strong>est</strong></span> <span class='ocrx_word' id='word_1_229' title='bbox 1077 3087 1227 3152; x_wconf 88' lang='lat' dir='ltr'><strong>peccatum</strong></span> <span class='ocrx_word' id='word_1_230' title='bbox 1241 3091 1309 3132; x_wconf 90' lang='lat' dir='ltr'><strong>mor·</strong></span> 
     </span>
     <span class='ocr_line' id='line_1_26' title="bbox 220 3172 1308 3251; baseline 0.006 -21"><span class='ocrx_word' id='word_1_231' title='bbox 220 3172 283 3238; x_wconf 90' lang='lat' dir='ltr'><strong>tale,</strong></span> <span class='ocrx_word' id='word_1_232' title='bbox 298 3173 366 3245; x_wconf 89' lang='lat' dir='ltr'><strong>quia</strong></span> <span class='ocrx_word' id='word_1_233' title='bbox 379 3175 563 3232; x_wconf 82' lang='lat' dir='ltr'><strong>contrariatur</strong></span> <span class='ocrx_word' id='word_1_234' title='bbox 576 3176 701 3232; x_wconf 86' lang='lat' dir='ltr'><strong>charitati</strong></span> <span class='ocrx_word' id='word_1_235' title='bbox 715 3176 879 3251; x_wconf 82' lang='lat' dir='ltr'><strong>etjustitiae.</strong></span> <span class='ocrx_word' id='word_1_236' title='bbox 915 3177 1015 3235; x_wconf 88' lang='lat' dir='ltr'><strong>Potest</strong></span> <span class='ocrx_word' id='word_1_237' title='bbox 1027 3185 1123 3233; x_wconf 86' lang='lat' dir='ltr'><strong>tamen</strong></span> <span class='ocrx_word' id='word_1_238' title='bbox 1137 3176 1308 3251; x_wconf 73' lang='lat' dir='ltr'><strong>contingere,</strong></span> 
     </span>
     <span class='ocr_line' id='line_1_27' title="bbox 219 3270 1309 3353; baseline 0 -24"><span class='ocrx_word' id='word_1_239' title='bbox 219 3270 296 3345; x_wconf 93' lang='lat' dir='ltr'><strong>quod</strong></span> <span class='ocrx_word' id='word_1_240' title='bbox 318 3273 379 3329; x_wconf 88' lang='lat' dir='ltr'><strong>talis</strong></span> <span class='ocrx_word' id='word_1_241' title='bbox 401 3274 540 3348; x_wconf 87' lang='lat' dir='ltr'><strong>appetitus</strong></span> <span class='ocrx_word' id='word_1_242' title='bbox 563 3276 601 3332; x_wconf 90' lang='lat' dir='ltr'><strong>sit</strong></span> <span class='ocrx_word' id='word_1_243' title='bbox 619 3285 768 3351; x_wconf 90' lang='lat' dir='ltr'><strong>peccatum</strong></span> <span class='ocrx_word' id='word_1_244' title='bbox 789 3277 897 3333; x_wconf 85' lang='lat' dir='ltr'><strong>veniale</strong></span> <span class='ocrx_word' id='word_1_245' title='bbox 924 3285 1040 3353; x_wconf 90' lang='lat' dir='ltr'><strong>propter</strong></span> <span class='ocrx_word' id='word_1_246' title='bbox 1066 3274 1309 3350; x_wconf 83' lang='lat' dir='ltr'><strong>imperfectionem</strong></span> 
     </span>
     <span class='ocr_line' id='line_1_28' title="bbox 220 3372 1307 3451; baseline 0.009 -25"><span class='ocrx_word' id='word_1_247' title='bbox 220 3381 308 3428; x_wconf 89' lang='lat' dir='ltr'><strong>actus.</strong></span> <span class='ocrx_word' id='word_1_248' title='bbox 351 3372 422 3436; x_wconf 72' lang='lat' dir='ltr'><strong>Quae</strong></span> <span class='ocrx_word' id='word_1_249' title='bbox 442 3373 558 3445; x_wconf 90' lang='lat' dir='ltr'><strong>quidem</strong></span> <span class='ocrx_word' id='word_1_250' title='bbox 579 3374 755 3451; x_wconf 81' lang='lat' dir='ltr'><strong>imperfectio</strong></span> <span class='ocrx_word' id='word_1_251' title='bbox 772 3373 921 3432; x_wconf 88' lang='lat' dir='ltr'><strong>attenditur</strong></span> <span class='ocrx_word' id='word_1_252' title='bbox 934 3376 979 3432; x_wconf 86' lang='lat' dir='ltr'><strong>vel</strong></span> <span class='ocrx_word' id='word_1_253' title='bbox 992 3393 1029 3432; x_wconf 86' lang='lat' dir='ltr'><strong>ex</strong></span> <span class='ocrx_word' id='word_1_254' title='bbox 1049 3383 1128 3451; x_wconf 88' lang='lat' dir='ltr'><strong>parte</strong></span> <span class='ocrx_word' id='word_1_255' title='bbox 1142 3372 1307 3451; x_wconf 65' lang='lat' dir='ltr'><strong>appetentis,</strong></span> 
     </span>
     <span class='ocr_line' id='line_1_29' title="bbox 220 3473 1307 3551; baseline 0.004 -25"><span class='ocrx_word' id='word_1_256' title='bbox 220 3480 289 3543; x_wconf 91' lang='lat' dir='ltr'><strong>puta</strong></span> <span class='ocrx_word' id='word_1_257' title='bbox 300 3487 366 3525; x_wconf 90' lang='lat' dir='ltr'><strong>cum</strong></span> <span class='ocrx_word' id='word_1_258' title='bbox 379 3481 472 3528; x_wconf 91' lang='lat' dir='ltr'><strong>motus</strong></span> <span class='ocrx_word' id='word_1_259' title='bbox 487 3474 534 3529; x_wconf 78' lang='lat' dir='ltr'><strong>ira</strong></span> <span class='ocrx_word' id='word_1_260' title='bbox 548 3474 684 3548; x_wconf 78' lang='lat' dir='ltr'><strong>praevenit</strong></span> <span class='ocrx_word' id='word_1_261' title='bbox 699 3473 840 3551; x_wconf 89' lang='lat' dir='ltr'><strong>judicium</strong></span> <span class='ocrx_word' id='word_1_262' title='bbox 859 3475 985 3541; x_wconf 88' lang='lat' dir='ltr'><strong>rationis,</strong></span> <span class='ocrx_word' id='word_1_263' title='bbox 1011 3475 1056 3532; x_wconf 85' lang='lat' dir='ltr'><strong>vel</strong></span> <span class='ocrx_word' id='word_1_264' title='bbox 1076 3475 1164 3532; x_wconf 90' lang='lat' dir='ltr'><strong>etiam</strong></span> <span class='ocrx_word' id='word_1_265' title='bbox 1185 3491 1222 3530; x_wconf 84' lang='lat' dir='ltr'><strong>ex</strong></span> <span class='ocrx_word' id='word_1_266' title='bbox 1236 3479 1307 3548; x_wconf 69' lang='lat' dir='ltr'><strong>parte</strong></span> 
     </span>
     <span class='ocr_line' id='line_1_30' title="bbox 219 3565 1306 3649; baseline 0.012 -30"><span class='ocrx_word' id='word_1_267' title='bbox 219 3565 389 3640; x_wconf 85' lang='lat' dir='ltr'><strong>appetibilis,</strong></span> <span class='ocrx_word' id='word_1_268' title='bbox 404 3579 472 3641; x_wconf 90' lang='lat' dir='ltr'><strong>puta</strong></span> <span class='ocrx_word' id='word_1_269' title='bbox 485 3589 550 3627; x_wconf 91' lang='lat' dir='ltr'><strong>cum</strong></span> <span class='ocrx_word' id='word_1_270' title='bbox 565 3573 666 3644; x_wconf 89' lang='lat' dir='ltr'><strong>aliquis</strong></span> <span class='ocrx_word' id='word_1_271' title='bbox 681 3574 828 3649; x_wconf 83' lang='lat' dir='ltr'><strong>appetitio</strong></span> <span class='ocrx_word' id='word_1_272' title='bbox 850 3573 944 3645; x_wconf 90' lang='lat' dir='ltr'><strong>aliquo</strong></span> <span class='ocrx_word' id='word_1_273' title='bbox 968 3573 1081 3631; x_wconf 90' lang='lat' dir='ltr'><strong>modico</strong></span> <span class='ocrx_word' id='word_1_274' title='bbox 1105 3592 1137 3631; x_wconf 84' lang='lat' dir='ltr'><strong>se</strong></span> <span class='ocrx_word' id='word_1_275' title='bbox 1158 3570 1306 3632; x_wconf 75' lang='lat' dir='ltr'><strong>vindicare,</strong></span> 
     </span>
     <span class='ocr_line' id='line_1_31' title="bbox 218 3659 1307 3745; baseline 0.005 -27"><span class='ocrx_word' id='word_1_276' title='bbox 218 3659 296 3735; x_wconf 90' lang='lat' dir='ltr'><strong>quod</strong></span> <span class='ocrx_word' id='word_1_277' title='bbox 309 3664 391 3733; x_wconf 88' lang='lat' dir='ltr'><strong>quasi</strong></span> <span class='ocrx_word' id='word_1_278' title='bbox 405 3666 478 3722; x_wconf 87' lang='lat' dir='ltr'><strong>nihil</strong></span> <span class='ocrx_word' id='word_1_279' title='bbox 492 3677 535 3723; x_wconf 90' lang='lat' dir='ltr'><strong>est</strong></span> <span class='ocrx_word' id='word_1_280' title='bbox 547 3671 745 3743; x_wconf 91' lang='lat' dir='ltr'><strong>reputandum,</strong></span> <span class='ocrx_word' id='word_1_281' title='bbox 755 3671 877 3745; x_wconf 90' lang='lat' dir='ltr'><strong>itaquod</strong></span> <span class='ocrx_word' id='word_1_282' title='bbox 887 3673 972 3731; x_wconf 89' lang='lat' dir='ltr'><strong>etiam</strong></span> <span class='ocrx_word' id='word_1_283' title='bbox 986 3673 1011 3729; x_wconf 89' lang='lat' dir='ltr'><strong>si</strong></span> <span class='ocrx_word' id='word_1_284' title='bbox 1024 3685 1085 3729; x_wconf 89' lang='lat' dir='ltr'><strong>actu</strong></span> <span class='ocrx_word' id='word_1_285' title='bbox 1100 3673 1307 3737; x_wconf 67' lang='lat' dir='ltr'><strong>interamnam</strong></span> 
     </span>
     <span class='ocr_line' id='line_1_32' title="bbox 218 3767 1304 3846; baseline 0.004 -26"><span class='ocrx_word' id='word_1_286' title='bbox 218 3769 295 3820; x_wconf 83' lang='lat' dir='ltr'><strong>esset</strong></span> <span class='ocrx_word' id='word_1_287' title='bbox 308 3772 454 3836; x_wconf 87' lang='lat' dir='ltr'><strong>peccatum</strong></span> <span class='ocrx_word' id='word_1_288' title='bbox 467 3767 602 3831; x_wconf 91' lang='lat' dir='ltr'><strong>mortale;</strong></span> <span class='ocrx_word' id='word_1_289' title='bbox 617 3777 684 3842; x_wconf 89' lang='lat' dir='ltr'><strong>puta</strong></span> <span class='ocrx_word' id='word_1_290' title='bbox 696 3771 721 3825; x_wconf 85' lang='lat' dir='ltr'><strong>si</strong></span> <span class='ocrx_word' id='word_1_291' title='bbox 735 3769 838 3841; x_wconf 86' lang='lat' dir='ltr'><strong>aliquis</strong></span> <span class='ocrx_word' id='word_1_292' title='bbox 852 3789 951 3845; x_wconf 86' lang='lat' dir='ltr'><strong>parum</strong></span> <span class='ocrx_word' id='word_1_293' title='bbox 960 3770 1045 3829; x_wconf 90' lang='lat' dir='ltr'><strong>trahit</strong></span> <span class='ocrx_word' id='word_1_294' title='bbox 1056 3771 1184 3844; x_wconf 89' lang='lat' dir='ltr'><strong>aliquem</strong></span> <span class='ocrx_word' id='word_1_295' title='bbox 1192 3785 1304 3846; x_wconf 86' lang='lat' dir='ltr'><strong>puerum</strong></span> 
     </span>
     <span class='ocr_line' id='line_1_33' title="bbox 219 3860 1304 3946; baseline 0.005 -27"><span class='ocrx_word' id='word_1_296' title='bbox 219 3880 271 3938; x_wconf 89' lang='lat' dir='ltr'><strong>per</strong></span> <span class='ocrx_word' id='word_1_297' title='bbox 284 3860 412 3938; x_wconf 86' lang='lat' dir='ltr'><strong>capillos,</strong></span> <span class='ocrx_word' id='word_1_298' title='bbox 428 3863 472 3920; x_wconf 90' lang='lat' dir='ltr'><strong>vel</strong></span> <span class='ocrx_word' id='word_1_299' title='bbox 489 3862 595 3936; x_wconf 88' lang='lat' dir='ltr'><strong>aliquid</strong></span> <span class='ocrx_word' id='word_1_300' title='bbox 608 3865 781 3942; x_wconf 87' lang='lat' dir='ltr'><strong>hujusmodi.</strong></span> <span class='ocrx_word' id='word_1_301' title='bbox 823 3869 890 3926; x_wconf 78' lang='lat' dir='ltr'><strong>Alio</strong></span> <span class='ocrx_word' id='word_1_302' title='bbox 910 3870 997 3929; x_wconf 88' lang='lat' dir='ltr'><strong>modo</strong></span> <span class='ocrx_word' id='word_1_303' title='bbox 1017 3880 1114 3946; x_wconf 85' lang='lat' dir='ltr'><strong>potest</strong></span> <span class='ocrx_word' id='word_1_304' title='bbox 1132 3888 1199 3928; x_wconf 84' lang='lat' dir='ltr'><strong>esse</strong></span> <span class='ocrx_word' id='word_1_305' title='bbox 1218 3879 1304 3926; x_wconf 80' lang='lat' dir='ltr'><strong>manu</strong></span> 
     </span>
     <span class='ocr_line' id='line_1_34' title="bbox 219 3960 1305 4046; baseline 0.003 -28"><span class='ocrx_word' id='word_1_306' title='bbox 219 3962 267 4018; x_wconf 85' lang='lat' dir='ltr'><strong>irae</strong></span> <span class='ocrx_word' id='word_1_307' title='bbox 282 3960 465 4020; x_wconf 83' lang='lat' dir='ltr'><strong>inordinatus</strong></span> <span class='ocrx_word' id='word_1_308' title='bbox 479 3975 615 4035; x_wconf 91' lang='lat' dir='ltr'><strong>quantum</strong></span> <span class='ocrx_word' id='word_1_309' title='bbox 626 3965 661 4022; x_wconf 92' lang='lat' dir='ltr'><strong>ad</strong></span> <span class='ocrx_word' id='word_1_310' title='bbox 674 3964 790 4024; x_wconf 93' lang='lat' dir='ltr'><strong>modum</strong></span> <span class='ocrx_word' id='word_1_311' title='bbox 804 3966 953 4038; x_wconf 89' lang='lat' dir='ltr'><strong>irascendi,</strong></span> <span class='ocrx_word' id='word_1_312' title='bbox 964 3980 1061 4046; x_wconf 89' lang='lat' dir='ltr'><strong>utpote</strong></span> <span class='ocrx_word' id='word_1_313' title='bbox 1074 3971 1098 4028; x_wconf 85' lang='lat' dir='ltr'><strong>ai</strong></span> <span class='ocrx_word' id='word_1_314' title='bbox 1113 3969 1202 4028; x_wconf 87' lang='lat' dir='ltr'><strong>nimis</strong></span> <span class='ocrx_word' id='word_1_315' title='bbox 1215 3964 1305 4026; x_wconf 89' lang='lat' dir='ltr'><strong>arden·</strong></span> 
     </span>
    </p>
   </div>
   <div class='ocr_carea' id='block_1_4' title="bbox 321 4145 854 4210">
    <p class='ocr_par' dir='ltr' id='par_1_5' title="bbox 321 4145 854 4210">
     <span class='ocr_line' id='line_1_35' title="bbox 321 4145 854 4210; baseline 0.023 -20"><span class='ocrx_word' id='word_1_316' title='bbox 321 4146 362 4209; x_wconf 91' lang='lat' dir='ltr'><strong>(l)</strong></span> <span class='ocrx_word' id='word_1_317' title='bbox 382 4149 406 4195; x_wconf 80' lang='lat'><strong>2.</strong></span> <span class='ocrx_word' id='word_1_318' title='bbox 417 4145 453 4195; x_wconf 70' lang='lat' dir='ltr'><strong>aa</strong></span> <span class='ocrx_word' id='word_1_319' title='bbox 464 4163 505 4210; x_wconf 88' lang='lat' dir='ltr'><strong>qu.</strong></span> <span class='ocrx_word' id='word_1_320' title='bbox 517 4149 590 4199; x_wconf 83' lang='lat' dir='ltr'><strong>clviii.</strong></span> <span class='ocrx_word' id='word_1_321' title='bbox 602 4157 644 4198; x_wconf 82' lang='lat' dir='ltr'><strong>art</strong></span> <span class='ocrx_word' id='word_1_322' title='bbox 657 4149 672 4198; x_wconf 90' lang='lat' dir='ltr'><strong>i.</strong></span> <span class='ocrx_word' id='word_1_323' title='bbox 708 4147 765 4200; x_wconf 76' lang='lat' dir='ltr'><strong>Atio</strong></span> <span class='ocrx_word' id='word_1_324' title='bbox 777 4150 854 4202; x_wconf 84' lang='lat' dir='ltr'><strong>modo.</strong></span> 
     </span>
    </p>
   </div>
   <div class='ocr_carea' id='block_1_5' title="bbox 319 4227 1211 4376">
    <p class='ocr_par' dir='ltr' id='par_1_6' title="bbox 319 4227 1211 4376">
     <span class='ocr_line' id='line_1_36' title="bbox 319 4227 1211 4303; baseline 0.016 -30"><span class='ocrx_word' id='word_1_325' title='bbox 319 4227 361 4290; x_wconf 81' lang='lat'><strong>(2)</strong></span> <span class='ocrx_word' id='word_1_326' title='bbox 381 4227 422 4277; x_wconf 81' lang='lat' dir='ltr'><strong>Pa.</strong></span> <span class='ocrx_word' id='word_1_327' title='bbox 434 4230 467 4278; x_wconf 82' lang='lat' dir='ltr'><strong>iv.</strong></span> <span class='ocrx_word' id='word_1_328' title='bbox 479 4231 505 4280; x_wconf 79' lang='lat'><strong>5.</strong></span> <span class='ocrx_word' id='word_1_329' title='bbox 875 4239 917 4303; x_wconf 82' lang='lat'><strong>(3)</strong></span> <span class='ocrx_word' id='word_1_330' title='bbox 936 4237 966 4287; x_wconf 87' lang='lat' dir='ltr'><strong>L.</strong></span> <span class='ocrx_word' id='word_1_331' title='bbox 978 4253 1002 4289; x_wconf 80' lang='lat' dir='ltr'><strong>r.</strong></span> <span class='ocrx_word' id='word_1_332' title='bbox 1013 4239 1105 4290; x_wconf 79' lang='lat' dir='ltr'><strong>Moral.</strong></span> <span class='ocrx_word' id='word_1_333' title='bbox 1115 4256 1138 4290; x_wconf 80' lang='lat' dir='ltr'><strong>c·</strong></span> <span class='ocrx_word' id='word_1_334' title='bbox 1150 4255 1211 4290; x_wconf 80' lang='lat' dir='ltr'>xxx.</span> 
     </span>
     <span class='ocr_line' id='line_1_37' title="bbox 323 4312 843 4376; baseline 0.023 -18"><span class='ocrx_word' id='word_1_335' title='bbox 323 4312 365 4376; x_wconf 77' lang='lat'><strong>(4)</strong></span> <span class='ocrx_word' id='word_1_336' title='bbox 386 4315 409 4360; x_wconf 80' lang='lat'><strong>2.</strong></span> <span class='ocrx_word' id='word_1_337' title='bbox 421 4315 444 4362; x_wconf 83' lang='lat'><strong>2.</strong></span> <span class='ocrx_word' id='word_1_338' title='bbox 456 4317 636 4376; x_wconf 63' lang='lat' dir='ltr'><strong>qualilitas</strong></span> <span class='ocrx_word' id='word_1_339' title='bbox 648 4316 674 4367; x_wconf 76' lang='lat' dir='ltr'><strong>ii·</strong></span> <span class='ocrx_word' id='word_1_340' title='bbox 709 4316 738 4368; x_wconf 78' lang='lat' dir='ltr'><strong>Si</strong></span> <span class='ocrx_word' id='word_1_341' title='bbox 749 4323 843 4370; x_wconf 80' lang='lat' dir='ltr'><strong>autem.</strong></span> 
     </span>
    </p>
   </div>
   <div class='ocr_carea' id='block_1_6' title="bbox 0 0 1377 4980">
    <p class='ocr_par' dir='ltr' id='par_1_7' title="bbox 0 0 1377 4980">
     <span class='ocr_line' id='line_1_38' title="bbox 0 0 1377 4980; baseline 0 0"><span class='ocrx_word' id='word_1_342' title='bbox 0 0 1377 4980; x_wconf 95' lang='lat' dir='ltr'><strong> </strong></span> 
     </span>
    </p>
   </div>
  </div>
 </body>
</html>
