2744 4980
291 109 349 170 DE
369 107 728 172 oenlea'rlottmns
747 98 1038 172 cnmtcotttttt.
1148 114 1204 171 set

108 275 268 342 arnonus,
282 273 327 334 sel
339 274 472 335 murdse
490 283 631 344 exercmt,
644 293 710 351 que
728 273 967 335 adustionem-rel
979 249 1149 337 nemun
1162 276 1206 338 in·

108 367 245 433 nudem
282 370 350 432 lmo
360 383 468 432 vetetur
480 374 516 433 iis
529 374 662 433 medendi
675 384 763 435 artem
770 365 932 434 ecrescere.2

152 472 209 530 20.
232 470 521 548 Negamuoclarfis
533 466 704 542 nonlicet;³
724 474 861 533 litantem
868 473 1206 534 damresenritnrsnimo

108 587 184 627 eam
198 571 337 646 integram
350 569 564 630 etimmutatam
578 572 729 641 vendendi,
753 573 798 630 vel
816 570 1006 649 permutandi,
1020 590 1086 635 curn
1104 571 1203 631 lucro:

108 677 135 703 ‘⁴
151 666 323 726 Secundum
335 668 462 726 instituta
480 668 721 745 praedecessorum
740 680 900 729 nostrorum
913 671 966 728 sub
979 670 1206 729 interminatione

108 765 308 845 anathematis
330 766 524 841 prohibemus,
539 784 574 825 ne
587 769 719 826 monachi
738 770 784 826 vel
796 768 893 827 clerici
905 787 991 828 causa
1010 766 1081 827 lucri
1100 770 1209 847 nepoti·

108 861 252 928 eumad&
290 863 334 922 lta
346 863 472 923 decrevit
481 865 646 925 Alexander
658 867 713 926 111.
756 867 956 943 Neclicetper
965 868 1052 926 alium
1061 867 1208 944 negotiari,

108 963 255 1022 societate
274 980 340 1020 cum
362 974 517 1022 mercatore
537 966 623 1022 initae
645 984 711 1023 nam
730 965 901 1025 Benedictus
921 966 1005 1025 XIV.
1027 965 1153 1023 extendit
1165 982 1209 1022 ca·

113 1078 230 1120 nonum
243 1078 343 1137 parnas
356 1060 391 1118 ad
410 1080 461 1120 eos
483 1065 533 1136 qui
554 1063 681 1121 “illicite
700 1065 752 1121 sub
771 1063 865 1122 alieno
885 1065 1002 1122 nomine
1021 1065 1209 1140 negotiantur,

114 1158 238 1238 perinde
251 1177 284 1215 ac
296 1161 322 1218 si
334 1177 387 1235 per
399 1161 522 1236 seipsos,
536 1181 568 1219 ac
582 1163 699 1238 proprio
711 1180 811 1220 eonem
824 1162 952 1229 nomine,
966 1163 1080 1238 negotia
1099 1162 1148 1219 illa
1157 1178 1208 1218 ex·

113 1250 312 1317 arcerent-”⁵1
336 1257 482 1330 Equidem
501 1277 560 1317 non
579 1259 662 1319 decet
680 1260 799 1318 clericos
820 1260 900 1318 lucro
923 1260 1043 1328 immae,
1057 1259 1103 1316 vel
1122 1260 1206 1317 rebus
1278 1268 1282 1277 “

115 1356 297 1416 terrestribus
309 1372 418 1423 vacare,
432 1376 520 1431 quum
533 1359 591 1416 sint
604 1358 669 1418 Deo
681 1359 843 1435 mancipati.
886 1356 1030 1419 Ooeterum
1039 1374 1098 1416 non
1111 1356 1208 1415 dicun·
1231 1430 1235 1437 Ι

119 1467 166 1514 tnr
178 1454 315 1530 negotiari
329 1455 378 1526 qni
391 1473 508 1514 suorum
528 1455 698 1533 praetorne
711 1457 889 1524 fructus,rel
909 1457 979 1514 alias
996 1472 1043 1512 res
1062 1472 1130 1513 suas
1142 1472 1210 1512 ven·
1230 1444 1256 1485 '
1333 1448 1353 1489 ‘²'

120 1553 201 1612 dunt
254 1551 377 1629 Negotia
398 1554 544 1613 secularia
567 1556 723 1614 universim
750 1557 785 1614 iis
810 1565 957 1613 vetantur:
986 1552 1124 1612 “Clerici
1150 1551 1211 1611 offi-

118 1654 168 1717 ὼ
191 1650 237 1708 vel
258 1653 432 1711 commercia
453 1653 597 1710 secularia
616 1672 674 1712 non
693 1664 853 1721 exerceant,
868 1653 993 1711 maxime
1006 1643 1210 1711 inhonestat”⁶

118 1751 243 1822 ideoque
265 1761 411 1822 nequeunt
434 1769 568 1810 exercere
590 1751 716 1810 officium
735 1752 874 1819 advocati,
897 1752 1097 1828 procuratoris,
1123 1750 1209 1809 tabel-

121 1850 220 1908 lionis.
262 1847 297 1906 ln
310 1850 431 1925 propriis
444 1852 548 1918 causis,
563 1852 637 1908 sicut
649 1861 679 1908 et
697 1851 727 1908 in
746 1869 903 1928 pauperum
917 1851 1034 1926 patiam
1046 1848 1113 1906 licet
1125 1846 1209 1905 n'dvo·

124 1948 180 2006 cati
194 1960 311 2003 munere
324 1945 413 2024 fungi.
545 2016 548 2022 Ι

163 2049 213 2103 8⁰.
234 2043 332 2103 Ludus
346 2046 469 2103 alearum
490 2046 600 2103 clericis
613 2055 729 2103 vetamr.
771 2045 908 2104 “Clerici
919 2087 926 2101 .
937 2085 944 2101 .
957 2086 964 2102 .
976 2044 1012 2102 ad
1024 2045 1099 2102 eleas
1112 2053 1141 2101 et
1152 2053 1212 2102 tax·

123 2145 260 2202 illosnon
272 2141 445 2213 lndnntmec
458 2143 624 2220 hujusmodi
637 2143 711 2202 ludis
733 2142 894 2202 intersint.”
936 2144 979 2202 lte
998 2142 1110 2201 concilii
1130 2143 1211 2201 Late·

122 2243 253 2300 ranensis
273 2241 326 2299 lV.
340 2237 461 2320 patres.⁷
501 2242 656 2319 Religiosis
678 2244 790 2318 gravior
810 2253 854 2300 est
875 2242 1010 2318 obligatio
1029 2242 1066 2299 ob
1087 2241 1211 2300 studium

124 2341 307 2418 perfectionis
320 2341 355 2398 ad
368 2340 445 2413 quod
458 2350 524 2399 soto
537 2341 710 2417 obligantur:
731 2342 841 2399 caeteris
851 2339 962 2399 clericis
975 2339 1079 2397 alicubi
1090 2340 1120 2397 in
1132 2358 1212 2399 more

124 2448 167 2496 eet
179 2437 332 2510 aliquando
344 2438 440 2497 ludere
453 2438 557 2496 chartis
570 2437 606 2495 ad
618 2438 706 2495 animi
718 2439 856 2507 solamen,
870 2437 1032 2512 obpansum
1043 2438 1211 2512 pecrmianr3

125 2537 252 2596 moribus
265 2544 359 2595 autem
372 2537 475 2593 nostris
488 2538 610 2594 strictior
621 2535 772 2611 disciplina
790 2535 934 2600 convenit,
948 2552 1037 2607 quum
1049 2533 1213 2592 scandalum

125 2652 164 2693 e!
176 2634 273 2706 aliquo
285 2633 526 2710 hujusmodilusu
540 2634 621 2691 facile
635 2635 749 2702 oriatur,
763 2633 917 2709 praesertim
932 2631 1008 2708 apud
1020 2641 1120 2689 sectas.

164 2737 214 2790 31.
229 2740 250 2766 “
261 2731 372 2799 Mimis,
383 2731 596 2808 joculatoribus,
611 2742 638 2788 et
650 2732 832 2789 histrionibus
846 2750 904 2790 non
919 2729 1075 2796 intendant,
1087 2741 1116 2788 et
1128 2733 1214 2790 taber·

128 2849 177 2888 nas
192 2848 308 2906 prorsus
321 2829 434 2896 evitent,
446 2831 501 2887 nisi
512 2829 581 2886 sorte
589 2848 675 2885 causa
687 2830 863 2887 necessitatis
877 2830 905 2886 in
916 2829 1014 2887 itinere
1024 2823 1214 2887 constituti.”8

128 2928 201 2986 llaec
214 2939 370 3000 caemraque
383 2928 570 2986 conciliorum
583 2927 762 2999 antiquorum
775 2938 804 2984 et
816 2927 982 3002 pontificum
1001 2924 1114 2983 decreta
1135 2928 1215 2984 inno·

128 3029 203 3084 savit
224 3027 376 3085 concilium
400 3026 612 3092 Tridentinum,
634 3035 770 3090 statuens,
792 3033 937 3097 “utque
960 3023 1028 3080 alias
1054 3041 1070 3079 a
1096 3026 1217 3082 summis

127 3125 317 3200 pontificibus,
331 3133 361 3181 et
372 3143 389 3181 a
402 3125 488 3182 sacris
503 3123 632 3182 conciliis
643 3121 678 3180 de
698 3122 864 3180 clericorum
877 3121 943 3188 vita,
958 3120 1116 3189 honestate,
1130 3122 1216 3189 cultu,

161 3315 201 3379 (l)
220 3315 283 3379 Cep.
296 3313 459 3370 sententiam.
472 3314 506 3363 ix.
540 3313 580 3362 Ne
591 3312 679 3373 clerici,
691 3313 727 3362 vel
738 3311 860 3362 monachi.

162 3400 206 3464 (2)
227 3399 291 3449 Vide
301 3399 409 3450 Ferraria
418 3397 593 3448 bibliothecam
607 3399 659 3448 Art.
667 3399 776 3458 clericus,
787 3413 812 3448 n.
825 3402 866 3448 78.

163 3486 208 3549 (3)
228 3483 291 3550 Cep.
302 3502 342 3536 xv.
354 3485 384 3534 de
396 3484 444 3534 viu
456 3491 480 3534 et
493 3483 624 3543 honestate,
636 3492 660 3533 et
670 3469 791 3534 clement.
803 3484 820 3533 i.
830 3483 883 3535 eat
895 3484 930 3533 tit.

163 3569 207 3632 (t)
227 3568 289 3634 Cep.
301 3569 333 3620 ri.
367 3568 408 3618 Ne
420 3568 502 3618 clerici
512 3568 550 3616 vel
562 3566 683 3617 monachi.

152 3684 154 3689 .
164 3653 208 3714 (5)
227 3653 312 3702 Const.
321 3667 376 3714 quoe
388 3651 480 3714 incipit,
493 3648 641 3716 Apostolicar
651 3649 788 3700 eerct'lutr‘r.

165 3734 209 3797 (6)
227 3734 304 3783 Cone.
315 3732 370 3782 Lat.
383 3732 415 3781 iv.
427 3749 480 3782 can·
490 3733 540 3781 xvi.
575 3731 611 3781 Ne
622 3730 703 3782 alerici
714 3727 752 3780 cel
760 3726 884 3780 monachi·

166 3819 209 3882 (7)
229 3817 291 3881 Cep.
304 3815 403 3877 Clerici,
413 3816 444 3867 de
456 3815 504 3865 vita
515 3827 540 3864 et
551 3815 684 3873 honestate,
693 3823 718 3863 et
730 3829 783 3878 cap.
795 3812 810 3860 i.
831 3811 886 3862 dist.
898 3826 973 3862 xxxv.
984 3819 1009 3861 et
1025 3826 1078 3877 cap.
1090 3811 1123 3865 xi.
1134 3811 1165 3862 de
1183 3828 1223 3862 ex·

130 3901 243 3951 censibus
254 3901 349 3969 pruriet.

166 3987 209 4057 (S)
228 3962 305 4036 Cone.
316 3983 372 4036 Lat.
384 3985 417 4035 iv.
430 4000 484 4035 cen.
497 3983 545 4033 xvi.
565 3982 627 4032 Vide
635 3981 723 4031 etdist.
736 3980 792 4030 xliv.
1021 3946 1027 3951 -
1229 3992 1346 4432 ¹

656 4080 713 4133 30*
