2744 4980
194 417 255 473 art
354 407 411 469 DE
431 407 584 468 LEGUM
606 403 800 500 ClVlLIUM
820 398 1129 461 OBLIGATIONE.

195 592 316 647 rumque
329 573 578 633 sustentationem:
593 568 670 643 quod
680 567 819 642 contingit
825 567 911 624 etiam
918 583 957 624 ex
964 564 1146 641 vectigalium
1156 580 1289 622 excessu.

197 674 255 735 Ubi
277 682 372 730 autem
393 690 439 730 res
459 672 489 728 in
507 666 747 728 consuetudinem
770 665 890 724 deducta
908 674 962 731 est,
982 665 1033 722 vix
1051 664 1178 740 principi
1198 664 1291 739 ignota

195 781 336 837 censetur,
358 771 406 843 qui
432 765 639 826 dissimulando
663 764 775 823 videtur
794 784 846 823 sua
870 765 1012 822 remittere
1028 763 1104 840 jura.
1147 760 1291 821 ceterum

195 878 316 950 peccant
329 868 495 944 gravissime
508 865 647 925 officiales
660 865 821 938 quiaoutra
829 864 1023 939 juramentum
1037 881 1096 934 quo
1109 880 1141 920 se
1153 861 1290 919 adserim-

195 980 288 1036 erunt,
303 985 423 1026 munera
435 966 581 1042 accipiunt
591 973 623 1023 ιιι
634 982 743 1022 merces
756 965 899 1022 immunes
917 962 1014 1021 invehi
1036 962 1149 1020 sinant:
1172 973 1203 1017 et
1223 977 1289 1018 mer·

197 1078 306 1127 catores
320 1067 371 1138 qui
380 1063 468 1142 jurati
479 1063 551 1123 falso
564 1063 688 1122 referunt
706 1081 752 1120 res
772 1081 789 1118 a
808 1080 840 1119 se
861 1062 927 1120 navi
949 1061 1110 1138 impositas.
1152 1059 1230 1117 Sunt
1245 1059 1290 1131 qui

199 1186 266 1224 vera
278 1165 412 1232 referunt,
426 1162 477 1222 sed
490 1163 613 1240 plurima
626 1162 718 1219 verbis
739 1161 916 1238 generalibus
937 1159 1097 1226 includunt,
1121 1176 1199 1232 quoa
1218 1157 1290 1216 dam·

197 1282 265 1324 aare
279 1282 337 1322 non
350 1263 450 1323 audeo.
566 1238 590 1277 ⁰

236 1367 287 1421 21.
309 1362 404 1438 Leges
414 1379 478 1433 quc
491 1378 580 1419 onera
587 1361 738 1435 imponunt
744 1358 873 1434 graviora
882 1357 932 1414 vix
941 1356 1067 1432 obligant
1075 1356 1290 1418 conscientiam

197 1479 250 1521 uec
263 1460 341 1517 enim
362 1460 426 1532 quis
446 1477 480 1515 ea
498 1468 600 1535 sponte
621 1459 767 1533 suscipere
786 1454 948 1514 censendus
968 1466 1021 1523 est,
1043 1455 1095 1513 sed
1116 1454 1232 1530 publica
1250 1470 1292 1509 co·

151 1590 170 1623 e
190 1567 280 1636 gente
294 1565 442 1634 potestate.
484 1556 534 1615 Sic
549 1576 612 1629 qum
632 1557 765 1615 militiam
784 1555 887 1613 alicubi
901 1555 1056 1631 juvenibus
1076 1555 1234 1632 injungunt
1246 1568 1293 1626 psr

198 1657 305 1729 aliquot
317 1673 417 1723 annos,
432 1674 470 1713 ex
484 1675 542 1729 qua
561 1674 695 1730 magnum
714 1653 842 1713 moribus
855 1655 988 1712 imminet
999 1653 1172 1730 periculum,
1187 1669 1246 1709 non
1258 1650 1295 1706 vi·

200 1754 302 1813 dentur
315 1772 488 1827 quemquam
506 1755 605 1831 ligare,
619 1753 690 1811 adeo
703 1763 735 1810 ut
745 1771 810 1810 eam
823 1754 932 1811 evitans
945 1761 1056 1830 peccet.

240 1859 290 1911 22.
312 1851 406 1929 Leges
417 1871 479 1925 que
489 1852 661 1929 judiciorum
673 1851 802 1910 ordinem
815 1861 948 1920 stamuut,
958 1862 988 1908 et
1000 1869 1095 1909 rerum
1107 1847 1294 1925 gerendarum

200 1953 350 2019 rationem,
365 1963 393 2010 et
406 1961 492 2010 totam
506 1953 634 2029 politiam
650 1961 806 2018 externam,
827 1968 885 2008 uon
897 1949 1028 2008 videumr
1045 1950 1136 2026 ligure
1149 1946 1296 2005 couscien-

170 2066 180 2081 ‘
200 2049 277 2115 tiam,
291 2046 348 2109 ss
361 2060 499 2122 quatenus
512 2051 622 2109 intersit
629 2051 757 2128 justitia,
778 2059 807 2106 et
818 2050 944 2108 utilitatis
963 2047 1138 2114 communis,
1151 2055 1181 2103 et
1190 2046 1297 2123 jurium

200 2148 307 2206 civium
320 2141 521 2223 singulorum.¹
563 2148 651 2224 Igitur
664 2149 714 2221 qui
723 2165 773 2205 eas
783 2148 912 2225 negligit,
926 2148 1041 2207 nemine
1053 2147 1135 2213 lese,
1150 2162 1211 2202 non
1224 2141 1297 2200 vide-

201 2255 247 2305 tur
259 2247 369 2324 peccati
381 2245 552 2322 arguendus,
568 2246 724 2307 dummodo
736 2265 855 2306 munere
867 2247 985 2324 speciali
998 2245 1044 2303 rel
1057 2246 1229 2322 juramento
1242 2258 1298 2299 uon

204 2344 392 2420 adstringatur
412 2343 447 2401 ad
469 2363 518 2402 eas
532 2346 693 2405 servandas.
735 2345 769 2404 ld
782 2363 817 2403 eo
829 2346 920 2421 magis
933 2343 1084 2404 dicendum
1109 2360 1181 2415 quo·
1192 2341 1298 2418 passim

201 2441 353 2513 aliquanda
366 2442 556 2518 negliguntur,
570 2445 699 2501 omnium
718 2444 778 2502 fere
798 2461 949 2502 consensu.
991 2443 1040 2500 Sic
1053 2442 1220 2518 nuperrime
1233 2457 1299 2497 oon·

201 2540 263 2615 tigit
276 2539 466 2616 chirographa
483 2542 569 2599 unius
582 2542 692 2600 nummi
706 2542 830 2600 valorem
851 2541 1011 2610 indicantia,
1030 2543 1141 2618 passim
1154 2539 1299 2615 usurpari,

202 2647 299 2696 contra
311 2637 383 2714 legis
397 2640 525 2708 vetitum,
537 2640 614 2713 quod
627 2640 737 2701 nullum
750 2641 824 2699 infra
833 2641 959 2699 valorem
968 2642 1097 2714 quinque
1110 2656 1299 2699 nummorum

201 2737 271 2796 sinit
285 2737 315 2795 in
327 2736 383 2796 hoo
397 2736 477 2796 Statu
492 2739 628 2798 adhiberi.

241 2841 292 2896 23.
314 2837 408 2914 Leges
422 2857 484 2912 quse
499 2838 534 2896 ad
547 2837 744 2916 praecavendas
755 2838 867 2897 fraudes
878 2840 973 2898 oneris
983 2838 1052 2912 quid
1062 2839 1219 2915 injungunt
1232 2854 1300 2913 neg·

201 2935 355 3011 ligentibus
374 2936 518 3010 quandam
530 2939 678 3005 cautelam,
692 2957 751 2997 non
771 2939 898 3014 obligant
914 2939 971 2997 nisi
984 2948 1050 3014 post
1064 2935 1172 3014 Judicis
1186 2945 1300 2994 senten·

201 3033 281 3098 tiam,
304 3034 329 3091 si
351 3034 427 3092 fraus
450 3054 550 3111 reapse
570 3037 709 3095 abfuerit:
730 3055 797 3095 nam
821 3037 891 3095 falsa
913 3039 1039 3095 nituntur
1061 3037 1298 3113 praesumptione.

184 3130 253 3211 fflic
273 3132 375 3201 heres,
390 3134 436 3190 vel
458 3144 593 3192 executor
613 3137 772 3193 testamenti
793 3136 842 3208 qui
865 3136 991 3213 neglexit
1008 3137 1150 3195 bonorum
1170 3133 1300 3192 defuncti

202 3231 344 3290 conficere
358 3233 557 3301 inventarium,
577 3234 641 3311 loge
662 3253 878 3307 nonnumquam
902 3246 1013 3294 tenetur
1032 3255 1072 3294 aes
1092 3234 1219 3292 alienum
1240 3250 1300 3306 quo

203 3341 334 3405 gravatus
351 3330 482 3389 discessit
501 3334 672 3408 persolvere,
692 3344 824 3392 censetur
841 3336 918 3392 enim
940 3336 1009 3393 saus
1031 3335 1187 3410 recepisse,
1199 3350 1259 3405 quo
1268 3331 1299 3389 id

203 3430 309 3486 valeat:
332 3448 395 3501 quae
409 3431 480 3507 legis
494 3433 678 3508 praesumpu‘o
690 3452 748 3492 uon
768 3433 836 3491 facit
846 3443 880 3492 ιιι
891 3434 940 3507 qui
953 3435 1049 3493 minus
1063 3433 1172 3508 recepit
1185 3430 1223 3489 ad
1236 3447 1299 3508 per-

202 3527 373 3584 solvendum
388 3538 523 3586 teneatur.

241 3626 291 3678 24.
312 3623 407 3698 Leges
420 3626 518 3683 civiles
530 3645 590 3685 non
610 3629 738 3705 obligant
750 3629 917 3706 plerumque
932 3648 997 3689 cum
1011 3630 1089 3707 gravi
1102 3627 1299 3693 incommodo,

201 3738 268 3778 nam
277 3720 409 3779 humane
420 3741 521 3781 omnes
531 3727 693 3790 cantiones
706 3726 810 3785 debent
822 3731 969 3788 communi
978 3729 1129 3787 hominum
1139 3727 1302 3785 infirmitati

202 3820 389 3896 attemperari.
432 3819 575 3879 Ceterum
585 3824 662 3900 juste
682 3826 854 3900 precipiunt
871 3826 951 3903 leges
966 3837 996 3885 ut
1009 3828 1109 3885 tributa
1122 3844 1229 3901 mgna
1241 3827 1301 3884 sol·

201 3928 302 3976 vantur
315 3938 366 3997 pro
378 3916 584 3981 conferentium
607 3921 733 3981 facultate
747 3933 776 3982 et
794 3924 956 4000 reipublicae
977 3925 1217 3985 necessitatibus:
1240 3925 1302 3982 imo

201 4016 248 4072 ubi
263 4016 298 4074 de
319 4016 408 4076 salute
428 4020 541 4096 publica
560 4023 660 4098 agium,
684 4024 852 4098 gravissima
871 4042 960 4083 onera
979 4026 1134 4102 injungunt
1146 4040 1215 4081 cum
1236 4023 1303 4080 ritae

236 4230 279 4294 (l)
291 4238 314 4293 ,ξι
325 4232 418 4283 Whare
429 4235 597 4288 disobediencs
609 4247 634 4289 to
647 4238 688 4288 tha
700 4239 748 4288 law
760 4240 868 4290 involvar
882 4241 908 4290 iu
920 4242 939 4291 it
950 4243 1001 4301 also
1014 4256 1064 4304 any
1076 4239 1164 4303 degree
1173 4238 1202 4288 of
1215 4238 1305 4303 public

199 4311 318 4372 mischief,
330 4331 357 4365 or
367 4317 459 4380 privata
467 4319 559 4385 injury,
568 4321 636 4372 thara
647 4322 667 4373 it
677 4322 732 4373 falls
743 4323 830 4374 within
842 4338 887 4373 our
898 4324 987 4374 former
997 4324 1148 4383 distinction,
1156 4322 1204 4374 aad
1214 4323 1239 4373 ia
1249 4322 1304 4374 also

201 4411 234 4447 an
245 4395 339 4448 offsnoe
351 4400 447 4461 against
458 4402 627 4456 comissas·
662 4403 817 4463 Blackstone,
828 4405 925 4456 Comus.
937 4407 1029 4460 lutrod.
1040 4406 1109 4459 uses
1118 4412 1144 4467 2,
1154 4423 1182 4459 ιι.
1191 4404 1234 4457 58.

475 4500 495 4525 ’ἦ
