2744 4980
665 1266 807 1325 CAPUT
830 1268 898 1326 Vll.

633 1497 673 1536 DE
693 1498 808 1538 ORDINE
829 1499 937 1538 ctvlut.

571 1677 586 1750 §
608 1676 632 1735 1.
675 1677 723 1736 Du
744 1696 997 1737 transmutamus.

275 1877 341 1930 153.
364 1872 592 1933 Mnots'rnnuun
612 1894 699 1935 nemo
719 1879 826 1936 ambire
848 1876 931 1935 debet
950 1878 999 1948 qui
1019 1877 1100 1952 leges
1123 1896 1185 1935 non
1207 1879 1248 1934 sit
1267 1878 1334 1936 satis

231 1970 348 2030 edoctus
363 1973 398 2031 ad
412 1992 516 2032 munus
530 1975 732 2034 exercendum.
774 1976 849 2036 Illud
868 1974 943 2033 haud
962 1974 1034 2032 lucri
1051 1976 1157 2044 studio,
1181 1977 1229 2034 vel
1243 1996 1332 2053 popu·

230 2072 296 2128 laris
311 2071 457 2149 captandae
471 2093 557 2141 aurae,
572 2075 617 2131 vel
636 2076 674 2133 ob
694 2077 832 2151 privatam
850 2091 1059 2149 quamcumque
1080 2077 1246 2144 utilitatem,
1260 2077 1334 2134 bono

231 2171 346 2247 publico
366 2174 528 2250 proposito,
553 2168 631 2233 obiie
652 2174 754 2233 debet:
776 2175 828 2234 sed
850 2192 1033 2234 communem
1055 2177 1190 2234 omnium
1214 2175 1332 2233 salutem

229 2271 374 2349 imprimis
388 2292 525 2346 quaerere,
539 2284 569 2332 et
581 2291 644 2347 qua
663 2275 742 2350 justa
761 2284 868 2335 suntet
887 2292 970 2348 aequa
988 2274 1091 2343 tacere,
1107 2275 1223 2332 etiamsi
1237 2273 1333 2333 odium

229 2373 276 2429 vel
290 2373 492 2431 detrimentum
505 2372 570 2431 inde
580 2374 718 2432 oriturum
733 2375 779 2432 sit.
810 2374 900 2453 Igitur
913 2383 1032 2450 peccant
1045 2375 1093 2446 qui
1104 2375 1205 2451 legum
1220 2360 1332 2450 bonitus

229 2467 329 2544 ignari,
344 2479 373 2526 et
381 2470 492 2546 judicio
506 2469 583 2529 hand
592 2473 744 2546 pollentes,
755 2492 861 2531 munus
874 2472 930 2531 hoc
945 2487 1104 2541 assumunt,
1120 2491 1187 2530 cunr
1203 2472 1333 2548 periculo

229 2567 326 2629 damni
340 2568 480 2627 inserendi
495 2568 530 2626 iis
545 2570 580 2627 de
594 2589 714 2642 quorum
729 2573 930 2630 controversiis
951 2573 1121 2629 sententiam
1139 2572 1271 2647 prolerre
1286 2571 1333 2629 de·

229 2667 306 2728 bent.
349 2671 476 2727 Peccant
499 2669 630 2726 etiamsi
653 2671 702 2741 qui
725 2671 841 2728 foveant
857 2671 953 2749 jurgia
966 2669 1066 2728 litesve
1087 2671 1117 2728 in
1138 2672 1184 2728 sui
1209 2671 1330 2736 lucrum,

228 2788 316 2840 quum
331 2770 451 2827 debeant
471 2787 572 2845 pacem
592 2769 698 2826 civium
719 2780 748 2827 et
767 2770 914 2828 utilitatem
934 2787 1112 2845 promovere.
1159 2771 1291 2828 Peccant
1303 2772 1328 2827 si

229 2871 277 2940 qui
292 2869 460 2926 sententiam
474 2868 621 2943 proferant
636 2868 781 2944 injustam,
796 2868 970 2946 praejndictis
983 2868 1168 2944 popularibus
1182 2869 1329 2935 cedentes,

228 2967 272 3024 vel
286 2968 459 3043 privatorum
473 2967 638 3024 utilitatibus
651 2966 807 3036 studentes,
821 2988 886 3026 cnm
906 2968 1103 3025 innocentium
1116 2967 1234 3026 damno.
1258 2970 1328 3027 Pec-

228 3076 293 3125 cant
306 3068 354 3139 qui
368 3067 437 3125 odio
450 3065 494 3122 vel
508 3067 622 3142 gratias
635 3066 735 3123 semita
743 3067 859 3143 justitior
874 3066 1047 3133 deflectunt;
1061 3078 1091 3124 et
1104 3068 1155 3139 qui
1167 3067 1327 3125 libertatem

229 3168 409 3224 eonscientiae
424 3165 522 3222 violari
536 3165 641 3231 sinunt,
654 3182 811 3240 pauperum
825 3166 891 3223 filiis
904 3168 938 3224 ab
949 3166 1023 3222 avita
1033 3165 1183 3242 Religione
1197 3169 1234 3224 ab
1249 3166 1327 3224 heris

228 3276 325 3322 contra
338 3266 417 3341 leges
431 3263 566 3322 abductis.
609 3262 666 3320 Ubi
681 3264 750 3335 quid
769 3264 875 3321 faciunt
890 3267 974 3341 juxta
985 3263 1064 3341 leges
1079 3264 1156 3337 quod
1170 3266 1199 3323 in
1215 3265 1327 3342 Religi-

228 3366 291 3422 onis
306 3365 507 3422 ‹letrimcntum
528 3360 618 3428 cedat,
640 3361 686 3419 vel
706 3362 816 3438 legibus
839 3366 984 3436 mentique
1009 3363 1148 3420 Ecclesiae
1163 3382 1267 3439 parum
1289 3364 1328 3420 sit

228 3481 398 3530 consonum,
413 3463 544 3519 excusari
557 3461 697 3529 videntur,
712 3479 800 3533 quum
814 3481 868 3520 suo
880 3463 999 3520 nomine
1010 3479 1068 3520 non
1082 3471 1176 3538 agant,
1191 3480 1247 3520 nec
1262 3480 1327 3538 spc-

120 3614 134 3625 ,
229 3561 315 3618 ciales
329 3579 414 3617 casus
428 3561 600 3633 respiciant;
621 3559 672 3617 sed
685 3570 830 3633 tamquam
848 3579 940 3619 cause
954 3561 1129 3618 universales
1143 3579 1211 3637 erga
1223 3579 1327 3619 omnes

228 3661 332 3738 pariter
345 3679 377 3717 se
390 3668 491 3736 gerunt
504 3657 599 3732 legum
614 3659 792 3716 executione.
835 3660 947 3718 Eorum
961 3678 1019 3717 non
1030 3669 1074 3715 est
1085 3648 1325 3735 tegum‘pendere

229 3761 399 3832 aequitatem,
411 3760 454 3816 vel
466 3756 654 3816 conscientias
668 3753 806 3833 dirigere;
828 3757 880 3814 sed
892 3757 970 3834 leges
984 3759 1101 3830 exequi,
1115 3766 1144 3814 et
1156 3759 1257 3815 munia
1271 3758 1328 3817 sibi

229 3858 396 3916 demandata
410 3860 497 3916 obire.
540 3857 630 3933 igitur
642 3876 702 3916 non
721 3865 840 3933 peccant
859 3857 888 3914 in
902 3868 962 3914 acta
974 3855 1129 3914 reserentes
1143 3856 1326 3913 matrimonia

228 3977 324 4015 coram
338 3976 369 4014 se
382 3966 532 4023 contracta,
555 3954 591 4013 de
604 3957 787 4031 ligaminibus
805 3974 869 4027 quse
888 3975 926 4014 ex
944 3957 1008 4032 lege
1028 3955 1170 4013 Ecclesiae
1184 3955 1325 4022 oriuntur,

229 4055 304 4113 haud
318 4056 439 4114 soliciti:
461 4074 514 4113 nec
528 4055 604 4112 enim
619 4074 732 4113 sacrum
746 4055 872 4127 aliquem
885 4056 970 4113 ritum
983 4053 1142 4129 perficiunt,
1156 4051 1208 4109 sed
1222 4061 1325 4111 testan-

228 4155 320 4211 turdo
334 4174 474 4212 consensu
491 4153 626 4231 praestito.
660 4156 792 4212 Attamen
813 4173 931 4230 peccare
944 4151 1076 4212 videntur
1090 4152 1140 4224 qui
1155 4150 1325 4209 catholicos
