2766 4996
145 402 204 458 300
390 392 447 450 DE
469 389 678 450 Puccn‘rls
699 387 995 452 CAPITALIBUS.

141 558 233 635 fitis
246 572 290 616 est
302 557 459 617 laudabilis.
501 555 534 612 Si
547 564 641 612 autem
656 555 810 631 accipiatur
828 557 978 616 contentio
991 557 1155 618 secundum
1167 557 1232 631 quod

143 662 276 737 importat
297 657 540 734 impugnationem
555 654 683 712 salsitatis
696 673 761 713 cum
780 655 942 716 inordinato
962 655 1077 717 modo:
1099 660 1142 717 sic
1154 667 1234 734 potest

143 777 207 818 esse
221 769 369 834 peccatum
380 754 500 822 veniale,
510 753 646 842 nisilorte
659 762 736 811 tanta
748 754 918 815 inordinatio
929 755 983 814 fiat
991 757 1024 815 in
1033 755 1233 822 contendendo,

145 857 225 932 quod
235 875 272 915 ex
289 858 344 915 hoc
358 865 507 932 generetur
520 853 684 911 scandalum
703 848 871 914 alionrm.”¹
912 854 1075 914 Discordia
1087 868 1134 915 est
1145 855 1236 915 inordi-

147 967 211 1016 nata
224 958 397 1015 voluntatum
411 955 556 1030 oppositio
569 953 643 1009 circa
652 953 771 1011 bonum.
813 953 943 1028 Utraque
952 973 993 1013 ex
1007 956 1148 1033 superbia
1158 954 1236 1014 nasci·

147 1069 202 1125 tur,
216 1070 245 1114 et
258 1056 352 1133 gravia
372 1053 542 1129 quandoque
563 1052 637 1128 parit
655 1052 739 1121 mala,
761 1071 827 1111 cum
847 1053 993 1112 charitatis
1011 1055 1139 1131 jactura.
1177 1052 1236 1112 ldoo

149 1157 305 1234 Apostolus
326 1164 345 1189 ‘⁴
358 1151 574 1213 contentiones”
596 1161 625 1209 et
645 1159 664 1185 “
676 1149 892 1211 dissensiones”
913 1153 989 1210 iuter
1008 1154 1137 1211 crimina
1154 1168 1238 1212 recen·

148 1268 201 1323 set,
216 1256 251 1313 tle
266 1256 369 1326 quibus
382 1252 464 1310 dicit:
487 1260 507 1285 “
519 1252 568 1323 qui
590 1250 655 1307 talia
673 1261 761 1327 agunt
775 1269 895 1327 mgnum
909 1250 966 1309 Dei
987 1270 1048 1311 non
1069 1271 1238 1326 consequen

149 1350 243 1412 tur.”²
269 1362 288 1388 ‘⁴
301 1354 357 1410 Per
369 1351 433 1417 se‚”
448 1351 541 1421 iuquit
554 1349 587 1404 S.
602 1348 745 1419 Thomas,
765 1348 939 1408 “discordat
950 1351 1058 1423 aliquis
1073 1372 1093 1410 a
1105 1355 1238 1429 proximo,

148 1450 263 1526 quando
276 1452 398 1507 scienter
409 1456 438 1504 et
452 1467 489 1505 ex
502 1447 657 1504 intentione
670 1446 801 1507 dissentit
813 1448 913 1506 abono
925 1447 1037 1520 divino,
1051 1461 1083 1508 et
1095 1471 1113 1509 a
1126 1451 1239 1528 proximi

148 1555 235 1615 bono,
250 1551 278 1607 in
293 1567 349 1621 quo
363 1548 446 1606 debet
458 1545 627 1604 consentire.
669 1546 710 1604 Et
719 1547 774 1606 hoc
787 1558 832 1606 est
845 1557 993 1624 peccatum
1008 1551 1134 1608 mortale
1147 1570 1182 1608 ex
1194 1568 1239 1607 suo

148 1669 263 1729 genere,
284 1660 399 1726 propter
411 1647 636 1705 contrarietatem
650 1644 684 1702 ad
699 1645 884 1705 charitatem:
906 1646 973 1704 licet
984 1649 1075 1724 primi
1089 1662 1184 1708 motus
1196 1649 1240 1706 hu·

146 1755 194 1830 jus
209 1749 368 1815 discordie,
383 1756 498 1824 propter
510 1744 753 1821 imperfectionem
768 1756 856 1814 actus,
869 1746 928 1803 siut
945 1758 1066 1823 peccatu
1078 1743 1241 1808 venialia”³

150 1850 347 1908 Consiliomm
372 1847 532 1912 diversitas,
559 1857 587 1900 et
608 1843 762 1913 dissensio,
786 1862 1004 1917 nonnumquam
1032 1847 1144 1921 absque
1167 1848 1241 1925 culpa

151 1945 317 2024 contingit.⁴

189 2051 238 2103 44.
262 2046 422 2103 Pertinacia
435 2054 480 2102 est
492 2046 702 2120 perseverantia
721 2045 752 2103 in
771 2046 888 2123 propria
905 2048 1048 2105 sententia
1066 2058 1166 2107 contra
1177 2047 1241 2106 veri·

151 2158 235 2204 tatem
256 2145 409 2221 cognitam,
423 2144 469 2200 vel
489 2143 662 2201 sufficienter
683 2147 868 2220 propositam.
909 2144 965 2202 Est
983 2145 1058 2205 levis
1079 2148 1242 2224 plerumque

152 2247 246 2324 culpa,
261 2245 312 2305 scd
325 2244 358 2301 tit
369 2243 472 2321 gravis,
490 2243 516 2300 si
530 2241 595 2300 inde
609 2244 705 2319 gravia
723 2253 878 2316 sequantur
890 2243 975 2311 mala,
989 2245 1036 2304 vel
1049 2266 1119 2305 cum
1133 2248 1243 2305 auctori·

152 2348 215 2404 tatis
230 2344 429 2402 ecclesiastice
443 2341 597 2418 dispendio
611 2343 649 2400 sit
665 2344 828 2421 conjuncta.
870 2343 949 2400 Hinc
968 2343 1055 2402 docet
1075 2347 1188 2404 Natalis
1200 2347 1243 2404 sl·

152 2443 290 2508 exauder‚
305 2460 370 2498 eum
385 2442 434 2513 qui
449 2439 572 2511 aliquam
592 2443 817 2516 propositionem
837 2461 854 2500 a
874 2442 1015 2502 Pontifice
1027 2442 1191 2503 damnatam
1203 2445 1244 2503 de·

153 2540 284 2598 t'enderet
296 2537 409 2596 lethalis
423 2538 532 2612 peccati
544 2556 625 2595 reum
640 2535 727 2597 sore.⁵

194 2645 243 2697 45.
266 2636 399 2697 Iuventio
412 2637 569 2694 novitatum
583 2653 620 2692 ex
633 2638 769 2713 superbia
781 2639 933 2712 aliquando
947 2643 1083 2711 nascitur,
1103 2642 1173 2702 dum
1186 2645 1245 2718 quis

158 2740 372 2798 admirationem
386 2736 431 2794 sui
450 2735 573 2793 excitare
595 2737 697 2795 studet.
741 2736 885 2799 Caeterum
906 2741 931 2797 si
952 2741 990 2798 uil
1012 2743 1174 2818 proseratur
1186 2743 1247 2801 fidei

156 2842 200 2900 vel
215 2841 341 2899 moribus
356 2837 518 2905 adversum,
533 2838 651 2896 venialis
666 2847 797 2895 censetur
809 2840 903 2916 culpa.

194 2944 244 2996 46.
267 2937 415 3013 Superbiae
430 2934 556 2994 remedia
568 2949 644 3006 sunt,
665 2937 711 2994 sui
730 2939 924 3014 cogncrcendi
943 2937 1081 3010 studium,
1102 2941 1170 3001 dum
1190 2944 1248 3016 quis

156 3054 242 3108 quam
262 3035 327 3093 vilis
350 3036 388 3091 sit
409 3052 505 3091 coram
533 3034 608 3104 Deo,
633 3046 662 3094 et
684 3055 770 3108 quam
793 3038 935 3106 infirmus,
958 3038 1059 3098 sedulo
1082 3041 1247 3108 meditatur;

156 3135 266 3194 Christi
281 3133 400 3193 Domini
414 3133 581 3208 exemplum
594 3154 671 3212 saepe
686 3154 744 3211 prm
758 3138 849 3195 oculis
863 3139 1040 3215 propositum
1052 3159 1060 3207 3
1075 3150 1107 3198 et
1117 3139 1248 3215 frequens

156 3236 288 3314 cogitatio
303 3251 389 3309 quam
404 3233 490 3291 fluxae
504 3233 563 3291 sint
575 3245 603 3291 et
615 3236 713 3293 inanes
727 3254 772 3292 res
786 3255 888 3294 omnes
900 3236 1042 3295 humana.
1085 3240 1158 3307 Quae
1172 3241 1249 3299 Deus

155 3338 278 3395 minatur
300 3334 429 3411 superbis
450 3334 602 3410 supplicia,
628 3354 751 3408 quaeque
772 3336 921 3412 pollicetur
940 3337 1097 3397 humilibus
1124 3339 1247 3416 praemia,

155 3436 244 3493 menti
258 3437 342 3492 etiam
363 3434 505 3491 obversari
525 3452 601 3510 saepe
615 3443 743 3511 oportet:
765 3437 841 3507 “qui
855 3454 886 3492 se
906 3435 1072 3496 exaltaverit
1091 3439 1248 3499 humiliabi·

157 3541 212 3597 tur,
227 3541 255 3588 et
268 3534 316 3602 qui
330 3550 362 3587 se
377 3531 580 3599 humiliaverit,
595 3528 812 3591 exaltabitur.”⁶
851 3535 955 3592 Mortis
969 3534 1094 3610 denique
1108 3539 1250 3598 meditatio

156 3627 320 3704 superbiam
335 3625 495 3685 edomabit:
518 3642 690 3706 quapropter
710 3651 764 3691 nos
783 3644 883 3692 monet
902 3634 1053 3695 Ecclesia:
1077 3618 1250 3697 “memento

158 3729 256 3795 homo,
270 3727 340 3798 quia
353 3726 447 3800 pulvis
461 3744 503 3793 es,
517 3737 546 3783 et
558 3728 589 3785 iu
603 3729 752 3804 pulverem
766 3733 948 3792 reverteris.’'

198 3835 248 3891 47.
270 3826 386 3904 Optime
401 3825 433 3882 S.
448 3824 578 3895 Thomas
598 3825 813 3889 animadvertit:
838 3834 969 3894 “Motus
988 3836 1129 3910 superbire
1143 3838 1249 3896 occulte

257 4052 299 4116 (l)
318 4051 342 4100 2.
351 4048 372 4097 2.
385 4065 418 4113 qu
437 4048 528 4099 xxxvii.
543 4059 587 4099 art.
600 4050 625 4100 ii.
637 4048 712 4118 Reap.
928 4054 966 4122 (2)
987 4056 1043 4109 Get.
1054 4073 1077 4106 v.
1088 4061 1130 4110 20.

257 4135 299 4199 (3)
319 4137 342 4181 2.
354 4137 378 4180 t.
389 4149 429 4198 qu.
443 4135 534 4184 xxxvii.
546 4142 589 4184 srt.
599 4135 615 4184 i.
627 4133 702 4202 Resp.
926 4143 968 4206 (4)
988 4146 1044 4191 Act.
1056 4158 1097 4191 xv.
1110 4146 1151 4194 30.

258 4219 297 4281 (5)
317 4215 398 4266 Tract
410 4217 439 4266 de
451 4234 515 4282 pecc
527 4236 549 4270 c.
560 4220 592 4270 ir.
603 4228 647 4271 art.
659 4220 711 4271 xix.
722 4220 782 4284 Reg-
794 4222 826 4272 iv.
929 4228 971 4292 (6)
991 4227 1053 4278 Met.
1065 4230 1135 4281 xxiii.
1146 4232 1185 4279 12.
