2744 4980
376 416 433 475 nn
454 382 975 476 innotescentiam.
1165 379 1223 476 aus

127 581 203 656 phua
217 579 366 639 dicitius
380 578 469 638 utet.
511 579 589 637 Etsi
603 581 656 637 iste
670 579 749 637 zelus
764 581 801 637 sit
809 581 885 638 circa
896 581 972 639 bona
985 581 1114 649 honesta,
1128 580 1224 640 lauda·

126 680 192 738 bilis
205 689 259 748 est,
274 679 432 738 secundum
445 678 515 736 illud
531 684 542 734 l
561 676 694 738 Corinth.
715 679 773 736 xiv.
816 679 1028 739 ‘AEmulamiui
1043 680 1220 756 spiritualia!

127 777 160 835 Si
173 789 271 836 autem
284 780 321 836 sit
334 778 369 835 de
382 779 465 835 bonis
480 777 692 854 temporalibus,
707 785 877 854 potestesse
897 798 963 838 cum
977 790 1105 855 peccato,
1120 789 1148 837 et
1160 780 1221 836 sine

126 876 280 953 peccato.”
321 877 365 936 lta
386 878 542 954 Angelicus
563 871 696 936 Doctor.¹
736 878 802 936 Nec
824 877 1024 938 contundenda
1046 889 1091 936 est
1114 876 1222 938 invidia

125 995 194 1035 cum
208 976 318 1033 tristitia
330 975 365 1033 de
386 978 463 1036 bono
482 976 585 1045 alieno,
607 975 683 1049 quod
703 977 733 1034 in
752 977 797 1034 sui
817 978 863 1035 vel
882 978 1002 1036 aliorum
1022 976 1222 1036 detrimentum

126 1073 226 1135 cedat:
250 1075 407 1134 “Evenire
427 1075 595 1152 plerumque
618 1074 722 1142 solet,”
743 1076 835 1148 iuquit
854 1077 887 1133 S.
909 1077 1069 1154 Gregorius
1084 1076 1220 1154 Magnus,

129 1184 191 1231 “ut
203 1192 262 1231 non
275 1175 380 1232 amissa
392 1176 537 1241 charitate,
548 1184 576 1231 et
584 1175 693 1233 inimici
703 1190 756 1233 uus
764 1175 845 1233 ruina
857 1176 990 1244 letificet,
999 1188 1028 1233 et
1036 1195 1148 1235 rursum
1160 1175 1222 1251 ejus

126 1273 220 1349 gloria
232 1274 295 1330 sine
309 1273 422 1332 invidias
436 1273 522 1349 culpa
540 1275 695 1339 contristet,
710 1293 775 1332 cum
795 1284 824 1331 et
836 1285 933 1333 ruente
947 1294 983 1334 eo
996 1274 1136 1348 quosdam
1149 1276 1221 1332 bene

126 1372 200 1447 erigi
212 1371 366 1443 credimus,
381 1385 410 1432 et
421 1373 588 1450 proficiente
602 1373 651 1431 illo
665 1373 815 1450 plerosque
832 1373 936 1450 injuste
950 1373 1076 1449 opprimi
1089 1372 1222 1432 sormida-

128 1465 244 1528 mus.”²

168 1572 219 1626 52.
241 1569 297 1628 Est
318 1582 465 1647 peccatam
487 1570 602 1628 mortale
625 1587 790 1647 exgenere
810 1588 865 1628 auo
891 1571 971 1629 alteri
996 1569 1133 1644 invidere,
1155 1589 1222 1629 nam

126 1667 258 1726 charitati
271 1668 442 1738 adversatur,
453 1684 627 1745 quapropter
640 1678 659 1705 “
670 1668 804 1728 iuvidiae”
826 1670 897 1727 inter
910 1680 1025 1745 peccata
1038 1672 1222 1728 recensentur

125 1785 192 1839 que
205 1786 223 1824 a
235 1786 324 1844 reguo
345 1768 403 1826 Dei
428 1764 609 1826 excludunt³
649 1767 831 1826 Diabolicum
849 1768 949 1826 merito
969 1779 1085 1827 vocatur
1104 1769 1219 1826 vitium:

125 1884 194 1925 nam
216 1875 235 1901 ‘⁶
245 1866 351 1925 invidia
371 1867 476 1947 diaboli
498 1885 575 1925 mors
596 1868 707 1925 intravit
732 1868 763 1925 iu
781 1868 880 1925 orbem
904 1875 1055 1936 terrarum;
1076 1868 1223 1925 imitantur

126 1975 224 2024 autem
236 1965 317 2024 illum
330 1967 379 2038 qui
392 1958 458 2024 sunt
470 1985 507 2024 ex
522 1977 600 2042 parta
614 1958 753 2042 ipsius.'’⁴
793 1963 938 2024 Ceterum
951 1985 1028 2043 saepe
1046 1966 1165 2024 venialis
1175 1963 1223 2023 'est

126 2063 222 2139 culpa,
238 2082 275 2122 cx
287 2066 328 2122 roi
342 2077 442 2123 natura
453 2065 563 2132 leviori,
578 2066 622 2122 vel
635 2065 724 2123 animi
737 2063 839 2122 affectu
852 2064 947 2123 minus
968 2065 1149 2132 vehementi;
1170 2065 1222 2144 sed

126 2181 263 2239 magnum
278 2164 364 2222 habet
374 2165 515 2222 charitatis
531 2162 668 2222 violandas
682 2164 859 2240 periculum:
882 2176 1054 2242 quapropter
1065 2164 1222 2240 Apostolus

127 2260 229 2320 fideles
242 2272 355 2321 monet:
372 2272 392 2299 ‘⁴
402 2282 461 2322 nou
474 2263 634 2322 efficiamur
648 2263 741 2321 inanis
758 2263 854 2339 gloriae
864 2263 974 2338 cupidi,
988 2265 1111 2322 invicem
1122 2279 1222 2338 provo·

126 2371 239 2430 cantes,
260 2356 600 2421 invicemiuvidentes.”⁵
633 2359 820 2430 “Charitas”
832 2362 1088 2440 inquitAugelicus
1102 2361 1220 2427 Ductor,

129 2459 304 2538 “gaudetde
317 2463 393 2520 bono
402 2463 537 2538 proximi,
552 2462 659 2520 invidia
671 2472 764 2519 autem
778 2462 813 2518 de
826 2460 928 2519 eodem
943 2464 1082 2520 tristatur.
1095 2503 1102 2519 .
1115 2502 1123 2518 .
1136 2458 1221 2519 Unde

127 2559 311 2618 manifestum
324 2571 369 2620 est
381 2561 456 2633 quod
478 2561 584 2620 invidia
606 2580 643 2620 ex
665 2578 770 2636 genero
792 2579 847 2618 suo
866 2569 910 2617 est
927 2571 1073 2637 peccatum
1092 2560 1219 2619 mortale.

129 2657 247 2716 Sed...
262 2660 291 2717 in
304 2679 408 2736 genere
422 2661 533 2719 invidiae
547 2662 725 2719 inveniautur
733 2660 821 2732 aliqui
835 2660 920 2734 primi
934 2670 1037 2726 motus,
1052 2658 1221 2732 quandoque

128 2758 216 2816 etiam
229 2759 259 2816 in
279 2761 346 2817 viris
360 2760 503 2835 perfectis,
518 2760 566 2832 qui
581 2770 647 2817 sunt
659 2769 774 2834 peccata
789 2749 957 2815 venialia.”⁶

170 2861 220 2914 53.
243 2858 292 2916 Ex
311 2860 418 2918 invidia
430 2859 462 2915 fit
475 2869 505 2916 ut
518 2858 582 2931 quis
596 2858 676 2934 ipsos
691 2857 824 2913 virtutum
837 2864 917 2913 actus
938 2857 968 2913 in
987 2856 1091 2913 malam
1114 2862 1222 2929 partem

129 2955 306 3029 detorqueat,
320 2968 349 3015 et
360 2958 395 3015 de
406 2959 537 3032 proximo
550 2967 695 3022 susurret;
716 2975 773 3029 quo
787 2964 868 3031 pacto
879 2974 963 3031 grave
976 2954 1057 3012 sacile
1071 2952 1225 3011 admittitur

130 3065 289 3132 peccatam.
331 3056 525 3132 Philosophos
539 3056 667 3113 ethnicos
684 3055 839 3131 Apostolus
853 3065 934 3112 vocat
956 3055 1087 3130 “plenos
1107 3050 1222 3116 invidia,

130 3153 299 3223 homicidio,
312 3156 505 3221 contentione,
520 3154 596 3222 dolo,
611 3155 795 3231 malignitate,
810 3172 989 3220 susurrones,
1003 3145 1224 3219 detractores,'’⁷

131 3252 262 3312 Plurima
275 3254 336 3312 lroec
349 3255 573 3333 gravissimaque
587 3254 661 3327 mala
673 3252 738 3310 inde
751 3270 827 3328 saepe
836 3252 914 3308 nasci
924 3249 1224 3326 exploratumomnino

131 3362 185 3410 est.

171 3456 221 3509 ot.
243 3452 414 3511 Remedium
427 3451 540 3510 invidias
554 3451 729 3526 precipuum
748 3457 790 3504 est
803 3446 946 3505 charitatis
959 3445 1053 3503 studio
1067 3463 1176 3509 vacare,
1197 3453 1226 3501 et

129 3551 238 3626 sepius
251 3571 348 3609 coram
361 3552 427 3610 Deo
440 3552 573 3627 proximo
587 3548 735 3626 apprecari
750 3547 824 3605 bona
843 3547 948 3614 omnia,
962 3547 1115 3622 ipsumque
1128 3562 1223 3602 coram

131 3647 308 3718 hominibus,
322 3650 388 3710 data
400 3651 560 3716 occasione,
574 3648 699 3708 laudaro.
720 3646 829 3705 Animo
840 3664 954 3718 quoque
964 3644 1145 3721 cogitandum
1152 3642 1227 3702 bona

130 3745 260 3807 distribui
273 3768 311 3809 ex
324 3770 407 3824 equa
419 3750 477 3809 Dei
490 3748 677 3815 ordinatione,
693 3744 832 3818 nubisque
854 3745 950 3817 aliqua
972 3745 1067 3812 tribui,
1085 3743 1187 3814 quibus
1199 3743 1225 3798 si

133 3847 187 3905 rite
201 3849 247 3906 usi
260 3848 408 3918 fuerimus,
423 3850 520 3907 felices
542 3847 662 3920 Deoque
682 3847 753 3923 grati
774 3843 937 3902 evademus.
979 3844 1054 3900 Vilis
1074 3851 1117 3899 est
1137 3840 1226 3898 animi

133 3945 197 4005 aliis
211 3948 349 4017 invidere,
363 3967 462 4007 eorum
476 3947 558 4006 bonis
571 3947 689 4004 cruciari
702 3963 768 4002 cum
782 3942 861 4001 nullo
874 3951 972 4001 nostro
981 3941 1069 3999 lucro.

166 4146 207 4207 (l)
228 4145 252 4193 2.
261 4148 304 4196 aa.
317 4163 358 4208 qu.
370 4148 455 4195 xxxvi.
468 4155 511 4196 art.
523 4146 548 4195 ii.
583 4144 657 4208 Resp-
742 4142 783 4205 (2)
805 4138 836 4188 1..
848 4138 908 4188 xxii.
918 4136 1004 4185 Moral.
1014 4151 1035 4183 c.
1047 4135 1081 4183 xi.

172 4229 216 4292 (³)
235 4230 290 4280 Gal.
304 4247 325 4277 v.
337 4231 378 4279 21.
745 4225 787 4289 (4)
807 4224 865 4288 Sap.
877 4222 901 4272 ii.
913 4223 954 4270 at.

169 4313 210 4377 (⁵)
229 4313 284 4362 Gal
297 4330 319 4362 v.
332 4312 375 4361 26.
744 4311 782 4369 (ὅ)
800 4303 1109 4371 aequanimitatis
1144 4301 1218 4371 serp.

551 4396 593 4461 (7)
614 4393 684 4444 Rom.
696 4392 712 4441 i.
723 4394 766 4441 29.

1230 4312 1338 4698 l
