2766 4996
308 405 365 464 un
386 404 745 493 ceurenrrouraus
766 404 1057 468 marmorum.
1170 414 1228 468 aaa
1299 360 1305 367 ⁵

136 572 206 630 dum
230 570 326 629 Deum
343 573 517 631 ....sorma
540 574 607 631 sacti
627 573 722 650 gregis
744 592 781 631 ex
807 568 951 633 animo·’'¹
992 575 1054 632 an
1074 577 1232 650 presertim

136 680 249 748 spectat
261 669 377 727 concilii
395 670 557 729 Tridentini
578 671 740 729 decretum:
763 680 783 707 ‘⁶
794 671 872 730 Cum
886 683 1029 749 precepto
1042 672 1139 731 divino
1152 691 1232 733 man·

138 770 236 827 damrn
253 769 290 825 sit
308 769 452 836 omnibus,
468 770 570 842 quibua
594 787 660 826 cura
679 771 836 829 enimenim
850 772 1004 829 commissa
1017 781 1069 839 est,
1084 789 1152 828 oves
1166 789 1232 829 suas
1268 786 1279 803 ·

138 885 306 944 agnoscere,
321 885 373 942 pro
391 867 437 923 his
453 867 624 925 sacrificium
641 867 754 934 offerre,
767 868 902 940 verbique
917 868 1006 926 divini
1020 868 1231 944 predicatione,

138 977 384 1025 sacramentorum
397 964 650 1031 administratione,
666 966 848 1025 acbonorum
862 967 991 1024 omnium
1005 984 1123 1042 operum
1136 985 1234 1025 exem·

138 1065 189 1140 plo
200 1082 334 1140 pascere;
355 1080 526 1140 pauperum,
537 1065 712 1136 aliarumque
725 1063 928 1122 miserabilium
941 1081 1126 1140 personarum
1135 1083 1233 1122 curam

138 1171 287 1239 paternam
307 1179 416 1239 gerara,
437 1171 466 1219 et
490 1163 521 1220 in
547 1172 649 1220 cetera
668 1162 765 1234 munia
790 1163 940 1237 pastoralia
965 1162 1146 1220 incumbere:
1162 1179 1232 1245 *a

139 1262 238 1319 onmia
251 1274 430 1332 nequaquem
443 1261 527 1318 abiis
544 1261 670 1337 prestarl
683 1270 711 1317 et
729 1260 842 1336 impleri
865 1270 995 1337 possunt,
1010 1261 1060 1331 qui
1078 1259 1163 1335 gregi
1179 1244 1233 1318 ⁴suo

138 1374 198 1417 non
211 1359 370 1435 invigilant,
384 1374 478 1431 nequa
492 1360 638 1426 assistunt,
652 1358 704 1416 sed
721 1360 960 1417 mercenariorum
979 1375 1057 1416 more
1078 1356 1230 1416 deserunt:

139 1458 330 1515 Sacrosancta
337 1456 473 1532 Synodus
487 1475 537 1514 eos
548 1457 690 1524 admonet,
701 1456 873 1525 ethortatur,
887 1468 919 1514 ut
930 1457 1092 1515 divinorum
1107 1473 1232 1533 pracep-

139 1565 405 1622 torummemores,
415 1555 538 1629 laetique
552 1555 761 1632 formagregis,
772 1556 802 1612 in
811 1555 922 1632 judicio
935 1565 963 1612 et
977 1556 1091 1613 veritme
1104 1564 1231 1629 pascant,

139 1664 168 1712 et
186 1644 337 1730 regant.”⁸
376 1653 510 1711 Declarat
528 1652 634 1711 idcirco
657 1672 708 1712 eos
729 1652 875 1729 “obligari
896 1652 932 1710 ad
944 1652 1124 1729 personalem
1139 1653 1168 1708 in
1181 1671 1234 1710 sua

139 1752 262 1810 ecclesia
282 1752 328 1809 vel
349 1751 465 1809 diocesi
484 1751 677 1820 residentiam,
697 1751 746 1810 ubi
765 1751 893 1829 injuncto
912 1751 966 1807 sibi
986 1767 1103 1807 munere
1117 1747 1233 1824 defungi

140 1860 302 1908 teneantur:
324 1868 417 1923 neque
430 1850 530 1907 abesse
544 1867 640 1925 posse,
655 1850 761 1907 nisiex
775 1849 878 1914 causis,
893 1858 922 1904 et
933 1847 1027 1905 modis
1040 1846 1233 1922 infrascriptis.

141 1949 170 2006 N
173 1967 220 2006 arn
231 1948 475 2038 conchristiano
484 1947 615 2015 charitas,
626 1965 729 2024 urgens
743 1946 908 2012 necessitas,
919 1945 1012 2003 debita
1022 1942 1191 2010 obedientia,
1201 1962 1234 2002 ac

142 2046 260 2104 evidens
274 2047 415 2105 Ecclesia
429 2046 657 2121 velReipublicoe
666 2046 770 2104 utilitas
785 2045 896 2116 aliquos
909 2061 1126 2116 nonnumquam
1135 2043 1234 2100 abesse

141 2145 295 2221 postulent,
318 2153 348 2202 et
371 2145 504 2221 exigant3
525 2144 653 2202 decernit
677 2142 775 2201 eadem
803 2142 988 2201 sacrosancta
1014 2140 1162 2217 Synodus,
1183 2141 1234 2198 has

140 2243 275 2319 legitimae
289 2243 423 2301 absentiae
436 2261 538 2299 causas
550 2262 568 2301 a
581 2242 753 2299 Beatissimo
770 2241 902 2298 Romano
916 2241 1067 2306 Pontifice,
1082 2247 1129 2294 aut
1141 2256 1158 2293 a
1171 2239 1236 2296 Me·

140 2340 323 2415 tropolitano,
337 2342 393 2408 vel,
401 2359 437 2398 eo
447 2341 575 2407 absente,
586 2340 767 2414 suffraganeo
776 2339 914 2415 episcopo
923 2336 1074 2410 antiquiori
1083 2333 1234 2402 residente,

140 2440 191 2512 qui
204 2437 282 2496 idem
301 2438 516 2515 Metropolitani
536 2439 693 2496 absentiam
714 2438 832 2513 probare
853 2435 974 2505 debebit,
994 2437 1024 2494 ia
1043 2434 1157 2510 scriptis
1171 2452 1235 2492 esse

140 2536 377 2614 approbandas..
390 2578 397 2594 .
409 2536 445 2594 ad
453 2537 577 2596 eundem
594 2547 687 2596 temen
701 2555 767 2593 cum
780 2537 904 2594 concilio
914 2534 1084 2612 provinciali
1098 2534 1236 2609 spectabit

137 2636 265 2713 judicare
279 2634 314 2693 de
326 2634 449 2694 licentiis
462 2655 479 2692 a
491 2654 532 2704 se,
541 2637 585 2693 vel
599 2655 616 2693 a
627 2635 809 2712 suffraganeo
822 2633 904 2701 datis,
912 2644 942 2692 et
954 2633 1060 2700 videre,
1074 2650 1111 2689 ne
1124 2633 1189 2703 quis
1199 2649 1234 2689 eo

136 2735 202 2810 jure
216 2735 360 2801 abutatur3
381 2743 410 2790 et
422 2744 454 2792 ut
466 2735 559 2810 poenis
569 2734 716 2792 canonicis
730 2741 854 2788 ementes
867 2722 1067 2806 puniantur.”³
1108 2728 1235 2803 Urgeute

143 2835 339 2908 persecutione
353 2850 412 2891 non
424 2830 510 2890 debet
521 2833 675 2907 episcopus
692 2828 823 2886 deserere
844 2844 960 2903 gregem
972 2827 1019 2883 cui
1033 2825 1153 2901 pastoris
1167 2842 1237 2899 prte-

140 2933 232 2988 sentia
249 2933 286 2990 sit
308 2931 487 2989 necessaria:
509 2928 586 3000 quod
608 2929 633 2985 si
647 2928 675 2985 ei
696 2925 853 3003 provideat,
876 2923 972 2981 licebit
994 2924 1128 2999 aufugere
1144 2920 1236 2980 donec

140 3039 295 3104 tempestas
309 3029 393 3087 fuerit
404 3023 528 3086 sedata.⁴

179 3132 228 3185 34.
251 3127 403 3203 Synodum
416 3125 607 3184 ditscesauam
616 3125 766 3196 quotannis
780 3122 866 3182 debet
878 3122 1019 3180 celebrare
1029 3118 1054 3179 :⁸
1077 3129 1107 3177 et
1119 3121 1232 3177 visitare

141 3225 308 3283 dioecesim:
332 3235 351 3261 “
362 3224 546 3290 Patriarcbar,
560 3223 712 3288 Primates,
727 3220 953 3295 Metropolitani,
969 3230 998 3276 et
1019 3218 1148 3295 episcopi
1170 3235 1235 3292 pro·

141 3325 232 3400 priam
253 3324 399 3380 dioecesim
423 3339 474 3397 per
493 3321 616 3396 seipsos,
640 3329 688 3376 aut
706 3321 732 3375 si
751 3319 877 3392 legitime
898 3316 1028 3392 impediti
1050 3315 1163 3380 suerint,
1185 3333 1236 3390 per

141 3440 227 3480 suum
251 3421 411 3496 generalem
435 3419 593 3484 Vicarium,
617 3425 665 3473 aut
692 3416 886 3481 visitatorem,
907 3416 933 3472 si
959 3413 1110 3487 quotannis
1139 3421 1234 3479 totam,

142 3528 259 3596 propter
272 3517 336 3593 ejus
349 3516 537 3584 latitudinem,
551 3515 665 3574 visitare
682 3533 741 3574 non
754 3522 896 3589 poterunt,
910 3512 1010 3571 saltem
1023 3511 1161 3588 majorem
1174 3513 1236 3588 ejus

143 3627 264 3694 partem,
278 3616 316 3673 ita
335 3625 439 3684 tamen,
453 3627 485 3674 ut
498 3623 555 3674 tota
566 3612 747 3692 biennioper
765 3631 807 3680 se,
828 3612 872 3670 vel
892 3613 1050 3671 visitatores
1073 3628 1140 3669 suos
1160 3629 1236 3670 com·

142 3716 260 3791 pleatur,
275 3716 388 3774 visitans
401 3733 459 3773 nou
472 3706 733 3791 pretermittant.”⁶

182 3819 230 3871 35.
252 3813 400 3872 Tenentur
421 3812 551 3889 episcopi
572 3810 608 3868 ad
627 3811 850 3869 confirmationis
870 3819 1077 3867 sacramentum
1101 3804 1237 3862 adminis-

144 3912 272 3970 trandum
298 3912 369 3970 adeo
395 3912 559 3985 frequenter
583 3919 616 3968 ut
634 3911 719 3986 copia
738 3909 776 3964 sit
797 3906 927 3963 fidelibus
955 3906 1024 3963 illud
1047 3901 1235 3977 suscipiendi.

180 4117 221 4179 (1)
244 4117 255 4164 l
270 4114 323 4163 Pet.
335 4111 391 4163 v.2.
694 4110 735 4173 (2)
753 4107 819 4154 Sors.
832 4089 902 4153 xxiii.
911 4120 965 4168 cap.
977 4105 993 4153 i.
1005 4104 1140 4156 dereform.

179 4198 220 4263 (3)
242 4198 341 4249 [bidom.
691 4194 731 4254 (t)
750 4188 879 4238 S.⁴1'hom.
891 4187 914 4236 2.
927 4187 952 4236 2.
967 4205 1007 4253 qu.
1019 4190 1118 4240 clxxxv.
1131 4204 1173 4244 m.
1184 4211 1208 4245 v,

185 4284 227 4349 (5)
248 4277 583 4346 smniacapnuaret.
697 4277 737 4340 (6)
757 4271 856 4332 Ibidem,
868 4288 889 4322 c.
901 4270 933 4321 iii.

1281 4256 1304 4293 1
