2744 4980
181 389 219 442 42
320 384 376 444 DE
398 383 689 445 CONSCIENTIA
710 383 823 442 VERA
843 385 900 444 ET
921 386 1134 446 ERRONEA.

221 554 249 607 3.
272 549 371 618 Error,
387 551 461 608 sicut
480 561 508 609 et
521 554 691 629 ignorantia,
711 556 864 617 vincibilis
878 555 990 620 dicitur,
1005 572 1056 610 seu
1069 546 1269 608 invincibilis.

182 647 215 704 Si
229 650 305 706 vinci
316 669 374 706 non
384 652 517 726 potuerit,
532 653 578 710 vel
589 673 646 711 non
662 653 799 725 debuerit,
811 657 907 716 habita
919 656 1027 711 ratione
1037 651 1152 716 indolis,
1162 648 1272 704 dotum·

181 766 237 819 que
251 767 392 824 personae,
407 751 562 808 etaliornm
575 751 781 829 adjunctorum,
792 759 841 829 qui
854 756 982 827 sequitur
992 750 1175 808 conscientia
1187 746 1273 802 dicta·

181 864 249 904 men
259 866 317 905 non
328 858 438 923 peccat,
449 850 557 924 ntijam
568 851 745 909 ostendimus
755 854 790 911 de
802 855 962 931 ignorantia
971 848 1139 908 invincibili.
1171 845 1273 910 Quiex

181 945 347 1021 hujusmodi
357 965 452 1004 errore
460 950 570 1022 putavit
579 960 711 1024 oportere
723 952 842 1010 invitum
853 955 883 1011 in
894 952 973 1008 exitu
984 951 1047 1004 vitre
1057 946 1213 1022 baptizare,
1225 962 1273 1000 ex·

180 1044 337 1111 cusabitnr,
352 1047 483 1115 quamvis
498 1047 624 1118 alioquin
639 1050 728 1105 invito
741 1050 916 1125 baptismum
926 1049 1044 1124 injicere
1055 1048 1092 1103 sit
1104 1045 1274 1100 sacramenti

183 1140 299 1216 indigua
313 1146 451 1201 tractatio.
494 1145 551 1209 Qui
566 1148 624 1221 agit
636 1157 735 1204 contra
745 1149 950 1206 conscientiam
961 1164 1075 1221 semper
1086 1152 1194 1219 peccat,
1210 1143 1276 1212 qula

183 1240 272 1298 violat
296 1241 390 1316 legem
416 1243 470 1299 sibi
496 1246 682 1320 propositam,
709 1257 738 1303 et
763 1265 815 1305 sua
840 1247 985 1324 voluntate
1011 1244 1091 1321 eligit
1115 1250 1273 1318 peceatum.

186 1347 205 1373 ‘⁸
217 1338 339 1404 Quando
353 1342 423 1397 ratio
437 1359 535 1399 errans
548 1344 682 1419 proponit
695 1346 803 1418 aliquid
816 1355 847 1403 ut
857 1318 1029 1422 preceptum
1043 1341 1111 1408 Dei,
1123 1351 1189 1397 tunc
1200 1338 1275 1396 idem

183 1447 227 1494 est
240 1449 423 1497 contemnere
437 1440 577 1499 dictamen
591 1443 709 1500 rationis
723 1454 752 1500 et
764 1444 821 1502 Dei
835 1441 1041 1520 praeceptum.”
1083 1441 1126 1497 Ita
1147 1439 1179 1493 S.
1195 1437 1276 1494 Tho·

184 1531 272 1593 mas.¹
313 1537 459 1609 Equidem
474 1541 535 1614 ipse
549 1541 705 1617 Apostolus
720 1543 827 1600 Paulus
850 1541 885 1600 de
910 1540 1128 1599 manducatione
1148 1537 1275 1593 carnium

185 1633 270 1693 idolis
284 1637 491 1696 immolatarum
506 1659 604 1717 agens,
615 1641 805 1699 certissimum
814 1642 871 1700 hoc
879 1639 960 1716 ponit
970 1638 1152 1714 principium,
1164 1635 1276 1710 peccari

186 1735 298 1805 quoties
312 1737 375 1806 quis
390 1748 488 1795 contra
501 1741 604 1797 mentis
623 1739 763 1815 Judicium
787 1741 862 1817 agit:
886 1739 1025 1796 “Beatus
1040 1738 1158 1810 quinon
1169 1731 1278 1809 judicat

187 1834 374 1908 semetipsum
399 1836 427 1892 in
451 1854 496 1902 eo,
511 1837 588 1908 quod
611 1839 720 1913 probat.
764 1839 930 1905 Quianam
949 1836 1095 1901 discernit,
1110 1834 1135 1888 si
1157 1829 1277 1888 mandu-

187 1932 302 1999 caverit,
318 1931 466 1991 damnatus
481 1945 541 1992 est:
565 1937 632 2008 quia
652 1955 709 1995 non
728 1956 765 1995 ex
786 1937 852 1994 fide.
895 1936 989 1993 Omne
1010 1944 1113 1999 autem,
1129 1929 1205 2000 quod
1219 1947 1277 1986 11011

132 2018 141 2033 ’
187 2038 281 2086 estex
295 2028 361 2097 fide,
386 2043 532 2107 peccatum
555 2027 647 2090 est.'’²
687 2034 775 2111 Igitur
789 2037 838 2107 qui
856 2051 956 2092 carnes
976 2031 1134 2094 manducat,
1146 2027 1278 2104 judicans

188 2144 238 2184 cas
252 2110 307 2184 sibi
320 2130 429 2198 vetitas,
444 2148 479 2186 eo
493 2131 571 2202 quod
585 2132 663 2207 prius
677 2133 762 2192 idolis
775 2134 888 2191 fuerant
907 2131 1067 2196 immolate,
1083 2137 1192 2203 peccat,
1214 2127 1280 2197 qnia

189 2235 286 2283 contra
299 2225 386 2284 fidem
400 2229 475 2305 agit:
499 2229 613 2288 “fidem
626 2230 694 2288 verb
708 2231 755 2288 hic
768 2250 828 2289 non
841 2249 905 2288 eam
919 2229 998 2295 dicit,
1015 2247 1076 2299 qua
1091 2226 1126 2283 ad
1146 2226 1280 2301 dogmata

190 2324 321 2399 pertinet,
332 2324 383 2383 sed
397 2345 459 2398 quae
474 2329 610 2403 propositi
626 2341 670 2387 est
683 2324 890 2406 argumenti,''³
909 2329 949 2386 nti
963 2327 1068 2402 optime
1083 2324 1281 2382 animadvertit

190 2420 430 2498 Chrysostomus.
478 2411 658 2500 “Quidquid
680 2429 713 2486 tit
740 2439 839 2489 contra
863 2425 1077 2491 conscientiam,
1101 2423 1220 2481 acdificat
1245 2421 1281 2477 ad

190 2518 400 2598 gehennam.''⁴
440 2522 483 2580 Ita
496 2525 614 2584 habetur
627 2529 657 2585 in
666 2530 742 2605 jure.

230 2624 259 2676 4.
282 2619 402 2685 Quoties
416 2641 494 2680 error
507 2635 551 2681 est
564 2626 714 2693 vincibilis,
728 2636 862 2702 peccatur
874 2626 959 2682 etiam
974 2620 1120 2693 sequendo
1134 2621 1281 2676 conscien-
1328 2688 1331 2694 .

191 2718 278 2784 tiam;
300 2720 329 2777 in
342 2738 427 2779 causa
445 2723 522 2779 enim
545 2726 629 2802 culpa
651 2725 740 2782 adest.
783 2726 834 2783 Sic
848 2725 896 2796 qui
911 2722 1060 2780 Christum
1081 2717 1284 2775 crucifixerunt

193 2817 393 2891 proculdubio
416 2832 578 2895 peccarunt,
593 2825 661 2882 licet
673 2821 822 2881 Christum
846 2823 994 2880 crederent
1016 2837 1080 2875 esse
1098 2817 1156 2893 legi
1180 2816 1282 2873 divinae

145 2914 150 2921 ’
193 2914 396 2984 adversarium,
411 2929 440 2976 et
462 2921 607 2980 turbarum
626 2932 780 2981 auctorem.
823 2921 881 2988 Qui
894 2919 1049 2997 Apostolos
1064 2917 1205 2992 persecuti
1219 2923 1284 2969 sunt

193 3014 388 3074 existimantes
422 3020 625 3092 “obsequium
648 3039 679 3078 se
705 3029 838 3096 praestare
862 3013 975 3085 De0,”⁸
1001 3026 1117 3092 peccato
1141 3016 1284 3070 immunes

194 3110 291 3170 haberi
315 3127 471 3187 nequeunt,
486 3136 584 3189 quum,
599 3119 798 3195 cupiditatibus
822 3130 851 3176 et
876 3117 943 3175 odio
966 3115 1103 3180 obsecuti,
1128 3132 1180 3169 sua
1202 3110 1285 3184 culpa

195 3213 324 3270 errarint.
366 3214 471 3273 Meritis
485 3217 572 3293 igitur
592 3216 821 3294 Chrysostomus
845 3218 902 3274 ait:
926 3216 1031 3272 “Sunt
1049 3214 1126 3270 enim
1140 3210 1221 3268 multi
1236 3209 1285 3280 qui

232 3417 273 3482 (l)
296 3421 318 3465 1.
337 3424 382 3469 tae.
395 3436 436 3483 qn.
449 3421 500 3470 xix.
512 3431 555 3472 art
568 3440 589 3471 v.
602 3425 631 3475 ad
644 3425 675 3474 ll.
709 3425 827 3474 Jeremias
844 3423 938 3488 Taylor
948 3417 1095 3486 principium
1117 3414 1164 3464 hoc
1184 3414 1288 3462 illustrat

195 3503 321 3566 exemplo:
339 3511 354 3535 ‘⁴
362 3505 402 3554 He
415 3505 467 3556 that
478 3508 550 3558 omits
562 3518 587 3558 to
598 3511 655 3560 hear
667 3510 757 3559 Divino
769 3509 859 3558 service
870 3524 902 3557 on
915 3524 930 3556 a
941 3500 1048 3573 festival
1057 3501 1131 3551 when
1143 3498 1174 3547 he
1187 3497 1246 3546 bath
1255 3513 1288 3545 no

194 3588 333 3636 reasonable
349 3588 515 3654 impediment,
533 3594 580 3642 and
599 3594 630 3643 he
647 3595 703 3644 who
720 3592 792 3642 omits
809 3593 829 3642 it
845 3608 913 3656 upon
929 3608 944 3641 a
960 3603 1076 3640 common
1093 3585 1149 3648 day,
1161 3582 1243 3632 which
1255 3582 1288 3631 he

195 3674 350 3737 erroneonsly
362 3691 481 3740 supposes
492 3685 517 3726 to
534 3679 563 3726 be
580 3695 595 3726 a
606 3679 706 3738 festival,
724 3679 783 3728 bath
795 3678 891 3741 equally
903 3672 1065 3741 prevaricated
1082 3670 1123 3720 the
1141 3669 1188 3718 law
1205 3667 1233 3715 0f
1248 3664 1288 3714 the

199 3751 308 3816 Churcb,
326 3758 375 3807 and
391 3759 433 3808 the
445 3762 550 3826 analogy
562 3763 591 3812 os
604 3763 645 3812 tha
661 3762 860 3812 commandment
877 3762 905 3809 ol
918 3759 973 3808 God
991 3775 1023 3808 on
1041 3753 1123 3805 which
1140 3752 1189 3802 this
1206 3752 1234 3800 oi
1248 3750 1289 3799 the

199 3835 300 3888 Ohurcb
312 3841 334 3889 is
345 3844 477 3894 founded.'’
512 3846 605 3896 Ductor
617 3847 796 3906 Dubitandum,
808 3848 823 3897 l.
836 3846 851 3895 1.
863 3845 902 3895 ch.
914 3847 937 3892 3·
956 3844 1019 3893 Rule
1029 3845 1052 3900 3,
1065 3857 1087 3905 p.
1103 3839 1155 3888 111.

235 3923 276 3986 (2)
296 3925 367 3976 Rom.
378 3929 428 3978 xiv.
445 3930 486 3980 22.
520 3931 550 3980 ln
568 3931 705 3981 Pontificali
723 3932 833 3981 Romano
853 3931 926 3979 verba
944 3927 1056 3992 Apostoli
1075 3923 1291 3975 accommodantur

197 4007 255 4057 fidei
268 4008 410 4073 catholica,
427 4015 467 4064 cni
478 4014 596 4079 quidquid
613 4016 759 4075 adversatur,
776 4022 791 4046 ‘⁴
800 4014 982 4064 schismaticum
999 4018 1043 4070 est,
1055 4017 1079 4060 at
1092 4017 1160 4059 extra
1171 4007 1290 4058 unitatem

199 4092 318 4144 Ecclesia
330 4095 389 4146 ost.'’
424 4097 454 4146 In
465 4098 543 4147 ordin.
555 4098 705 4148 subdiaconi.

237 4178 280 4242 (³)
301 4181 376 4229 Hom.
386 4181 451 4231 xxvi.
463 4181 489 4231 in
501 4197 538 4246 ep.
552 4181 582 4231 ad
594 4181 666 4232 Rom.

238 4263 280 4327 (4)
298 4263 361 4328 Cap.
372 4264 423 4315 xiii.
435 4264 466 4315 da
477 4274 533 4316 rest.
544 4267 639 4331 spoliat.
819 4268 860 4332 (5)
879 4264 951 4314 ioan.
963 4265 1013 4314 xvi.
1026 4267 1049 4312 2.
