2766 4996
163 424 222 479 aro
296 510 298 513 ι
408 417 465 476 os:
486 330 696 479 edoctam
717 412 1009 505 claruimus.

163 585 379 657 Multiloquium
400 585 486 642 etiam
508 602 573 641 cum
596 583 729 641 ebrietate
751 598 878 659 persepe
894 582 1098 661 conjungitur:
1122 582 1252 641 “nullum

163 695 301 743 secretum
325 693 369 740 est
396 684 444 740 ubi
466 693 566 758 regnat
592 677 737 740 ebrietas.¹
784 681 884 740 llebes
913 682 1090 758 plerumque
1111 682 1144 739 fit
1161 700 1251 740 mem:

166 784 259 841 “Pras
276 779 344 841 vino
366 783 539 850 ascierunt,
555 793 584 840 et
598 801 657 858 pne
671 781 807 841 ebrietate
826 772 1040 840 erraveruut”²
1079 780 1160 839 Hinc
1181 781 1253 839 salo

165 900 233 941 mon
256 882 311 939 ait:
347 880 512 957 “Cogitavi
548 883 578 939 in
600 879 685 939 corde
710 898 776 938 meo
809 880 970 938 abstrahere
991 898 1014 943 a
1043 881 1117 939 vino
1146 897 1254 939 caruem

164 999 271 1049 meam,
285 991 317 1039 ut
330 981 457 1039 animum
472 999 569 1038 meum
590 979 770 1038 transferrem
789 977 824 1036 ad
843 980 1024 1056 sapientiam,
1045 977 1253 1052 devitaremque

166 1073 361 1139 stultitiam.”³

206 1185 257 1241 75.
279 1181 421 1246 Ebrietas,
436 1198 491 1251 qua
506 1188 525 1215 ‘⁶
533 1179 622 1236 homo
636 1178 734 1235 volens
747 1187 776 1234 et
787 1177 882 1236 scitas
895 1178 1029 1254 privatae
1042 1196 1101 1235 usu
1115 1178 1253 1244 orationis,

171 1298 227 1353 quo
240 1278 397 1336 secundum
412 1277 544 1335 virtutem
558 1288 699 1353 operatur,
714 1287 743 1333 et
755 1286 870 1353 peccata
882 1268 1043 1336 declinat”⁴
1054 1286 1104 1334 est
1115 1287 1254 1354 peccatum

166 1377 295 1436 mortale.
331 1385 350 1411 ‘⁶
362 1377 411 1432 Sic
422 1374 691 1452 peccatmortaliter,
704 1375 831 1452 periculo
841 1374 976 1452 peccandi
986 1393 1020 1432 se
1028 1365 1255 1442 committens.”⁵

167 1473 319 1532 “Certum
332 1474 465 1550 estapud
479 1473 613 1541 omnes‚”
628 1475 722 1547 inquit
742 1474 774 1532 S.
796 1473 972 1550 Alphon'sus,
989 1482 1010 1508 “
1020 1473 1101 1551 quod
1117 1474 1153 1533 ad
1165 1475 1218 1533 hoc
1229 1480 1256 1530 ut

166 1574 285 1632 ebrietas
299 1573 337 1631 sit
350 1583 495 1650 peccatum
511 1570 638 1641 mortale,
653 1575 805 1648 requiritur
823 1582 855 1631 ut
873 1574 910 1631 sit
928 1573 1065 1649 perhcta,
1080 1593 1187 1650 nempe
1198 1591 1255 1645 quie

167 1674 284 1732 omnino
297 1674 390 1751 privet
402 1693 456 1731 usu
470 1674 598 1740 rationis,
612 1686 643 1731 ut
655 1675 732 1732 enim
746 1670 830 1730 docet
842 1669 881 1730 D.
893 1672 1075 1741 Thomas,2.
1087 1679 1119 1731 2.
1134 1693 1184 1746 qu.
1196 1676 1255 1736 15⁰,

168 1784 217 1832 art.
232 1774 262 1831 ii.
278 1783 384 1832 etcum
399 1775 463 1850 ipso
477 1792 577 1831 omnes
591 1771 730 1840 doctores,
740 1773 769 1830 in
782 1769 837 1829 hoc
846 1773 975 1830 consistit
987 1771 1098 1830 malitia
1111 1772 1255 1834 ebrietatis,

168 1873 243 1947 quod
257 1873 345 1932 homo
359 1875 459 1931 volens
473 1883 501 1930 et
520 1874 614 1931 sciens
634 1873 725 1947 privat
737 1889 769 1928 se
787 1889 842 1929 usu
861 1871 988 1929 rationis.
1031 1871 1073 1929 Et
1086 1871 1164 1929 idem
1183 1871 1256 1928 docet

167 1972 206 2051 D,
221 1973 394 2039 Antoninus,
409 1991 438 2047 p.
452 1977 482 2040 2,
497 1973 538 2029 tit.
554 1973 592 2029 vi.
607 1990 633 2028 c.
648 1973 688 2029 iii.
704 1972 719 2046 §
736 1975 761 2027 1.
805 1969 890 2028 Unde
911 1989 969 2028 non
989 1980 1092 2047 peccat
1106 1969 1256 2028 mortaliter

168 2071 216 2143 qui
230 2067 268 2127 ex
282 2079 350 2145 potu
365 2071 424 2127 vini
437 2089 493 2128 non
515 2069 617 2128 amittit
635 2069 756 2129 totaliter
774 2087 860 2127 usum
878 2070 1004 2137 rationis,
1026 2071 1160 2145 quamvis
1178 2086 1254 2126 meus

167 2169 353 2246 perturbetur,
368 2169 406 2226 ita
419 2180 512 2227 tamen
525 2179 556 2228 ut
566 2168 726 2227 discernere
739 2167 831 2227 valeat
842 2169 915 2226 inter
926 2167 1034 2227 bouum
1054 2177 1084 2225 et
1100 2169 1217 2235 malum,
1230 2177 1258 2223 ut

168 2269 358 2329 communiter
370 2268 469 2327 dicunt
482 2267 572 2327 Tol.'’
588 2259 661 2326 &c.⁶

205 2374 256 2431 76.
278 2369 417 2434 Quaerunt
430 2368 555 2445 theologi
568 2379 661 2426 utrum
675 2367 758 2426 liceat
770 2366 894 2444 egrotis,
908 2364 1021 2425 medico
1037 2353 1171 2446 jubente,
1184 2366 1254 2431 rino,

109 2450 123 2475 ⁸
168 2467 213 2522 vel
227 2467 281 2524 alio
295 2477 363 2541 potu
377 2467 417 2524 uti
431 2465 466 2522 ad
485 2467 648 2524 ebrietatem
669 2484 770 2538 usque,
785 2466 820 2524 ad
840 2463 927 2524 febris
940 2465 998 2524 vim
1018 2464 1202 2533 domandam,
1215 2463 1256 2521 rel

168 2562 204 2620 ad
217 2564 292 2620 vires
315 2563 416 2619 fractas
438 2563 620 2639 reparandas,
644 2565 689 2621 rel
712 2566 780 2622 alias
803 2567 891 2623 instar
910 2563 1071 2623 medicine.
1115 2565 1258 2624 Sententia

169 2681 232 2735 quae
261 2661 393 2720 affirmat·
407 2662 503 2730 licere,
533 2662 722 2720 verosimilior
749 2663 781 2720 S.
809 2664 958 2741 hlphonso
984 2665 1045 2721 visa
1070 2674 1133 2722 est:
1164 2664 1256 2721 “satis

169 2763 333 2840 probabilis,
347 2763 406 2820 imo
424 2763 596 2840 probabilior
616 2762 687 2821 mihi
710 2761 819 2820 videtur
840 2782 907 2821 casu
921 2782 978 2836 quo
997 2762 1106 2839 potatio
1120 2765 1181 2822 sini
1194 2781 1257 2841 pre·

167 2863 267 2922 bentur
282 2863 317 2920 ad
336 2862 522 2939 expellendos
543 2864 603 2919 sive
617 2861 798 2938 corrigendos
813 2882 917 2939 pravos
930 2863 1088 2928 humores;
1107 2873 1176 2922 tunc
1186 2863 1255 2921 enim

168 2963 291 3037 privatio
311 2962 427 3018 rationis
448 2981 499 3039 per
518 2960 649 3019 accidens
670 2972 698 3017 et
712 2961 847 3020 indirecte
868 2963 971 3030 evenit,
985 2971 1015 3019 et
1034 2960 1100 3020 ideo
1113 2963 1190 3021 licite
1203 2979 1257 3038 per·

169 3059 241 3117 mitti
256 3068 368 3135 potest;
389 3059 499 3120 licitum
518 3070 563 3117 est
581 3062 664 3117 matri
684 3080 797 3118 sumere
811 3061 995 3137 pharmacum
1008 3060 1117 3119 directe
1142 3061 1255 3119 tendens

170 3159 204 3216 ad
231 3157 398 3217 servandam
428 3178 508 3217 suam
538 3159 635 3227 vitam,
664 3160 794 3231 quamvis
820 3159 957 3218 indirecte
992 3160 1106 3219 eveniat
1130 3160 1258 3241 expulsio

170 3260 265 3328 setus,
275 3260 317 3317 uti
330 3258 466 3327 diximus,
480 3257 531 3317 lib.
546 3259 588 3317 iii.
602 3278 633 3317 ιι.
646 3262 715 3327 394,
730 3266 752 3316 t.
769 3260 788 3317 i.
803 3279 831 3316 v.
851 3257 1005 3328 Quaeritur
1017 3259 1130 3337 igitur.
1172 3259 1256 3317 Secus

169 3378 236 3417 vero
256 3358 406 3417 dicendum
422 3360 446 3416 si
460 3359 566 3436 potatio
581 3357 691 3416 daretur
704 3357 807 3416 directe
822 3356 857 3416 ad
869 3358 1032 3417 ebrietatem
1047 3359 1110 3416 sive
1124 3358 1159 3441 qd
1173 3359 1257 3435 priva·

169 3459 275 3514 tionem
285 3458 402 3515 rationis
412 3457 593 3525 causandam,
603 3458 657 3515 hoc
671 3459 747 3516 enim
762 3469 838 3515 esset
850 3476 966 3535 semper
978 3458 1132 3516 intrinsece
1146 3456 1255 3515 malum.

169 3552 257 3618 Hinc,
266 3556 377 3611 utbene
388 3554 506 3612 advertit
515 3555 617 3624 Croix,
627 3555 648 3613 l.
661 3576 688 3613 v.
700 3576 730 3616 ιι.
741 3562 811 3624 331,
824 3575 891 3616 cum
904 3556 1004 3617 Tarm.
1017 3553 1256 3615 Disserebat.

168 3668 324 3721 numquam
335 3652 445 3709 licitum
458 3663 502 3709 est
524 3673 556 3710 se
569 3656 708 3713 inebriare
722 3655 757 3713 ad
770 3675 873 3714 sensus
892 3655 1060 3734 sopiendos,
1073 3674 1111 3714 ne
1124 3657 1257 3715 cruciabis

169 3745 375 3809 sentiantur.”⁷

207 3856 258 3912 77.
279 3851 367 3911 Juxta
387 3847 583 3927 theologorum
605 3852 775 3911 sententiam
800 3873 862 3927 quie
876 3857 968 3933 magis
982 3853 1128 3931 probanda
1142 3854 1256 3916 videtur,

168 3971 226 4012 non
245 3952 313 4011 licet
333 3970 364 4010 se
383 3951 522 4010 inebriare
545 3951 579 4010 ad
602 3951 744 4009 vitandam
768 3967 899 4024 mortem,
917 3973 1003 4029 quam
1029 3952 1098 4013 alter
1124 3955 1256 4012 intentat:

170 4053 268 4126 “quia
290 4052 334 4133 (ut
355 4047 491 4130 diximus)
518 4052 628 4128 privare
651 4071 683 4110 se
706 4051 810 4111 directe
830 4073 884 4112 usu
907 4053 1024 4113 rationis
1045 4064 1092 4111 cst
1109 4054 1258 4112 intrinsece

201 4218 240 4281 (l)
259 4219 332 4269 Prov.
344 4221 409 4269 xxxi.
421 4220 444 4267 4.
611 4225 649 4280 (2)
669 4219 737 4271 lsuie
749 4221 834 4271 xxviii.
847 4225 871 4271 7.
1030 4220 1070 4286 (3)
1089 4220 1161 4271 nect.
1171 4217 1228 4271 ii.³.

202 4302 243 4365 (t)
261 4301 287 4350 S.
299 4303 390 4352 'l'hom
402 4303 425 4352 2.
437 4307 461 4354 2.
472 4320 513 4368 qu.
524 4305 555 4355 cl.
566 4315 611 4357 ert.
623 4307 650 4357 ti.
1021 4307 1064 4372 (⁵)
1084 4305 1121 4355 lb·

204 4385 247 4452 (6)
266 4384 355 4436 Theol·
366 4385 429 4436 Mor.
442 4387 456 4436 l.
469 4403 490 4436 ι.
503 4405 523 4438 c.
536 4388 570 4439 iii.
582 4400 625 4440 ert.
638 4391 663 4441 ii.
675 4407 700 4441 u.
712 4392 753 4440 75.
1025 4391 1069 4457 (7)
1090 4389 1127 4440 lb.
1139 4404 1166 4440 u·
1177 4385 1217 4438 76.
