2744 4980
402 447 459 506 DE
480 447 650 514 QUINTO
670 447 924 509 PRAECEPTO.
1154 440 1209 512 lits

129 631 208 686 quam
230 613 348 682 alienae3
369 633 435 672 nam
455 615 574 691 exponit
593 632 625 671 se
642 604 767 690 p'ericulo
787 614 982 673 consentiendi
1002 619 1076 675 actui
1096 620 1214 694 peccati,

128 712 316 790 permittendo
338 731 369 770 se
392 714 525 789 opprimi,
549 721 664 788 propter
684 712 876 771 difficultatem
896 711 1095 772 voluntatis.’'¹
1146 717 1217 775 “Et

126 812 167 870 hic
179 812 255 868 bene
281 810 429 869 advertunt
448 811 531 887 Lugo
550 820 579 868 et
597 810 787 886 Roncaglia,''
808 813 846 869 ait
864 813 896 869 S.
910 813 1086 888 Alphonsus,
1108 823 1127 850 “
1139 813 1217 887 quod
1236 834 1254 877 r

126 928 177 968 non
190 910 290 967 solum
304 910 399 967 licebit
412 910 524 986 puellae,
538 909 605 967 dum
626 920 689 966 actu
709 909 845 967 violenter
864 914 986 988 tangitur
999 912 1033 968 ab
1047 913 1143 980 altero,
1163 911 1216 971 sed

125 1008 203 1065 etiam
217 1007 378 1066 immediate
391 1018 465 1085 post,
477 1027 543 1066 eum
553 1018 698 1084 percutere
708 1007 807 1083 alapis,
818 1010 933 1086 pugnis,
947 1010 1030 1077 suste,
1045 1020 1073 1067 et
1085 1012 1169 1069 etiam
1178 1013 1216 1070 io·

126 1106 193 1163 tibus
207 1126 264 1164 non
279 1101 496 1182 periculosis.”²
1166 1113 1173 1127 ³

165 1209 234 1262 113.
259 1206 356 1262 Vitam
377 1206 504 1282 proximi
523 1205 607 1262 etiarn
627 1205 694 1263 licet
718 1203 878 1274 defendere,
900 1207 1037 1283 injustum
1059 1207 1219 1267 invasorem

130 1302 293 1361 occidendo.
335 1305 532 1381 Magistratus,
559 1305 673 1371 milites,
700 1303 803 1375 aliique
826 1306 985 1383 specialiter
1007 1306 1151 1381 praepositi
1173 1305 1219 1364 vel

130 1401 261 1460 conducti
282 1402 317 1459 ad
334 1403 476 1460 civitatem
496 1400 712 1469 defendendam,
735 1411 862 1461 tenentur
882 1422 1062 1481 aggressores
1082 1404 1218 1479 repellere

133 1501 211 1558 etiam
226 1511 328 1568 morte,
343 1504 368 1560 si
383 1520 454 1576 opus
468 1502 515 1568 sit,
530 1503 668 1577 irrogata:
690 1502 759 1567 imo,
780 1503 804 1558 si
824 1503 899 1559 salus
921 1502 1096 1577 Reipublicae
1109 1503 1219 1576 pericli·

134 1608 210 1665 tetur,
222 1618 304 1657 suam
314 1600 400 1657 vitam
411 1599 515 1656 debent
524 1598 680 1656 discrimini
693 1600 825 1676 objicere,
840 1619 1018 1677 aggressores
1029 1612 1060 1656 ut
1072 1600 1217 1675 repellant.

135 1697 234 1755 Utrum
248 1697 321 1754 alius
334 1699 428 1770 quivis
443 1708 567 1755 teneatur
580 1717 617 1754 ex
637 1698 771 1756 charitate
784 1699 870 1754 vitam
888 1699 1058 1764 innocentis,
1073 1717 1219 1774 aggresso·

133 1815 187 1853 rem
202 1797 409 1865 interficiendo,
425 1797 505 1864 tueri,
520 1814 577 1854 nou
591 1817 648 1854 una
660 1804 704 1852 est
716 1796 911 1871 theologorum
924 1795 1072 1854 sententia.
1106 1796 1221 1871 Negant

132 1893 258 1962 lessius,
272 1895 363 1972 Lago,
380 1896 484 1967 aliique
505 1897 608 1966 quibus
628 1894 757 1952 assentiri
769 1893 879 1951 videtur
898 1895 930 1951 S.
945 1889 1136 1970 Alphonsus,³
1154 1913 1220 1951 eon·

133 1992 278 2050 tendentes
301 1969 461 2051 charitatem
483 2012 542 2051 non
564 1995 679 2069 exigere
701 2001 731 2048 ut
750 1993 836 2049 vitam
856 1993 1037 2068 temporalem
1060 1992 1220 2050 innocentis

137 2093 213 2148 morti
228 2102 340 2150 eetemae
360 2094 535 2170 aggressuris
555 2103 770 2168 anteponamuS,
792 2091 946 2167 praesertim
964 2109 1052 2163 quum
1065 2100 1164 2149 natura
1177 2091 1222 2148 ab·

138 2190 246 2247 horreat
259 2211 276 2247 a
289 2191 413 2250 humano
425 2192 563 2269 sanguine
578 2189 731 2257 fundendo,
746 2190 850 2262 etquis
870 2207 901 2245 se
920 2189 1085 2256 inimicitiis,
1095 2188 1222 2264 judiciis,

137 2288 251 2362 aliisque
275 2290 466 2348 incommodis
487 2290 572 2347 alium
595 2287 749 2347 occidendo
772 2305 802 2343 se
825 2288 947 2364 objiciat.
989 2287 1224 2367 Excipitltamcn

137 2387 247 2463 Sporer,
261 2390 287 2447 si
301 2390 418 2447 invasus
432 2390 470 2446 sit
482 2407 594 2465 parens,
608 2388 694 2455 filine,
708 2404 790 2453 uxor,
808 2395 855 2443 aut
867 2384 959 2453 irater,
974 2386 1040 2457 quia
1052 2395 1118 2443 tunc
1131 2386 1223 2460 pietas

138 2486 239 2563 obligat
252 2487 289 2544 ad
302 2507 352 2546 eos
367 2488 507 2546 tutandos.
550 2487 639 2544 Recte
659 2487 743 2544 etiarn
761 2485 873 2561 excipit
891 2484 1085 2551 'l'oumellius‚
1106 2485 1130 2540 si
1150 2483 1224 2541 occi·

139 2582 242 2642 dendus
267 2587 304 2643 sit
324 2587 429 2654 ebrius,
450 2586 519 2643 etin
539 2596 612 2643 statu
632 2585 741 2663 peccati
760 2583 896 2651 mortalia,
911 2583 977 2654 quia
996 2593 1039 2640 est
1051 2601 1117 2640 vere
1130 2583 1160 2640 in
1174 2601 1223 2640 ex·

138 2691 221 2740 trema
243 2687 413 2743 necessitate
436 2686 557 2742 animae:
588 2705 674 2757 quem
698 2694 792 2740 tamen
813 2683 879 2739 licet
904 2682 1069 2747 interficere,
1092 2689 1124 2738 ut
1145 2679 1223 2747 alter,

138 2798 217 2852 quem
232 2785 339 2859 injuste
353 2783 521 2861 aggreditur,
536 2794 671 2850 servetur,
686 2781 820 2839 innoxius
833 2781 908 2837 enim
918 2779 966 2855 jus
982 2779 1067 2835 habet
1079 2777 1113 2834 ad
1126 2779 1223 2835 vitam.

172 2885 240 2938 114.
263 2882 357 2940 Docet
381 2900 493 2955 quoque
514 2883 546 2938 S.
568 2882 742 2958 Alphonsus,
767 2898 831 2936 cum
852 2878 925 2943 aliie,
947 2877 1016 2933 “sas
1035 2882 1101 2933 'esse
1122 2876 1226 2952 pariter

136 2978 261 3038 occidere
288 2982 446 3039 invasorem
467 2980 619 3056 pudicitiae,
639 2979 685 3036 vel
704 2977 820 3034 honoris
842 2975 977 3052 proximi,
1000 2974 1025 3031 si
1047 2975 1155 3032 invasio
1177 2974 1226 3032 fiat

136 3075 217 3145 sacto,
233 3080 343 3136 scilicet
352 3080 548 3156 percussione,
560 3079 615 3136 dcc.
627 3096 720 3145 secus,
731 3077 757 3133 si
770 3086 876 3133 tantum
890 3093 940 3150 per
948 3069 1080 3130 verba.‘'⁴
1101 3083 1120 3108 ‘⁶
1130 3075 1226 3140 Quan-

139 3173 173 3234 do
187 3187 282 3236 autem
296 3178 403 3236 semina
422 3179 570 3244 consentit,
586 3177 631 3234 vel
651 3177 760 3241 saltem,
775 3175 800 3231 si
820 3173 938 3250 positive
958 3190 1016 3229 non
1034 3172 1147 3237 resistit,
1169 3189 1227 3228 nou

137 3273 201 3331 licet
214 3278 277 3352 ejus
291 3276 433 3353 pudicitie
446 3278 606 3334 invasorem
620 3275 787 3338 interficere,
807 3272 872 3344 quia
892 3279 956 3327 tunc
970 3288 1027 3326 non
1040 3279 1115 3325 esset
1126 3269 1185 3325 vim
1199 3267 1227 3324 vi

135 3375 281 3449 repellere.
324 3375 357 3432 Si
370 3393 437 3434 vero
457 3375 563 3432 femina
579 3375 616 3430 sit
635 3374 684 3430 tibi
704 3368 944 3445 consanguinitate
957 3364 1038 3422 valde
1058 3366 1226 3442 propinqua,

132 3469 227 3530 dicunt
254 3473 384 3540 Lessius,
406 3475 512 3550 Sporer
531 3492 560 3530 n.
583 3476 649 3539 173,
671 3480 783 3528 etcum
804 3467 866 3524 aliis
888 3465 1134 3532 salmanticenses,
1149 3462 1226 3536 quod

133 3587 245 3643 posses,
261 3573 345 3631 etiam
361 3573 477 3631 soemina
490 3571 525 3629 ad
537 3573 668 3648 copulam
683 3568 884 3633 consentiente,
902 3566 964 3641 ejus
978 3565 1136 3621 invasorem
1155 3563 1228 3621 occi·

136 3667 214 3736 dere,
229 3671 348 3729 sialiter
372 3681 448 3730 tuam
471 3670 617 3728 infamiam
637 3670 740 3727 evitare
760 3683 894 3737 nequeas.
937 3661 1009 3720 Haec
1023 3671 1116 3721 autern
1129 3662 1230 3719 intelli·

140 3768 232 3844 genda
246 3778 310 3827 ante
324 3768 439 3837 lactum,
453 3787 519 3827 nam
533 3769 595 3845 ipso
609 3769 691 3835 sacto,
705 3767 751 3824 vel
764 3773 838 3844 post,
852 3772 927 3821 certe
941 3780 999 3820 non
1011 3761 1078 3818 licet
1089 3759 1228 3826 occidere,

135 3878 167 3925 ut
188 3879 267 3943 patet
289 3888 326 3926 ex
350 3869 544 3945 propositione
566 3872 606 3925 20
628 3866 758 3924 damnata
779 3866 814 3922 ab
836 3860 997 3920 Alexandro
1017 3858 1086 3917 Vll.
1128 3857 1231 3914 “Non

133 3977 235 4042 peccat
247 3969 367 4026 maritus
387 3966 520 4026 occidens
540 3966 655 4044 propria
673 3965 834 4023 auctoritate
854 3977 971 4019 uxorem
991 3958 1022 4014 in
1034 3954 1168 4013 adulterio
1182 3954 1230 4012 ds·

132 4065 341 4142 prehensam.”
384 4066 457 4126 Haec
478 4077 571 4125 tamen
590 4064 747 4143 propositio
759 4062 891 4120 damnata
903 4056 1021 4124 videtur,
1042 4053 1109 4126 quia
1129 4053 1229 4112 marito

235 4268 276 4332 (1)
292 4268 318 4318 r.
330 4263 492 4318 arsen
678 4256 916 4325 (rammasse.

235 4353 475 4419 (austrasio.
677 4338 900 4410 (emansor.

227 4436 308 4497 Vos.
326 4438 433 4499 1.-1r
