2766 4996
167 435 226 489 :tut
349 427 405 486 DE
426 427 665 486 PARENTUM
687 426 1067 489 OBLlGATIONlBUS.

166 593 289 652 dedecus
303 591 465 667 tegendum.
508 590 593 657 Quod
612 593 637 648 si
656 591 773 652 infamia
793 591 857 650 iude
877 592 1029 652 immineat
1050 603 1071 629 “
1084 605 1177 671 potest
1196 606 1254 652 tutu

167 711 200 750 ea
212 692 247 748 de
261 710 345 747 causa
358 708 424 747 eum
437 690 571 766 hospitali
584 709 729 766 exponere
742 691 796 748 hac
809 689 972 750 conditione
986 703 1019 750 ut
1030 695 1172 769 expensis
1185 694 1254 751 satis

166 791 258 855 saciat,
273 789 297 844 si
311 799 415 864 potest,
429 798 591 862 rectamque
605 789 680 847 illius
694 789 898 847 institutionem
911 790 1013 849 curet’'
1026 784 1050 857 3¹
1072 790 1126 849 sed
1137 793 1191 850 hoc
1203 811 1257 868 per·

168 887 285 946 difficile
299 899 352 945 est.

205 991 256 1043 st.
278 988 372 1046 Mater
386 998 504 1054 tenetur,
519 988 572 1044 sub
585 986 688 1044 veniali
708 987 807 1045 saltem
826 986 920 1063 culpa,
934 988 1049 1065 prolem
1064 991 1185 1065 propriu
1196 989 1257 1046 lacte

170 1087 287 1155 nutrire,
311 1089 353 1146 sic
376 1088 452 1144 enim
475 1087 529 1144 lert
551 1088 613 1161 ipsa
634 1095 747 1142 natura:
779 1095 930 1143 excusatur
951 1096 1050 1145 tamen
1073 1106 1139 1159 quar
1159 1087 1259 1145 afflictu

168 1203 256 1258 quum
278 1188 314 1244 sit
335 1185 500 1244 valetudinis
521 1185 620 1257 nequit
641 1202 744 1241 munus
766 1183 835 1242 illud
857 1185 913 1241 nisi
933 1204 1002 1243 curn
1016 1187 1084 1243 vitre
1105 1185 1261 1243 discrimine

167 1285 264 1341 obire:
286 1285 336 1341 sed
349 1285 486 1341 nutricem
500 1285 604 1341 bonam
619 1282 704 1340 debet
716 1284 884 1355 exquirere:
905 1285 956 1341 six
975 1295 1075 1342 autem
1090 1286 1261 1342 excusationi

168 1381 297 1438 habenda
310 1392 353 1438 est
365 1380 541 1439 cousuetudo
554 1380 629 1457 apud
643 1380 776 1438 mulieres
795 1379 897 1439 divites
917 1391 946 1439 et
964 1382 1076 1441 altioris
1091 1381 1255 1442 conditionis

165 1477 286 1535 inducta.
327 1479 382 1536 Jus
396 1479 478 1536 civile
492 1480 573 1535 matri
594 1479 730 1551 relinquit
749 1498 822 1537 onus
842 1481 951 1554 prolem
965 1480 1116 1539 nutriendi
1131 1482 1168 1539 ad
1181 1484 1256 1540 trien·

169 1578 249 1635 nium
280 1576 467 1636 “remedium
494 1577 693 1635 alimentorum
719 1579 821 1654 majori
847 1579 952 1637 trimo”
979 1577 1176 1638 concedens.¹
1212 1580 1260 1638 Jus

168 1694 320 1734 commune
334 1677 420 1753 patris
434 1675 634 1752 obligationem
648 1677 757 1751 prolem
770 1677 946 1735 sustentandi
966 1680 1122 1754 agnoscit3
1145 1679 1196 1737 sed
1208 1698 1260 1752 qua

171 1777 279 1833 ratione
303 1774 446 1852 implenda
467 1775 505 1832 sit
525 1793 562 1832 cx
583 1775 694 1850 legibus
707 1774 878 1850 specialibus
900 1771 1040 1852 pendet:⁸
1060 1776 1146 1834 facile
1170 1789 1261 1836 tamen

169 1886 247 1949 pater
259 1886 389 1933 censetur
402 1892 466 1932 sess
480 1882 622 1932 contractu
636 1874 777 1949 obligasse
790 1870 826 1928 ad
838 1873 1008 1932 solvendum
1022 1892 1088 1947 quae
1103 1877 1260 1935 necessaria

173 1967 265 2029 suut.⁴

210 2073 259 2125 85.
281 2069 359 2127 Proli
373 2070 448 2128 baud
468 2071 602 2147 legitime
623 2072 782 2129 necessaria
803 2091 820 2128 a
842 2081 920 2147 patre
943 2071 1159 2148 suppeditanda
1179 2066 1261 2131 sunt⁵

170 2167 264 2244 Leges
278 2169 407 2226 statuum
421 2169 618 2228 foederatorum
632 2171 853 2245 magistratuum,
864 2171 910 2227 rel
919 2170 1063 2247 judicum,
1079 2172 1196 2230 arbitrio
1209 2171 1262 2248 pls·

170 2286 289 2340 rumque
303 2269 469 2344 permittunt
477 2267 593 2325 delinire
607 2266 675 2341 quid
688 2268 725 2323 sit
736 2267 916 2336 solvendum3
927 2286 994 2326 eum
1005 2279 1117 2343 patrem
1132 2271 1261 2328 babentes

172 2384 258 2436 quem
278 2377 366 2423 mater
384 2369 477 2442 jurata
491 2366 610 2425 affirmat
623 2366 732 2441 prolem
746 2359 907 2442 genuisse.⁶

208 2466 258 2518 86.
280 2462 416 2520 Parentes
430 2463 534 2520 debent
546 2463 620 2520 filios
633 2464 715 2519 bouis
735 2464 861 2522 imbuere
882 2465 987 2523 artibus
1008 2483 1063 2540 pro
1084 2475 1157 2524 stam
1172 2483 1223 2523 suc
1236 2475 1261 2521 et

169 2560 232 2615 vitre
246 2557 417 2624 conditione,
432 2559 503 2615 adeo
517 2568 547 2614 ut
566 2560 688 2635 graviter
708 2574 829 2635 peccent
849 2563 941 2636 quiid
962 2563 1085 2621 omniuo
1105 2565 1259 2640 negligunt

170 2657 214 2712 vel
234 2657 282 2728 qui
295 2657 454 2733 sumptibus
468 2657 609 2722 inanibus,
625 2656 669 2712 vel
683 2657 903 2734 intemperantia
921 2679 953 2718 se
967 2661 1095 2738 impares
1115 2662 1225 2720 faciunt
1236 2660 1260 2716 ei

170 2754 338 2832 praestando.
380 2756 493 2815 Debent
505 2757 589 2814 etiam
602 2773 652 2812 eos
665 2754 842 2815 documentis
861 2758 1034 2816 Christianis
1048 2760 1190 2826 imbuere,
1204 2776 1261 2816 eos·

171 2872 225 2926 que
248 2853 282 2910 ad
304 2856 435 2913 virtutum
457 2856 624 2912 exercitium
648 2855 804 2921 instituere,
827 2857 1053 2916 mansuetudinis
1078 2857 1214 2934 exemplo
1235 2864 1261 2911 et

170 2953 247 3007 omui
262 2953 372 3026 pietatis
383 2954 493 3010 officio:
525 2954 587 3010 “Et
599 2973 649 3010 vos
663 2961 756 3029 patres
770 2953 857 3011 nolite
871 2954 906 3011 ad
920 2955 1094 3014 iracundiam
1110 2971 1260 3032 prouocare

173 3047 246 3104 filios
259 3058 386 3116 vestros;
401 3050 451 3106 sed
462 3049 578 3109 educate
588 3051 651 3109 illos
661 3053 691 3109 in
701 3049 851 3127 disciplina
864 3063 892 3110 et
905 3056 1086 3130 correptione
1098 3047 1261 3113 Domini.”⁷

208 3287 249 3348 (l)
265 3285 347 3350 Mayol
361 3287 454 3352 Erpos.
468 3288 499 3336 iv.
512 3303 581 3351 praec.
593 3297 635 3338 art.
652 3292 672 3336 l.

207 3370 248 3433 (2)
264 3369 325 3420 cod.
337 3372 372 3421 tit
385 3373 449 3422 xlvii
460 3389 484 3421 n.
496 3375 519 3420 9.
533 3373 570 3421 De
583 3372 658 3436 patria
670 3380 797 3435 potestate.

208 3455 250 3518 (3)
267 3455 329 3505 Vide
340 3456 371 3504 ⁴³
386 3458 446 3507 Elia.
456 3475 476 3508 c.
488 3458 511 3505 2.
524 3457 549 3506 iu
558 3457 754 3507 adnotationibus
766 3455 852 3506 Obittii
864 3457 894 3506 ad
908 3457 1060 3507 Blaclrstonii
1074 3455 1174 3508 Ocmm.
1188 3458 1203 3506 l.
1215 3458 1230 3505 i
1241 3472 1263 3505 n.

171 3534 227 3581 tau.
262 3546 276 3567 “
285 3540 308 3583 Α
321 3550 406 3601 parent
417 3557 481 3604 may,
494 3541 570 3589 under
581 3541 777 3599 circumstances,
788 3541 817 3589 ba
828 3540 934 3590 indicted
951 3549 975 3590 at
988 3556 1105 3590 common
1118 3543 1165 3590 law
1177 3541 1213 3589 for
1224 3547 1264 3588 not

171 3619 305 3680 supplying
317 3637 349 3668 an
359 3621 438 3671 infant
449 3624 514 3673 child
528 3624 587 3672 with
599 3623 768 3674 necessarics.”

208 3701 248 3766 (t)
270 3709 283 3730 “
292 3702 388 3764 During
401 3705 442 3753 the
460 3705 573 3768 minority
586 3708 615 3754 ol
628 3724 642 3756 a
655 3709 719 3757 child
732 3744 738 3759 .
751 3743 776 3756 ..
794 3708 835 3758 tbc
852 3717 938 3772 parent
955 3708 975 3756 is
992 3708 1131 3771 absolutely
1144 3705 1226 3756 bound
1241 3713 1265 3754 to

173 3789 270 3854 provide
282 3791 422 3853 reasonably
436 3790 471 3839 l'or
482 3789 520 3839 his
532 3792 702 3842 maintsuauee
717 3796 764 3843 and
783 3796 920 3855 education,
936 3796 983 3845 and
996 3796 1027 3845 he
1040 3811 1098 3859 may
1108 3797 1139 3844 be
1157 3795 1216 3844 suad
1231 3794 1265 3842 lor

174 3877 321 3926 necessaries
332 3876 464 3937 sumished,
477 3878 524 3926 and
540 3877 667 3940 schooling
679 3879 750 3940 mrsu
769 3889 793 3930 to
813 3881 903 3930 uchild
916 3881 992 3931 under
1001 3883 1054 3947 just
1066 3881 1114 3930 and
1128 3879 1266 3930 reasonable

170 3961 381 4013 circumstancca”
406 3961 493 4013 Kent's
506 3961 603 4013 Corum.
615 3966 662 4014 vol.
674 3964 697 4014 ii
709 3981 733 4029 p.
746 3965 777 4014 iv.
790 3964 847 4014 Lec.
859 3966 928 4016 xxix.

208 4049 251 4112 (5)
272 4048 335 4113 Cap.
347 4065 369 4095 v.
380 4049 410 4098 de
422 4065 451 4098 eo
463 4049 505 4113 qui
520 4049 599 4098 duxit.

208 4132 250 4195 (s)
271 4132 333 4182 Vide
351 4132 437 4195 Digest
454 4135 481 4182 ol
496 4133 568 4181 Laws
585 4133 614 4182 ot*
627 4132 816 4196 Penusylvauin,
834 4141 877 4183 art
893 4132 1052 4184 Fossticotimr
1065 4130 1120 4181 ond
1131 4130 1266 4197 Bastardy.

172 4224 195 4263 et
211 4216 349 4274 Blaclistcn,
362 4218 377 4265 Ι.
389 4218 404 4266 i.
420 4234 444 4266 u.
455 4219 514 4266 458.

209 4301 251 4362 (7)
267 4301 332 4364 spu.
345 4301 376 4350 ri.
389 4304 412 4350 t.

142 4536 186 4597 rr·
312 4518 342 4567 θ
