2744 4980
637 1126 779 1190 CAPUT
801 1127 856 1188 lv.

504 1353 544 1393 DE
558 1354 738 1395 annuemus
752 1352 976 1394 poossumus.

233 1547 284 1601 22.
311 1539 486 1601 Probabilis
509 1541 611 1602 dicitur
629 1544 728 1620 opinio
748 1543 827 1621 gravi
845 1544 962 1611 ratione,
982 1542 1049 1602 licet
1067 1540 1144 1599 haud
1166 1542 1284 1600 omnino

195 1652 280 1707 certe,
303 1643 379 1699 nixa.
421 1640 560 1699 Tenuiter
582 1640 684 1700 dicitur
703 1639 865 1718 probabilis,
886 1641 1000 1715 quando
1020 1641 1091 1698 ratio
1111 1659 1168 1713 qua
1186 1641 1287 1698 nititur

195 1739 267 1797 levis
279 1750 333 1807 est,
347 1749 376 1795 et
388 1738 493 1796 nullius
507 1740 565 1798 sere
577 1741 726 1798 momenti.
767 1739 941 1798 intrinsecus
961 1749 1005 1796 est
1017 1739 1171 1815 probabilis
1185 1740 1287 1815 opinio

197 1855 261 1911 quae
282 1836 435 1895 rationibus
456 1835 689 1912 documentisque
709 1836 838 1895 fulcitur:
860 1839 1035 1896 extrinsecus
1056 1855 1119 1907 quaa
1140 1837 1286 1913 theologo·

196 1953 259 1994 rum
273 1934 415 2012 suffragiis
428 1934 649 1994 commendatur.
692 1934 814 1994 Constat
831 1953 890 1994 non
908 1934 1001 1994 levem
1014 1933 1167 2007 quamdam
1180 1935 1284 1992 verosi·

196 2031 386 2091 militudinem
404 2031 546 2101 sufficere,
567 2044 600 2091 ut
617 2034 682 2106 quis
703 2032 856 2110 prudenter
875 2051 959 2112 agere
978 2042 1142 2100 censeatur;
1164 2031 1286 2107 ideoque

195 2131 308 2208 peccati
328 2128 488 2207 periculum
502 2150 561 2190 non
580 2133 672 2199 vitari,
692 2134 718 2190 si
739 2132 805 2204 quis
817 2132 984 2207 opinionem
1004 2134 1082 2190 tenui
1102 2132 1220 2197 ratione,
1242 2131 1288 2189 vel

195 2229 332 2307 suffragio
344 2229 423 2304 parvi
443 2231 580 2288 momenti
600 2229 754 2298 suffultam,
775 2240 926 2303 sequatur3
946 2248 1012 2288 nam
1032 2227 1163 2288 damnata
1181 2240 1225 2286 est
1244 2247 1287 2286 se-

196 2345 288 2400 quens
310 2327 486 2404 propositio:
518 2327 715 2388 “Generatim
740 2327 808 2387 dum
833 2327 1028 2405 probabilitate
1050 2329 1112 2386 sive
1134 2329 1289 2386 intrinseca

196 2426 258 2482 sive
277 2426 445 2492 extrinseca,
460 2427 641 2498 quanmmvis
655 2428 743 2494 tenui,
757 2424 843 2485 modo
856 2446 874 2485 a
890 2425 1093 2503 probabilitatis
1106 2426 1210 2485 finibus
1230 2443 1289 2484 non

198 2531 324 2588 exeatur,
338 2522 441 2580 confisi
454 2522 562 2596 aliquid
574 2524 695 2599 agitare,
708 2541 823 2600 semper
835 2523 988 2600 prudenter
999 2523 1143 2600 agimus.”

236 2624 287 2677 23.
307 2619 342 2678 In
354 2620 522 2696 opinionum
535 2621 669 2681 conflictu
682 2620 854 2699 probabilior
866 2633 910 2680 est
922 2622 1102 2687 intrinsecus,
1117 2640 1180 2694 quae
1194 2622 1288 2698 gravi·

197 2720 242 2778 ori
254 2717 394 2777 rationum
407 2719 531 2794 pondere
545 2718 677 2786 fulcitum
697 2721 876 2779 extrinsecus
896 2737 960 2793 que
980 2719 1177 2795 theologomm
1191 2721 1288 2796 magni

199 2817 324 2877 nominis
340 2815 483 2894 suffragiis
502 2817 630 2896 pluribus
649 2819 856 2896 comprobatur.
898 2817 1130 2877 Probabilissima
1149 2818 1289 2875 sententia

113 2970 120 2981 .
198 2925 251 2980 cst,
266 2933 329 2988 quae
343 2915 519 2990 gravissimis
539 2919 722 2992 argumentis,
735 2915 781 2975 vel
800 2917 962 2974 auctoritate
975 2915 1091 2991 insigni,
1105 2924 1287 2973 sustentatur.

199 3011 358 3070 Probabilis
371 3022 465 3072 autem
478 3013 644 3089 simpliciter
665 3013 768 3073 dicitur
787 3016 935 3081 sententia,
949 3015 995 3072 cui
1016 3014 1087 3072 ratio
1100 3013 1146 3070 vel
1167 3015 1290 3071 auctori·

198 3119 240 3166 tas
253 3127 311 3168 non
324 3108 465 3184 objicitur,
480 3112 609 3183 quamvis
622 3115 685 3188 ipsa
699 3131 758 3171 nou
778 3113 815 3168 sit
834 3114 952 3173 omnino
971 3110 1088 3185 liquida.
1130 3110 1203 3169 Duae
1225 3129 1290 3168 sen·

199 3209 293 3266 tentiae
307 3223 369 3279 quae
384 3210 497 3284 paribus
514 3212 667 3269 momentis
686 3212 829 3270 rationum
847 3220 876 3268 et
894 3209 1038 3288 suffragiis
1058 3210 1193 3277 nituntur,
1207 3227 1291 3282 aqua

200 3304 358 3382 probabiles
377 3317 544 3366 censentur:
565 3309 591 3366 si
610 3307 722 3385 pondus
742 3310 780 3367 sit
799 3307 943 3368 diversum
963 3326 1001 3366 ex
1021 3306 1106 3364 altera
1124 3316 1214 3383 parte,
1236 3307 1291 3365 alia

199 3403 379 3481 probabilior,
393 3405 448 3463 alia
460 3407 555 3465 minus
568 3407 723 3483 probabilis
735 3417 859 3468 vocatur.
901 3406 1100 3483 Improbabilis
1120 3414 1163 3462 est
1176 3416 1289 3465 senten·

200 3503 238 3561 tia
250 3502 329 3560 omui
342 3505 439 3579 specie
452 3507 512 3563 veri
526 3502 667 3564 destituta.

238 3604 288 3658 24.
310 3600 408 3666 Quum
426 3603 504 3661 varia
523 3604 582 3660 sint
600 3604 752 3663 hominum
769 3602 880 3681 judicia
898 3601 1028 3676 quedam
1048 3605 1187 3661 sententia
1205 3603 1290 3661 unice

169 3752 186 3777 ’,ἑ
200 3699 363 3776 probabilis,
377 3700 424 3758 vel
435 3699 663 3777 probabilissima
674 3701 758 3760 alicui
775 3700 895 3769 videtur,
908 3719 971 3773 quae
992 3701 1070 3759 alteri
1083 3702 1178 3760 minus
1191 3701 1292 3777 proba·

199 3798 266 3856 bilis
278 3796 435 3858 habebimr.
477 3800 527 3857 Sic
536 3818 599 3873 quae
612 3800 659 3858 alii
677 3798 859 3876 probabilior,
878 3799 927 3858 elii
945 3800 1041 3858 minus
1061 3799 1214 3876 probabilis
1228 3800 1290 3857 erit.

201 3894 316 3954 Fideles
329 3896 458 3973 plerique
472 3897 507 3955 de
520 3901 722 3958 sententiarum
734 3895 860 3976 pondere
868 3897 996 3975 judicare
1007 3906 1170 3970 nequeunt3
1191 3897 1243 3954 sed
1255 3914 1294 3954 ex
1350 3936 1355 3943 -

199 4011 250 4053 ore
263 3993 389 4071 pendent
400 4007 555 4073 pastorum,
568 4007 597 4056 et
609 3997 859 4064 confessariorum,
879 3997 930 4069 qui
950 3995 1118 4063 doctrinam,
1134 3995 1291 4072 judicium,

201 4103 231 4151 et
242 4093 377 4169 pietatem
389 4093 598 4174 theologorum,
618 4114 742 4170 quorum
757 4095 910 4155 centenius
929 4096 1022 4155 varias
1041 4092 1231 4172 perpendunt,
1253 4103 1293 4151 at·

201 4188 316 4249 tendere
329 4189 442 4261 debent,
455 4205 488 4254 ut
499 4193 535 4253 de
548 4195 649 4254 harum
661 4196 763 4274 majori
775 4192 1031 4256 verosimilitudine
1040 4191 1181 4269 judicent.

241 4292 291 4348 25.
313 4288 474 4352 Sententiae
486 4294 647 4372 probabiles
660 4295 764 4370 quibus
777 4293 873 4354 nullus
890 4291 1052 4353 adversabar
1064 4290 1185 4368 alicujus
1198 4291 1291 4350 nomi-

525 4582 553 4629 ff:
