<?xml version="1.0" encoding="UTF-8"?>
<!DOCTYPE html PUBLIC "-//W3C//DTD XHTML 1.0 Transitional//EN"
    "http://www.w3.org/TR/xhtml1/DTD/xhtml1-transitional.dtd">
<html xmlns="http://www.w3.org/1999/xhtml" xml:lang="en" lang="en">
 <head>
  <title>
</title>
<meta http-equiv="Content-Type" content="text/html;charset=utf-8" />
  <meta name='ocr-system' content='tesseract 3.04.00' />
  <meta name='ocr-capabilities' content='ocr_page ocr_carea ocr_par ocr_line ocrx_word'/>
</head>
<body>
  <div class='ocr_page' id='page_1' title='image "./theologiaemoral00kenrgoog_0408.png"; bbox 0 0 2766 4996; ppageno 0'>
   <div class='ocr_carea' id='block_1_1' title="bbox 316 411 1231 479">
    <p class='ocr_par' dir='ltr' id='par_1_1' title="bbox 316 411 1231 479">
     <span class='ocr_line' id='line_1_1' title="bbox 316 411 1231 479; baseline 0.012 -11"><span class='ocrx_word' id='word_1_1' title='bbox 316 411 373 469; x_wconf 87' lang='lat' dir='ltr'>DE</span> <span class='ocrx_word' id='word_1_2' title='bbox 394 411 660 472; x_wconf 82' lang='lat' dir='ltr'>FORENSIBUS</span> <span class='ocrx_word' id='word_1_3' title='bbox 682 412 1053 477; x_wconf 79' lang='lat' dir='ltr'><strong>OBLIGATIONIBUS.</strong></span> <span class='ocrx_word' id='word_1_4' title='bbox 1173 425 1231 479; x_wconf 77' lang='lat'>³87</span> 
     </span>
    </p>
   </div>
   <div class='ocr_carea' id='block_1_2' title="bbox 135 576 1233 770">
    <p class='ocr_par' dir='ltr' id='par_1_2' title="bbox 135 576 1233 770">
     <span class='ocr_line' id='line_1_2' title="bbox 135 576 1231 660; baseline 0.009 -27"><span class='ocrx_word' id='word_1_5' title='bbox 135 579 248 642; x_wconf 87' lang='lat' dir='ltr'>retinet,</span> <span class='ocrx_word' id='word_1_6' title='bbox 262 583 295 632; x_wconf 88' lang='lat' dir='ltr'>ut</span> <span class='ocrx_word' id='word_1_7' title='bbox 306 576 375 633; x_wconf 88' lang='lat' dir='ltr'>alter</span> <span class='ocrx_word' id='word_1_8' title='bbox 387 576 468 634; x_wconf 86' lang='lat' dir='ltr'>cadat</span> <span class='ocrx_word' id='word_1_9' title='bbox 479 597 574 643; x_wconf 85' lang='lat' dir='ltr'>causa,</span> <span class='ocrx_word' id='word_1_10' title='bbox 589 579 721 655; x_wconf 89' lang='lat' dir='ltr'>injuriam</span> <span class='ocrx_word' id='word_1_11' title='bbox 735 582 819 637; x_wconf 88' lang='lat' dir='ltr'>etiam</span> <span class='ocrx_word' id='word_1_12' title='bbox 839 581 917 648; x_wconf 82' lang='lat' dir='ltr'>lacit,</span> <span class='ocrx_word' id='word_1_13' title='bbox 932 593 961 639; x_wconf 87' lang='lat' dir='ltr'>et</span> <span class='ocrx_word' id='word_1_14' title='bbox 979 583 1082 642; x_wconf 90' lang='lat' dir='ltr'>damna</span> <span class='ocrx_word' id='word_1_15' title='bbox 1101 603 1231 660; x_wconf 89' lang='lat' dir='ltr'>reparare</span> 
     </span>
     <span class='ocr_line' id='line_1_3' title="bbox 136 672 1233 770; baseline 0.008 -41"><span class='ocrx_word' id='word_1_16' title='bbox 136 672 231 732; x_wconf 87' lang='lat' dir='ltr'>debet.</span> <span class='ocrx_word' id='word_1_17' title='bbox 275 674 355 732; x_wconf 90' lang='lat' dir='ltr'>Hinc</span> <span class='ocrx_word' id='word_1_18' title='bbox 362 674 451 749; x_wconf 89' lang='lat' dir='ltr'>jussit</span> <span class='ocrx_word' id='word_1_19' title='bbox 462 675 625 734; x_wconf 82' lang='lat' dir='ltr'>Alexander</span> <span class='ocrx_word' id='word_1_20' title='bbox 638 677 694 735; x_wconf 91' lang='lat'><em>111.</em></span> <span class='ocrx_word' id='word_1_21' title='bbox 708 689 740 734; x_wconf 91' lang='lat' dir='ltr'>ut</span> <span class='ocrx_word' id='word_1_22' title='bbox 752 697 838 736; x_wconf 87' lang='lat' dir='ltr'>causa</span> <span class='ocrx_word' id='word_1_23' title='bbox 851 680 964 738; x_wconf 90' lang='lat' dir='ltr'>caderet</span> <span class='ocrx_word' id='word_1_24' title='bbox 976 684 1025 754; x_wconf 90' lang='lat' dir='ltr'>qui</span> <span class='ocrx_word' id='word_1_25' title='bbox 1039 684 1075 739; x_wconf 89' lang='lat' dir='ltr'>ita</span> <span class='ocrx_word' id='word_1_26' title='bbox 1088 681 1171 759; x_wconf 66' lang='grc' dir='ltr'>ιιςίι.ι</span> <span class='ocrx_word' id='word_1_27' title='bbox 1229 764 1233 770; x_wconf 12' lang='grc' dir='ltr'>ἱ</span> 
     </span>
    </p>
   </div>
   <div class='ocr_carea' id='block_1_3' title="bbox 547 873 790 946">
    <p class='ocr_par' dir='ltr' id='par_1_3' title="bbox 547 873 790 946">
     <span class='ocr_line' id='line_1_4' title="bbox 547 873 790 946; baseline 0 -16"><span class='ocrx_word' id='word_1_28' title='bbox 547 873 630 946; x_wconf 73' lang='lat' dir='ltr'>§tu</span> <span class='ocrx_word' id='word_1_29' title='bbox 651 873 699 932; x_wconf 82' lang='lat' dir='ltr'>Dn</span> <span class='ocrx_word' id='word_1_30' title='bbox 720 892 790 931; x_wconf 77' lang='lat' dir='ltr'>uuo.</span> 
     </span>
    </p>
   </div>
   <div class='ocr_carea' id='block_1_4' title="bbox 134 1041 1232 2878">
    <p class='ocr_par' dir='ltr' id='par_1_4' title="bbox 134 1041 1230 1999">
     <span class='ocr_line' id='line_1_5' title="bbox 181 1041 1229 1120; baseline 0.011 -23"><span class='ocrx_word' id='word_1_31' title='bbox 181 1044 248 1098; x_wconf 81' lang='grc'><strong>126.</strong></span> <span class='ocrx_word' id='word_1_32' title='bbox 270 1041 349 1099; x_wconf 88' lang='lat' dir='ltr'>Reus</span> <span class='ocrx_word' id='word_1_33' title='bbox 370 1061 386 1097; x_wconf 91' lang='lat' dir='ltr'>a</span> <span class='ocrx_word' id='word_1_34' title='bbox 403 1042 500 1118; x_wconf 86' lang='lat' dir='ltr'>judice</span> <span class='ocrx_word' id='word_1_35' title='bbox 514 1043 700 1120; x_wconf 83' lang='lat' dir='ltr'>interrogatus</span> <span class='ocrx_word' id='word_1_36' title='bbox 720 1044 897 1120; x_wconf 88' lang='lat' dir='ltr'>respondens</span> <span class='ocrx_word' id='word_1_37' title='bbox 918 1064 949 1103; x_wconf 91' lang='lat' dir='ltr'>se</span> <span class='ocrx_word' id='word_1_38' title='bbox 970 1066 1051 1107; x_wconf 87' lang='lat' dir='ltr'>reum</span> <span class='ocrx_word' id='word_1_39' title='bbox 1065 1068 1124 1108; x_wconf 92' lang='lat' dir='ltr'>non</span> <span class='ocrx_word' id='word_1_40' title='bbox 1137 1048 1229 1117; x_wconf 81' lang='lat' dir='ltr'>ease‚²</span> 
     </span>
     <span class='ocr_line' id='line_1_6' title="bbox 137 1138 1230 1216; baseline 0.011 -22"><span class='ocrx_word' id='word_1_41' title='bbox 137 1156 197 1195; x_wconf 91' lang='lat' dir='ltr'>nou</span> <span class='ocrx_word' id='word_1_42' title='bbox 210 1138 274 1196; x_wconf 93' lang='lat' dir='ltr'>ideo</span> <span class='ocrx_word' id='word_1_43' title='bbox 288 1140 401 1197; x_wconf 89' lang='lat' dir='ltr'>mentiri</span> <span class='ocrx_word' id='word_1_44' title='bbox 415 1140 574 1199; x_wconf 87' lang='lat' dir='ltr'>censendus</span> <span class='ocrx_word' id='word_1_45' title='bbox 588 1155 641 1211; x_wconf 88' lang='lat' dir='ltr'>est,</span> <span class='ocrx_word' id='word_1_46' title='bbox 656 1146 723 1216; x_wconf 91' lang='lat' dir='ltr'>quia</span> <span class='ocrx_word' id='word_1_47' title='bbox 736 1161 773 1200; x_wconf 81' lang='lat' dir='ltr'>ex</span> <span class='ocrx_word' id='word_1_48' title='bbox 786 1144 913 1202; x_wconf 91' lang='lat' dir='ltr'>omnium</span> <span class='ocrx_word' id='word_1_49' title='bbox 927 1162 1070 1204; x_wconf 76' lang='lat' dir='ltr'>consensu</span> <span class='ocrx_word' id='word_1_50' title='bbox 1084 1148 1169 1204; x_wconf 88' lang='lat' dir='ltr'>verba</span> <span class='ocrx_word' id='word_1_51' title='bbox 1181 1150 1230 1206; x_wconf 91' lang='lat' dir='ltr'>illa</span> 
     </span>
     <span class='ocr_line' id='line_1_7' title="bbox 137 1236 1230 1321; baseline 0.01 -29"><span class='ocrx_word' id='word_1_52' title='bbox 137 1236 302 1312; x_wconf 84' lang='lat' dir='ltr'>significant</span> <span class='ocrx_word' id='word_1_53' title='bbox 314 1257 345 1294; x_wconf 88' lang='lat' dir='ltr'>ee</span> <span class='ocrx_word' id='word_1_54' title='bbox 359 1239 433 1297; x_wconf 90' lang='lat' dir='ltr'>nolle</span> <span class='ocrx_word' id='word_1_55' title='bbox 447 1241 555 1298; x_wconf 85' lang='lat' dir='ltr'><strong>crimen</strong></span> <span class='ocrx_word' id='word_1_56' title='bbox 575 1241 665 1310; x_wconf 82' lang='lat' dir='ltr'>lateri,</span> <span class='ocrx_word' id='word_1_57' title='bbox 681 1243 726 1299; x_wconf 90' lang='lat' dir='ltr'>vel</span> <span class='ocrx_word' id='word_1_58' title='bbox 739 1243 802 1317; x_wconf 84' lang='lat' dir='ltr'>ejus</span> <span class='ocrx_word' id='word_1_59' title='bbox 821 1243 900 1299; x_wconf 91' lang='lat' dir='ltr'>luere</span> <span class='ocrx_word' id='word_1_60' title='bbox 914 1261 1024 1317; x_wconf 85' lang='lat' dir='ltr'>poenas,</span> <span class='ocrx_word' id='word_1_61' title='bbox 1038 1245 1094 1302; x_wconf 86' lang='lat' dir='ltr'>nisi</span> <span class='ocrx_word' id='word_1_62' title='bbox 1109 1246 1138 1303; x_wconf 92' lang='lat' dir='ltr'>in</span> <span class='ocrx_word' id='word_1_63' title='bbox 1153 1246 1230 1321; x_wconf 89' lang='lat' dir='ltr'>judi·</span> 
     </span>
     <span class='ocr_line' id='line_1_8' title="bbox 137 1331 1228 1416; baseline 0.01 -26"><span class='ocrx_word' id='word_1_64' title='bbox 137 1335 184 1391; x_wconf 92' lang='lat' dir='ltr'>cio</span> <span class='ocrx_word' id='word_1_65' title='bbox 198 1331 354 1411; x_wconf 81' lang='lat' dir='ltr'>probetur.³</span> <span class='ocrx_word' id='word_1_66' title='bbox 373 1336 443 1396; x_wconf 84' lang='lat' dir='ltr'>Ideo</span> <span class='ocrx_word' id='word_1_67' title='bbox 453 1341 601 1397; x_wconf 87' lang='lat' dir='ltr'>consuevit</span> <span class='ocrx_word' id='word_1_68' title='bbox 609 1341 701 1416; x_wconf 84' lang='lat' dir='ltr'>judex</span> <span class='ocrx_word' id='word_1_69' title='bbox 713 1357 793 1398; x_wconf 88' lang='lat' dir='ltr'>reum</span> <span class='ocrx_word' id='word_1_70' title='bbox 807 1339 943 1398; x_wconf 88' lang='lat' dir='ltr'>delictum</span> <span class='ocrx_word' id='word_1_71' title='bbox 953 1341 1086 1400; x_wconf 86' lang='lat' dir='ltr'>fatentem</span> <span class='ocrx_word' id='word_1_72' title='bbox 1101 1361 1228 1410; x_wconf 88' lang='lat' dir='ltr'>monere,</span> 
     </span>
     <span class='ocr_line' id='line_1_9' title="bbox 137 1430 1229 1516; baseline 0.011 -28"><span class='ocrx_word' id='word_1_73' title='bbox 137 1444 171 1489; x_wconf 91' lang='lat' dir='ltr'>ut</span> <span class='ocrx_word' id='word_1_74' title='bbox 195 1432 319 1510; x_wconf 88' lang='lat' dir='ltr'>appellet</span> <span class='ocrx_word' id='word_1_75' title='bbox 345 1438 473 1509; x_wconf 89' lang='lat' dir='ltr'>patriam,</span> <span class='ocrx_word' id='word_1_76' title='bbox 507 1439 615 1496; x_wconf 84' lang='lat' dir='ltr'>crimen</span> <span class='ocrx_word' id='word_1_77' title='bbox 650 1430 843 1516; x_wconf 65' lang='grc' dir='ltr'>ιιοιιοςιιιιιιο.4</span> <span class='ocrx_word' id='word_1_78' title='bbox 883 1439 954 1496; x_wconf 86' lang='lat' dir='ltr'>Jure</span> <span class='ocrx_word' id='word_1_79' title='bbox 978 1449 1070 1498; x_wconf 84' lang='lat' dir='ltr'>autem</span> <span class='ocrx_word' id='word_1_80' title='bbox 1097 1440 1229 1499; x_wconf 89' lang='lat' dir='ltr'>Romano</span> 
     </span>
     <span class='ocr_line' id='line_1_10' title="bbox 138 1531 1226 1615; baseline 0.009 -28"><span class='ocrx_word' id='word_1_81' title='bbox 138 1531 359 1608; x_wconf 84' lang='lat' dir='ltr'>interrogabatur</span> <span class='ocrx_word' id='word_1_82' title='bbox 371 1553 436 1592; x_wconf 89' lang='lat' dir='ltr'>reus</span> <span class='ocrx_word' id='word_1_83' title='bbox 450 1547 515 1610; x_wconf 85' lang='lat' dir='ltr'>post</span> <span class='ocrx_word' id='word_1_84' title='bbox 527 1536 631 1593; x_wconf 91' lang='lat' dir='ltr'>indicia</span> <span class='ocrx_word' id='word_1_85' title='bbox 650 1538 775 1594; x_wconf 88' lang='lat' dir='ltr'>criminis</span> <span class='ocrx_word' id='word_1_86' title='bbox 796 1535 868 1605; x_wconf 84' lang='lat' dir='ltr'>data,</span> <span class='ocrx_word' id='word_1_87' title='bbox 882 1556 946 1609; x_wconf 79' lang='lat' dir='ltr'>qua</span> <span class='ocrx_word' id='word_1_88' title='bbox 959 1539 1149 1615; x_wconf 79' lang='lat' dir='ltr'>semiplenam</span> <span class='ocrx_word' id='word_1_89' title='bbox 1162 1557 1226 1615; x_wconf 93' lang='lat' dir='ltr'>pro·</span> 
     </span>
     <span class='ocr_line' id='line_1_11' title="bbox 138 1629 1227 1707; baseline 0.006 -21"><span class='ocrx_word' id='word_1_90' title='bbox 138 1629 280 1688; x_wconf 89' lang='lat' dir='ltr'>bationem</span> <span class='ocrx_word' id='word_1_91' title='bbox 294 1633 510 1698; x_wconf 81' lang='lat' dir='ltr'>constituebant,</span> <span class='ocrx_word' id='word_1_92' title='bbox 524 1643 552 1690; x_wconf 90' lang='lat' dir='ltr'>et</span> <span class='ocrx_word' id='word_1_93' title='bbox 569 1636 713 1691; x_wconf 89' lang='lat' dir='ltr'>tenebatur</span> <span class='ocrx_word' id='word_1_94' title='bbox 730 1632 914 1707; x_wconf 88' lang='lat' dir='ltr'>respondere,</span> <span class='ocrx_word' id='word_1_95' title='bbox 935 1634 1043 1691; x_wconf 83' lang='lat' dir='ltr'>crimen</span> <span class='ocrx_word' id='word_1_96' title='bbox 1056 1635 1227 1700; x_wconf 84' lang='lat' dir='ltr'>confitendo,</span> 
     </span>
     <span class='ocr_line' id='line_1_12' title="bbox 137 1725 1226 1807; baseline 0.006 -24"><span class='ocrx_word' id='word_1_97' title='bbox 137 1728 178 1783; x_wconf 90' lang='lat' dir='ltr'>uti</span> <span class='ocrx_word' id='word_1_98' title='bbox 192 1728 286 1802; x_wconf 90' lang='lat' dir='ltr'>plures</span> <span class='ocrx_word' id='word_1_99' title='bbox 300 1729 427 1807; x_wconf 76' lang='lat' dir='ltr'>theologi</span> <span class='ocrx_word' id='word_1_100' title='bbox 440 1742 505 1806; x_wconf 90' lang='lat' dir='ltr'>post</span> <span class='ocrx_word' id='word_1_101' title='bbox 519 1730 557 1786; x_wconf 89' lang='lat' dir='ltr'>D.</span> <span class='ocrx_word' id='word_1_102' title='bbox 571 1732 717 1789; x_wconf 90' lang='lat' dir='ltr'>Thomam</span> <span class='ocrx_word' id='word_1_103' title='bbox 737 1741 907 1788; x_wconf 88' lang='lat' dir='ltr'>censuerunt</span> <span class='ocrx_word' id='word_1_104' title='bbox 917 1725 941 1786; x_wconf 76' lang='lat'>:⁵</span> <span class='ocrx_word' id='word_1_105' title='bbox 961 1729 1012 1786; x_wconf 84' lang='lat' dir='ltr'>sed</span> <span class='ocrx_word' id='word_1_106' title='bbox 1025 1749 1113 1802; x_wconf 92' lang='lat' dir='ltr'>quum</span> <span class='ocrx_word' id='word_1_107' title='bbox 1129 1742 1226 1789; x_wconf 89' lang='lat' dir='ltr'>nostra</span> 
     </span>
     <span class='ocr_line' id='line_1_13' title="bbox 134 1825 1228 1904; baseline 0.003 -23"><span class='ocrx_word' id='word_1_108' title='bbox 134 1825 311 1900; x_wconf 85' lang='lat' dir='ltr'>judiciorum</span> <span class='ocrx_word' id='word_1_109' title='bbox 324 1827 416 1887; x_wconf 81' lang='lat' dir='ltr'>forma</span> <span class='ocrx_word' id='word_1_110' title='bbox 428 1830 464 1886; x_wconf 91' lang='lat' dir='ltr'>sit</span> <span class='ocrx_word' id='word_1_111' title='bbox 477 1828 598 1896; x_wconf 84' lang='lat' dir='ltr'>diversa,</span> <span class='ocrx_word' id='word_1_112' title='bbox 612 1847 729 1886; x_wconf 83' lang='lat' dir='ltr'>necesse</span> <span class='ocrx_word' id='word_1_113' title='bbox 742 1847 802 1886; x_wconf 91' lang='lat' dir='ltr'>non</span> <span class='ocrx_word' id='word_1_114' title='bbox 814 1838 947 1904; x_wconf 84' lang='lat' dir='ltr'>putamus</span> <span class='ocrx_word' id='word_1_115' title='bbox 961 1829 991 1886; x_wconf 91' lang='lat' dir='ltr'>in</span> <span class='ocrx_word' id='word_1_116' title='bbox 1004 1846 1039 1886; x_wconf 82' lang='lat' dir='ltr'>aa</span> <span class='ocrx_word' id='word_1_117' title='bbox 1051 1828 1228 1886; x_wconf 89' lang='lat' dir='ltr'>discutienda</span> 
     </span>
     <span class='ocr_line' id='line_1_14' title="bbox 140 1924 444 1999; baseline 0.02 -21"><span class='ocrx_word' id='word_1_118' title='bbox 140 1924 275 1999; x_wconf 92' lang='lat' dir='ltr'>opinione</span> <span class='ocrx_word' id='word_1_119' title='bbox 289 1926 444 1985; x_wconf 89' lang='lat' dir='ltr'>immorari.</span> 
     </span>
    </p>

    <p class='ocr_par' dir='ltr' id='par_1_5' title="bbox 138 2024 1230 2588">
     <span class='ocr_line' id='line_1_15' title="bbox 181 2024 1227 2102; baseline 0.004 -24"><span class='ocrx_word' id='word_1_120' title='bbox 181 2026 249 2082; x_wconf 78' lang='lat'><strong>127.</strong></span> <span class='ocrx_word' id='word_1_121' title='bbox 272 2024 316 2080; x_wconf 91' lang='lat' dir='ltr'>De</span> <span class='ocrx_word' id='word_1_122' title='bbox 336 2026 423 2082; x_wconf 86' lang='lat' dir='ltr'>sociis</span> <span class='ocrx_word' id='word_1_123' title='bbox 446 2025 573 2084; x_wconf 90' lang='lat' dir='ltr'>criminis</span> <span class='ocrx_word' id='word_1_124' title='bbox 596 2026 703 2083; x_wconf 86' lang='lat' dir='ltr'>solebat</span> <span class='ocrx_word' id='word_1_125' title='bbox 724 2026 793 2084; x_wconf 89' lang='lat' dir='ltr'>olim</span> <span class='ocrx_word' id='word_1_126' title='bbox 807 2026 972 2101; x_wconf 84' lang='lat' dir='ltr'>interrogari</span> <span class='ocrx_word' id='word_1_127' title='bbox 995 2024 1128 2102; x_wconf 89' lang='lat' dir='ltr'>ajudice</span> <span class='ocrx_word' id='word_1_128' title='bbox 1150 2043 1227 2092; x_wconf 88' lang='lat' dir='ltr'>reus,</span> 
     </span>
     <span class='ocr_line' id='line_1_16' title="bbox 138 2121 1230 2199; baseline 0.004 -23"><span class='ocrx_word' id='word_1_129' title='bbox 138 2138 211 2190; x_wconf 88' lang='lat' dir='ltr'>quos</span> <span class='ocrx_word' id='word_1_130' title='bbox 225 2121 345 2196; x_wconf 87' lang='lat' dir='ltr'>prodere</span> <span class='ocrx_word' id='word_1_131' title='bbox 360 2125 512 2190; x_wconf 88' lang='lat' dir='ltr'>tenebatur,</span> <span class='ocrx_word' id='word_1_132' title='bbox 527 2125 637 2197; x_wconf 88' lang='lat' dir='ltr'>quoties</span> <span class='ocrx_word' id='word_1_133' title='bbox 659 2125 756 2198; x_wconf 84' lang='lat' dir='ltr'>gravia</span> <span class='ocrx_word' id='word_1_134' title='bbox 769 2125 831 2199; x_wconf 86' lang='lat' dir='ltr'>jam</span> <span class='ocrx_word' id='word_1_135' title='bbox 851 2134 948 2182; x_wconf 79' lang='lat' dir='ltr'>conua</span> <span class='ocrx_word' id='word_1_136' title='bbox 968 2141 1018 2182; x_wconf 88' lang='lat' dir='ltr'>eos</span> <span class='ocrx_word' id='word_1_137' title='bbox 1039 2124 1230 2199; x_wconf 82' lang='lat' dir='ltr'>suppetebant</span> 
     </span>
     <span class='ocr_line' id='line_1_17' title="bbox 138 2216 1229 2296; baseline 0.004 -23"><span class='ocrx_word' id='word_1_138' title='bbox 138 2216 252 2285; x_wconf 90' lang='lat' dir='ltr'>indicia,</span> <span class='ocrx_word' id='word_1_139' title='bbox 267 2229 295 2274; x_wconf 91' lang='lat' dir='ltr'>et</span> <span class='ocrx_word' id='word_1_140' title='bbox 313 2221 473 2278; x_wconf 90' lang='lat' dir='ltr'>communis</span> <span class='ocrx_word' id='word_1_141' title='bbox 494 2223 619 2279; x_wconf 77' lang='lat' dir='ltr'>utilitatis</span> <span class='ocrx_word' id='word_1_142' title='bbox 639 2222 771 2278; x_wconf 88' lang='lat' dir='ltr'>intererat</span> <span class='ocrx_word' id='word_1_143' title='bbox 782 2231 814 2276; x_wconf 89' lang='lat' dir='ltr'>ut</span> <span class='ocrx_word' id='word_1_144' title='bbox 832 2221 1046 2296; x_wconf 83' lang='lat' dir='ltr'>detegerentur:</span> <span class='ocrx_word' id='word_1_145' title='bbox 1068 2238 1151 2278; x_wconf 88' lang='lat' dir='ltr'>secus</span> <span class='ocrx_word' id='word_1_146' title='bbox 1172 2238 1229 2277; x_wconf 94' lang='lat' dir='ltr'>non</span> 
     </span>
     <span class='ocr_line' id='line_1_18' title="bbox 139 2309 1229 2393; baseline 0.002 -22"><span class='ocrx_word' id='word_1_147' title='bbox 139 2309 202 2371; x_wconf 69' lang='grc' dir='ltr'>ἰιιι.0</span> <span class='ocrx_word' id='word_1_148' title='bbox 222 2315 348 2390; x_wconf 75' lang='lat' dir='ltr'>Legibus</span> <span class='ocrx_word' id='word_1_149' title='bbox 362 2326 456 2374; x_wconf 89' lang='lat' dir='ltr'>tamen</span> <span class='ocrx_word' id='word_1_150' title='bbox 466 2318 596 2393; x_wconf 79' lang='lat' dir='ltr'>Anglicis</span> <span class='ocrx_word' id='word_1_151' title='bbox 609 2321 693 2376; x_wconf 89' lang='lat' dir='ltr'>venia</span> <span class='ocrx_word' id='word_1_152' title='bbox 706 2319 786 2377; x_wconf 88' lang='lat' dir='ltr'>datur</span> <span class='ocrx_word' id='word_1_153' title='bbox 795 2320 852 2375; x_wconf 90' lang='lat' dir='ltr'>reis</span> <span class='ocrx_word' id='word_1_154' title='bbox 865 2316 1053 2389; x_wconf 89' lang='lat' dir='ltr'>quorumdam</span> <span class='ocrx_word' id='word_1_155' title='bbox 1067 2316 1229 2382; x_wconf 83' lang='lat' dir='ltr'>criminum,</span> 
     </span>
     <span class='ocr_line' id='line_1_19' title="bbox 138 2409 1229 2492; baseline 0.003 -25"><span class='ocrx_word' id='word_1_156' title='bbox 138 2413 163 2467; x_wconf 88' lang='lat' dir='ltr'>si</span> <span class='ocrx_word' id='word_1_157' title='bbox 177 2412 248 2468; x_wconf 86' lang='lat' dir='ltr'>alios</span> <span class='ocrx_word' id='word_1_158' title='bbox 254 2429 314 2469; x_wconf 88' lang='lat' dir='ltr'>-suo</span> <span class='ocrx_word' id='word_1_159' title='bbox 325 2414 487 2471; x_wconf 88' lang='lat' dir='ltr'>testimonio</span> <span class='ocrx_word' id='word_1_160' title='bbox 500 2434 564 2472; x_wconf 86' lang='lat' dir='ltr'>reos</span> <span class='ocrx_word' id='word_1_161' title='bbox 577 2409 730 2492; x_wconf 88' lang='lat' dir='ltr'>probent:⁷</span> <span class='ocrx_word' id='word_1_162' title='bbox 749 2425 777 2472; x_wconf 92' lang='lat' dir='ltr'>et</span> <span class='ocrx_word' id='word_1_163' title='bbox 789 2433 826 2472; x_wconf 88' lang='lat' dir='ltr'>ex</span> <span class='ocrx_word' id='word_1_164' title='bbox 839 2415 1045 2473; x_wconf 88' lang='lat' dir='ltr'>consuetudine</span> <span class='ocrx_word' id='word_1_165' title='bbox 1058 2431 1125 2488; x_wconf 88' lang='lat' dir='ltr'>spes</span> <span class='ocrx_word' id='word_1_166' title='bbox 1138 2415 1229 2472; x_wconf 78' lang='lat' dir='ltr'>veniae</span> 
     </span>
     <span class='ocr_line' id='line_1_20' title="bbox 139 2507 1158 2588; baseline 0.005 -24"><span class='ocrx_word' id='word_1_167' title='bbox 139 2508 221 2565; x_wconf 90' lang='lat' dir='ltr'>datur</span> <span class='ocrx_word' id='word_1_168' title='bbox 234 2511 289 2566; x_wconf 89' lang='lat' dir='ltr'>reis</span> <span class='ocrx_word' id='word_1_169' title='bbox 303 2512 446 2585; x_wconf 89' lang='lat' dir='ltr'>plerisque</span> <span class='ocrx_word' id='word_1_170' title='bbox 459 2530 494 2568; x_wconf 91' lang='lat' dir='ltr'>ea</span> <span class='ocrx_word' id='word_1_171' title='bbox 506 2513 668 2572; x_wconf 88' lang='lat' dir='ltr'>conditione</span> <span class='ocrx_word' id='word_1_172' title='bbox 681 2524 713 2570; x_wconf 89' lang='lat' dir='ltr'>ut</span> <span class='ocrx_word' id='word_1_173' title='bbox 724 2515 819 2572; x_wconf 91' lang='lat' dir='ltr'>socios</span> <span class='ocrx_word' id='word_1_174' title='bbox 833 2512 959 2571; x_wconf 89' lang='lat' dir='ltr'>indicent</span> <span class='ocrx_word' id='word_1_175' title='bbox 972 2522 1000 2570; x_wconf 90' lang='lat' dir='ltr'>et</span> <span class='ocrx_word' id='word_1_176' title='bbox 1012 2507 1158 2588; x_wconf 81' lang='lat' dir='ltr'>probent⁸</span> 
     </span>
    </p>

    <p class='ocr_par' dir='ltr' id='par_1_6' title="bbox 138 2605 1232 2878">
     <span class='ocr_line' id='line_1_21' title="bbox 181 2605 1232 2687; baseline 0.004 -24"><span class='ocrx_word' id='word_1_177' title='bbox 181 2610 248 2664; x_wconf 74' lang='lat'>128.</span> <span class='ocrx_word' id='word_1_178' title='bbox 267 2605 410 2682; x_wconf 73' lang='lat' dir='ltr'>¹Quarunt</span> <span class='ocrx_word' id='word_1_179' title='bbox 422 2609 547 2687; x_wconf 86' lang='lat' dir='ltr'>theologi</span> <span class='ocrx_word' id='word_1_180' title='bbox 566 2621 659 2670; x_wconf 89' lang='lat' dir='ltr'>utrum</span> <span class='ocrx_word' id='word_1_181' title='bbox 678 2630 728 2669; x_wconf 91' lang='lat' dir='ltr'>reo</span> <span class='ocrx_word' id='word_1_182' title='bbox 748 2611 881 2670; x_wconf 85' lang='lat' dir='ltr'>damnato</span> <span class='ocrx_word' id='word_1_183' title='bbox 900 2612 1028 2670; x_wconf 90' lang='lat' dir='ltr'>criminis</span> <span class='ocrx_word' id='word_1_184' title='bbox 1042 2608 1118 2682; x_wconf 91' lang='lat' dir='ltr'>quod</span> <span class='ocrx_word' id='word_1_185' title='bbox 1133 2628 1232 2668; x_wconf 86' lang='lat' dir='ltr'>revera</span> 
     </span>
     <span class='ocr_line' id='line_1_22' title="bbox 139 2706 1229 2783; baseline 0 -23"><span class='ocrx_word' id='word_1_186' title='bbox 139 2706 267 2779; x_wconf 85' lang='lat' dir='ltr'>patravit,</span> <span class='ocrx_word' id='word_1_187' title='bbox 287 2706 353 2763; x_wconf 89' lang='lat' dir='ltr'>licet</span> <span class='ocrx_word' id='word_1_188' title='bbox 378 2726 484 2764; x_wconf 90' lang='lat' dir='ltr'>novum</span> <span class='ocrx_word' id='word_1_189' title='bbox 510 2726 634 2778; x_wconf 84' lang='lat' dir='ltr'>quaerere</span> <span class='ocrx_word' id='word_1_190' title='bbox 662 2709 815 2783; x_wconf 88' lang='lat' dir='ltr'>judicium,</span> <span class='ocrx_word' id='word_1_191' title='bbox 842 2708 1029 2782; x_wconf 88' lang='lat' dir='ltr'>appellatione</span> <span class='ocrx_word' id='word_1_192' title='bbox 1052 2707 1229 2779; x_wconf 82' lang='lat' dir='ltr'>interposita.</span> 
     </span>
     <span class='ocr_line' id='line_1_23' title="bbox 138 2798 1231 2878; baseline 0 -20"><span class='ocrx_word' id='word_1_193' title='bbox 138 2801 223 2877; x_wconf 81' lang='lat' dir='ltr'>Apud</span> <span class='ocrx_word' id='word_1_194' title='bbox 237 2821 289 2860; x_wconf 90' lang='lat' dir='ltr'>nos</span> <span class='ocrx_word' id='word_1_195' title='bbox 304 2806 371 2861; x_wconf 86' lang='lat' dir='ltr'>novi</span> <span class='ocrx_word' id='word_1_196' title='bbox 386 2803 488 2877; x_wconf 89' lang='lat' dir='ltr'>judicii</span> <span class='ocrx_word' id='word_1_197' title='bbox 509 2805 621 2877; x_wconf 87' lang='lat' dir='ltr'>copiam</span> <span class='ocrx_word' id='word_1_198' title='bbox 641 2802 793 2874; x_wconf 87' lang='lat' dir='ltr'>aliquando</span> <span class='ocrx_word' id='word_1_199' title='bbox 806 2801 854 2860; x_wconf 91' lang='lat' dir='ltr'>dat</span> <span class='ocrx_word' id='word_1_200' title='bbox 867 2800 962 2878; x_wconf 83' lang='lat' dir='ltr'>judex</span> <span class='ocrx_word' id='word_1_201' title='bbox 984 2798 1110 2872; x_wconf 87' lang='lat' dir='ltr'>eoquod</span> <span class='ocrx_word' id='word_1_202' title='bbox 1123 2798 1231 2860; x_wconf 91' lang='lat' dir='ltr'>duode-</span> 
     </span>
    </p>
   </div>
   <div class='ocr_carea' id='block_1_5' title="bbox 141 2966 1240 4278">
    <p class='ocr_par' dir='ltr' id='par_1_7' title="bbox 176 2966 927 3032">
     <span class='ocr_line' id='line_1_24' title="bbox 176 2966 927 3032; baseline 0.003 -19"><span class='ocrx_word' id='word_1_203' title='bbox 176 2968 219 3031; x_wconf 94' lang='grc'>(1)</span> <span class='ocrx_word' id='word_1_204' title='bbox 234 2968 296 3030; x_wconf 81' lang='lat' dir='ltr'>Gap.</span> <span class='ocrx_word' id='word_1_205' title='bbox 307 2968 338 3016; x_wconf 84' lang='lat' dir='ltr'>iv.</span> <span class='ocrx_word' id='word_1_206' title='bbox 353 2967 389 3017; x_wconf 85' lang='lat' dir='ltr'>De</span> <span class='ocrx_word' id='word_1_207' title='bbox 398 2974 451 3017; x_wconf 78' lang='lat' dir='ltr'>test.</span> <span class='ocrx_word' id='word_1_208' title='bbox 464 2967 564 3029; x_wconf 76' lang='lat' dir='ltr'>cogend.</span> <span class='ocrx_word' id='word_1_209' title='bbox 576 2976 601 3017; x_wconf 88' lang='lat' dir='ltr'>et</span> <span class='ocrx_word' id='word_1_210' title='bbox 612 2983 664 3031; x_wconf 87' lang='lat' dir='ltr'>cap.</span> <span class='ocrx_word' id='word_1_211' title='bbox 676 2966 779 3031; x_wconf 81' lang='lat' dir='ltr'>Siquis.</span> <span class='ocrx_word' id='word_1_212' title='bbox 791 2966 834 3016; x_wconf 84' lang='lat' dir='ltr'>xii.</span> <span class='ocrx_word' id='word_1_213' title='bbox 846 2983 889 3032; x_wconf 88' lang='lat' dir='ltr'>qu.</span> <span class='ocrx_word' id='word_1_214' title='bbox 901 2969 927 3018; x_wconf 89' lang='lat' dir='ltr'>ii.</span> 
     </span>
    </p>

    <p class='ocr_par' dir='ltr' id='par_1_8' title="bbox 177 3049 1168 3116">
     <span class='ocr_line' id='line_1_25' title="bbox 177 3049 1168 3116; baseline 0.002 -18"><span class='ocrx_word' id='word_1_215' title='bbox 177 3051 218 3116; x_wconf 77' lang='lat'>(2)</span> <span class='ocrx_word' id='word_1_216' title='bbox 237 3059 252 3081; x_wconf 83' lang='lat'>‘¹</span> <span class='ocrx_word' id='word_1_217' title='bbox 261 3051 317 3101; x_wconf 81' lang='lat' dir='ltr'>Tho</span> <span class='ocrx_word' id='word_1_218' title='bbox 328 3053 425 3114; x_wconf 78' lang='lat' dir='ltr'>generet</span> <span class='ocrx_word' id='word_1_219' title='bbox 436 3053 502 3102; x_wconf 79' lang='lat' dir='ltr'>issue</span> <span class='ocrx_word' id='word_1_220' title='bbox 513 3066 540 3101; x_wconf 91' lang='lat' dir='ltr'>or</span> <span class='ocrx_word' id='word_1_221' title='bbox 551 3053 605 3116; x_wconf 79' lang='lat' dir='ltr'>plen</span> <span class='ocrx_word' id='word_1_222' title='bbox 617 3051 644 3101; x_wconf 83' lang='lat' dir='ltr'>ol</span> <span class='ocrx_word' id='word_1_223' title='bbox 658 3059 702 3101; x_wconf 91' lang='lat' dir='ltr'>not</span> <span class='ocrx_word' id='word_1_224' title='bbox 711 3051 816 3115; x_wconf 77' lang='lat' dir='ltr'>guilty.’&#39;</span> <span class='ocrx_word' id='word_1_225' title='bbox 840 3052 994 3110; x_wconf 80' lang='lat' dir='ltr'>Bleclrstone,</span> <span class='ocrx_word' id='word_1_226' title='bbox 1004 3052 1021 3101; x_wconf 87' lang='lat' dir='ltr'>l.</span> <span class='ocrx_word' id='word_1_227' title='bbox 1032 3050 1064 3101; x_wconf 84' lang='lat' dir='ltr'>iv.</span> <span class='ocrx_word' id='word_1_228' title='bbox 1076 3066 1101 3101; x_wconf 93' lang='lat' dir='ltr'>n.</span> <span class='ocrx_word' id='word_1_229' title='bbox 1111 3049 1168 3100; x_wconf 80' lang='lat'>³³8.</span> 
     </span>
    </p>

    <p class='ocr_par' dir='ltr' id='par_1_9' title="bbox 176 3135 916 3202">
     <span class='ocr_line' id='line_1_26' title="bbox 176 3135 916 3202; baseline 0.004 -19"><span class='ocrx_word' id='word_1_230' title='bbox 176 3137 219 3200; x_wconf 88' lang='grc'>(3)</span> <span class='ocrx_word' id='word_1_231' title='bbox 238 3143 253 3166; x_wconf 87' lang='grc'>“</span> <span class='ocrx_word' id='word_1_232' title='bbox 263 3137 322 3186; x_wconf 80' lang='lat' dir='ltr'>And</span> <span class='ocrx_word' id='word_1_233' title='bbox 334 3137 362 3186; x_wconf 82' lang='lat' dir='ltr'>os</span> <span class='ocrx_word' id='word_1_234' title='bbox 376 3137 424 3187; x_wconf 82' lang='lat' dir='ltr'>this</span> <span class='ocrx_word' id='word_1_235' title='bbox 435 3137 467 3186; x_wconf 90' lang='lat' dir='ltr'>he</span> <span class='ocrx_word' id='word_1_236' title='bbox 478 3145 535 3202; x_wconf 81' lang='lat' dir='ltr'>puts</span> <span class='ocrx_word' id='word_1_237' title='bbox 546 3136 647 3186; x_wconf 81' lang='lat' dir='ltr'>himself</span> <span class='ocrx_word' id='word_1_238' title='bbox 654 3152 722 3201; x_wconf 89' lang='lat' dir='ltr'>upon</span> <span class='ocrx_word' id='word_1_239' title='bbox 735 3136 776 3186; x_wconf 88' lang='lat' dir='ltr'>the</span> <span class='ocrx_word' id='word_1_240' title='bbox 788 3135 916 3200; x_wconf 57' lang='lat' dir='ltr'>country?</span> 
     </span>
    </p>

    <p class='ocr_par' dir='ltr' id='par_1_10' title="bbox 141 3214 1240 3603">
     <span class='ocr_line' id='line_1_27' title="bbox 178 3214 1240 3284; baseline 0.001 -19"><span class='ocrx_word' id='word_1_241' title='bbox 178 3218 220 3282; x_wconf 80' lang='grc'>(4)</span> <span class='ocrx_word' id='word_1_242' title='bbox 240 3224 254 3246; x_wconf 86' lang='grc'>“</span> <span class='ocrx_word' id='word_1_243' title='bbox 268 3218 342 3282; x_wconf 89' lang='lat' dir='ltr'>Upon</span> <span class='ocrx_word' id='word_1_244' title='bbox 354 3237 369 3267; x_wconf 86' lang='lat' dir='ltr'>a</span> <span class='ocrx_word' id='word_1_245' title='bbox 379 3221 466 3284; x_wconf 85' lang='lat' dir='ltr'>simple</span> <span class='ocrx_word' id='word_1_246' title='bbox 477 3220 526 3269; x_wconf 83' lang='lat' dir='ltr'>and</span> <span class='ocrx_word' id='word_1_247' title='bbox 537 3219 604 3283; x_wconf 78' lang='lat' dir='ltr'>plain</span> <span class='ocrx_word' id='word_1_248' title='bbox 621 3219 767 3276; x_wconf 73' lang='lat' dir='ltr'>confession,</span> <span class='ocrx_word' id='word_1_249' title='bbox 786 3219 827 3269; x_wconf 92' lang='lat' dir='ltr'>the</span> <span class='ocrx_word' id='word_1_250' title='bbox 838 3227 907 3268; x_wconf 85' lang='lat' dir='ltr'>court</span> <span class='ocrx_word' id='word_1_251' title='bbox 919 3217 978 3267; x_wconf 79' lang='lat' dir='ltr'>heth</span> <span class='ocrx_word' id='word_1_252' title='bbox 990 3216 1096 3277; x_wconf 74' lang='lat' dir='ltr'>nothing</span> <span class='ocrx_word' id='word_1_253' title='bbox 1106 3224 1131 3264; x_wconf 92' lang='grc' dir='ltr'>ιο</span> <span class='ocrx_word' id='word_1_254' title='bbox 1143 3214 1175 3264; x_wconf 92' lang='lat' dir='ltr'>do</span> <span class='ocrx_word' id='word_1_255' title='bbox 1191 3216 1240 3266; x_wconf 92' lang='lat' dir='ltr'>but</span> 
     </span>
     <span class='ocr_line' id='line_1_28' title="bbox 143 3299 1237 3368; baseline -0.002 -18"><span class='ocrx_word' id='word_1_256' title='bbox 143 3311 168 3351; x_wconf 92' lang='lat' dir='ltr'>to</span> <span class='ocrx_word' id='word_1_257' title='bbox 185 3304 266 3351; x_wconf 78' lang='lat' dir='ltr'>ewerd</span> <span class='ocrx_word' id='word_1_258' title='bbox 281 3304 420 3368; x_wconf 77' lang='lat' dir='ltr'>judgment:</span> <span class='ocrx_word' id='word_1_259' title='bbox 438 3307 483 3355; x_wconf 91' lang='lat' dir='ltr'>but</span> <span class='ocrx_word' id='word_1_260' title='bbox 493 3306 513 3354; x_wconf 90' lang='lat' dir='ltr'>it</span> <span class='ocrx_word' id='word_1_261' title='bbox 528 3305 549 3354; x_wconf 87' lang='lat' dir='ltr'>is</span> <span class='ocrx_word' id='word_1_262' title='bbox 561 3305 659 3367; x_wconf 80' lang='lat' dir='ltr'>usually</span> <span class='ocrx_word' id='word_1_263' title='bbox 671 3320 728 3366; x_wconf 85' lang='lat' dir='ltr'>very</span> <span class='ocrx_word' id='word_1_264' title='bbox 740 3304 867 3353; x_wconf 80' lang='lat' dir='ltr'>baehwurd</span> <span class='ocrx_word' id='word_1_265' title='bbox 878 3303 904 3352; x_wconf 88' lang='lat' dir='ltr'>iu</span> <span class='ocrx_word' id='word_1_266' title='bbox 917 3302 1039 3362; x_wconf 73' lang='lat' dir='ltr'>receiving</span> <span class='ocrx_word' id='word_1_267' title='bbox 1050 3299 1098 3349; x_wconf 80' lang='lat' dir='ltr'>end</span> <span class='ocrx_word' id='word_1_268' title='bbox 1111 3299 1237 3361; x_wconf 79' lang='lat' dir='ltr'>recording</span> 
     </span>
     <span class='ocr_line' id='line_1_29' title="bbox 141 3376 1235 3450; baseline 0 -17"><span class='ocrx_word' id='word_1_269' title='bbox 141 3384 202 3434; x_wconf 84' lang='lat' dir='ltr'>such</span> <span class='ocrx_word' id='word_1_270' title='bbox 213 3376 358 3447; x_wconf 75' lang='lat' dir='ltr'>confession,</span> <span class='ocrx_word' id='word_1_271' title='bbox 370 3396 414 3438; x_wconf 92' lang='lat' dir='ltr'>out</span> <span class='ocrx_word' id='word_1_272' title='bbox 425 3389 454 3437; x_wconf 84' lang='lat' dir='ltr'>os</span> <span class='ocrx_word' id='word_1_273' title='bbox 467 3387 608 3437; x_wconf 83' lang='lat' dir='ltr'>tsndsrness</span> <span class='ocrx_word' id='word_1_274' title='bbox 621 3396 647 3438; x_wconf 92' lang='lat' dir='ltr'>to</span> <span class='ocrx_word' id='word_1_275' title='bbox 664 3387 705 3437; x_wconf 85' lang='lat' dir='ltr'>the</span> <span class='ocrx_word' id='word_1_276' title='bbox 716 3387 756 3437; x_wconf 82' lang='lat' dir='ltr'>lile</span> <span class='ocrx_word' id='word_1_277' title='bbox 768 3389 796 3437; x_wconf 83' lang='lat' dir='ltr'>ol</span> <span class='ocrx_word' id='word_1_278' title='bbox 805 3388 846 3437; x_wconf 82' lang='lat' dir='ltr'>the</span> <span class='ocrx_word' id='word_1_279' title='bbox 863 3388 965 3450; x_wconf 74' lang='lat' dir='ltr'>subjeet3</span> <span class='ocrx_word' id='word_1_280' title='bbox 983 3385 1030 3435; x_wconf 80' lang='lat' dir='ltr'>end</span> <span class='ocrx_word' id='word_1_281' title='bbox 1043 3384 1093 3433; x_wconf 84' lang='lat' dir='ltr'>will</span> <span class='ocrx_word' id='word_1_282' title='bbox 1111 3384 1235 3446; x_wconf 78' lang='lat' dir='ltr'>generally</span> 
     </span>
     <span class='ocr_line' id='line_1_30' title="bbox 141 3469 1236 3538; baseline -0.001 -20"><span class='ocrx_word' id='word_1_283' title='bbox 141 3469 222 3519; x_wconf 74' lang='lat' dir='ltr'>advice</span> <span class='ocrx_word' id='word_1_284' title='bbox 234 3471 274 3521; x_wconf 88' lang='lat' dir='ltr'>the</span> <span class='ocrx_word' id='word_1_285' title='bbox 283 3473 392 3538; x_wconf 78' lang='lat' dir='ltr'>prisoner</span> <span class='ocrx_word' id='word_1_286' title='bbox 403 3482 428 3523; x_wconf 97' lang='grc' dir='ltr'>ιο</span> <span class='ocrx_word' id='word_1_287' title='bbox 440 3481 525 3522; x_wconf 80' lang='lat' dir='ltr'>retract</span> <span class='ocrx_word' id='word_1_288' title='bbox 534 3473 560 3530; x_wconf 87' lang='lat' dir='ltr'>it,</span> <span class='ocrx_word' id='word_1_289' title='bbox 572 3473 620 3522; x_wconf 78' lang='lat' dir='ltr'>and</span> <span class='ocrx_word' id='word_1_290' title='bbox 636 3474 706 3538; x_wconf 86' lang='lat' dir='ltr'>plead</span> <span class='ocrx_word' id='word_1_291' title='bbox 725 3482 751 3523; x_wconf 95' lang='grc' dir='ltr'>ιο</span> <span class='ocrx_word' id='word_1_292' title='bbox 762 3473 804 3524; x_wconf 85' lang='lat' dir='ltr'>tho</span> <span class='ocrx_word' id='word_1_293' title='bbox 822 3469 992 3522; x_wconf 84' lang='lat' dir='ltr'>indictment&#39;’</span> <span class='ocrx_word' id='word_1_294' title='bbox 1009 3469 1166 3527; x_wconf 74' lang='lat' dir='ltr'>Blachetoue,</span> <span class='ocrx_word' id='word_1_295' title='bbox 1176 3469 1193 3517; x_wconf 91' lang='grc'>1.</span> <span class='ocrx_word' id='word_1_296' title='bbox 1205 3469 1236 3518; x_wconf 86' lang='lat' dir='ltr'>iv.</span> 
     </span>
     <span class='ocr_line' id='line_1_31' title="bbox 146 3553 242 3603; baseline 0.01 -1"><span class='ocrx_word' id='word_1_297' title='bbox 146 3567 172 3602; x_wconf 91' lang='grc' dir='ltr'>ιι.</span> <span class='ocrx_word' id='word_1_298' title='bbox 185 3553 242 3603; x_wconf 57' lang='lat' dir='ltr'>att.</span> 
     </span>
    </p>

    <p class='ocr_par' dir='ltr' id='par_1_11' title="bbox 179 3639 512 3703">
     <span class='ocr_line' id='line_1_32' title="bbox 179 3639 512 3703; baseline 0.006 -18"><span class='ocrx_word' id='word_1_299' title='bbox 179 3639 221 3702; x_wconf 88' lang='lat'>(5)</span> <span class='ocrx_word' id='word_1_300' title='bbox 234 3641 258 3689; x_wconf 80' lang='lat'>2.</span> <span class='ocrx_word' id='word_1_301' title='bbox 270 3644 294 3688; x_wconf 77' lang='lat'>2.</span> <span class='ocrx_word' id='word_1_302' title='bbox 306 3656 348 3703; x_wconf 88' lang='lat' dir='ltr'>qu.</span> <span class='ocrx_word' id='word_1_303' title='bbox 359 3641 418 3689; x_wconf 82' lang='lat' dir='ltr'>lxix.</span> <span class='ocrx_word' id='word_1_304' title='bbox 431 3647 475 3689; x_wconf 77' lang='lat' dir='ltr'>art.</span> <span class='ocrx_word' id='word_1_305' title='bbox 491 3643 512 3689; x_wconf 92' lang='grc'>1.</span> 
     </span>
    </p>

    <p class='ocr_par' dir='ltr' id='par_1_12' title="bbox 178 3720 884 3787">
     <span class='ocr_line' id='line_1_33' title="bbox 178 3720 884 3787; baseline 0.007 -19"><span class='ocrx_word' id='word_1_306' title='bbox 178 3721 220 3785; x_wconf 89' lang='grc'>(6)</span> <span class='ocrx_word' id='word_1_307' title='bbox 234 3720 264 3769; x_wconf 71' lang='grc' dir='ltr'>Ι..</span> <span class='ocrx_word' id='word_1_308' title='bbox 276 3722 353 3772; x_wconf 81' lang='lat' dir='ltr'>utum.</span> <span class='ocrx_word' id='word_1_309' title='bbox 366 3722 418 3771; x_wconf 89' lang='lat' dir='ltr'>cod.</span> <span class='ocrx_word' id='word_1_310' title='bbox 429 3722 460 3770; x_wconf 88' lang='lat' dir='ltr'>ds</span> <span class='ocrx_word' id='word_1_311' title='bbox 472 3729 576 3780; x_wconf 81' lang='lat' dir='ltr'>accusat,</span> <span class='ocrx_word' id='word_1_312' title='bbox 593 3731 618 3771; x_wconf 86' lang='lat' dir='ltr'>et</span> <span class='ocrx_word' id='word_1_313' title='bbox 625 3737 677 3787; x_wconf 86' lang='lat' dir='ltr'>cap.</span> <span class='ocrx_word' id='word_1_314' title='bbox 689 3722 704 3771; x_wconf 67' lang='lat' dir='ltr'>i·</span> <span class='ocrx_word' id='word_1_315' title='bbox 718 3723 748 3772; x_wconf 86' lang='lat' dir='ltr'>de</span> <span class='ocrx_word' id='word_1_316' title='bbox 760 3724 884 3773; x_wconf 73' lang='lat' dir='ltr'>confessis</span> 
     </span>
    </p>

    <p class='ocr_par' dir='ltr' id='par_1_13' title="bbox 179 3806 571 3870">
     <span class='ocr_line' id='line_1_34' title="bbox 179 3806 571 3870; baseline -0.003 -17"><span class='ocrx_word' id='word_1_317' title='bbox 179 3806 221 3870; x_wconf 89' lang='grc'>(7)</span> <span class='ocrx_word' id='word_1_318' title='bbox 236 3806 393 3864; x_wconf 81' lang='lat' dir='ltr'>Blaclutone,</span> <span class='ocrx_word' id='word_1_319' title='bbox 404 3808 423 3857; x_wconf 86' lang='lat' dir='ltr'>l.</span> <span class='ocrx_word' id='word_1_320' title='bbox 434 3807 467 3856; x_wconf 84' lang='lat' dir='ltr'>iv.</span> <span class='ocrx_word' id='word_1_321' title='bbox 478 3822 504 3855; x_wconf 90' lang='grc' dir='ltr'>ιι.</span> <span class='ocrx_word' id='word_1_322' title='bbox 516 3806 571 3854; x_wconf 81' lang='lat'>³³1.</span> 
     </span>
    </p>

    <p class='ocr_par' dir='ltr' id='par_1_14' title="bbox 142 3882 1240 4278">
     <span class='ocr_line' id='line_1_35' title="bbox 180 3882 1240 3958; baseline -0.009 -18"><span class='ocrx_word' id='word_1_323' title='bbox 180 3891 223 3958; x_wconf 83' lang='grc'>(8)</span> <span class='ocrx_word' id='word_1_324' title='bbox 235 3892 325 3941; x_wconf 79' lang='lat' dir='ltr'>“This</span> <span class='ocrx_word' id='word_1_325' title='bbox 335 3893 469 3943; x_wconf 77' lang='lat' dir='ltr'>admission</span> <span class='ocrx_word' id='word_1_326' title='bbox 481 3900 506 3941; x_wconf 92' lang='lat' dir='ltr'>to</span> <span class='ocrx_word' id='word_1_327' title='bbox 518 3893 547 3941; x_wconf 92' lang='lat' dir='ltr'>be</span> <span class='ocrx_word' id='word_1_328' title='bbox 559 3909 573 3940; x_wconf 89' lang='grc' dir='ltr'>ιι</span> <span class='ocrx_word' id='word_1_329' title='bbox 583 3892 683 3941; x_wconf 76' lang='grc' dir='ltr'>ιιίιιιοιι</span> <span class='ocrx_word' id='word_1_330' title='bbox 692 3900 807 3941; x_wconf 86' lang='lat' dir='ltr'>ameuuts</span> <span class='ocrx_word' id='word_1_331' title='bbox 815 3901 840 3939; x_wconf 88' lang='grc' dir='ltr'>ιο</span> <span class='ocrx_word' id='word_1_332' title='bbox 852 3907 866 3938; x_wconf 89' lang='grc' dir='ltr'>ιι</span> <span class='ocrx_word' id='word_1_333' title='bbox 877 3889 982 3952; x_wconf 85' lang='lat' dir='ltr'>promise</span> <span class='ocrx_word' id='word_1_334' title='bbox 994 3887 1023 3937; x_wconf 85' lang='lat' dir='ltr'>os</span> <span class='ocrx_word' id='word_1_335' title='bbox 1032 3902 1048 3935; x_wconf 81' lang='lat' dir='ltr'>e</span> <span class='ocrx_word' id='word_1_336' title='bbox 1058 3882 1240 3934; x_wconf 82' lang='lat' dir='ltr'>recommende-</span> 
     </span>
     <span class='ocr_line' id='line_1_36' title="bbox 142 3966 1239 4041; baseline -0.011 -16"><span class='ocrx_word' id='word_1_337' title='bbox 142 3976 193 4025; x_wconf 88' lang='lat' dir='ltr'>tion</span> <span class='ocrx_word' id='word_1_338' title='bbox 206 3986 231 4025; x_wconf 88' lang='lat' dir='ltr'>to</span> <span class='ocrx_word' id='word_1_339' title='bbox 243 3992 334 4040; x_wconf 83' lang='lat' dir='ltr'>mercy,</span> <span class='ocrx_word' id='word_1_340' title='bbox 345 3992 412 4041; x_wconf 92' lang='lat' dir='ltr'>upon</span> <span class='ocrx_word' id='word_1_341' title='bbox 425 3976 548 4025; x_wconf 86' lang='lat' dir='ltr'>condition</span> <span class='ocrx_word' id='word_1_342' title='bbox 560 3975 613 4023; x_wconf 82' lang='lat' dir='ltr'>thet</span> <span class='ocrx_word' id='word_1_343' title='bbox 623 3975 666 4023; x_wconf 86' lang='lat' dir='ltr'>the</span> <span class='ocrx_word' id='word_1_344' title='bbox 675 3970 822 4035; x_wconf 80' lang='lat' dir='ltr'>accomplioe</span> <span class='ocrx_word' id='word_1_345' title='bbox 832 3973 904 4020; x_wconf 79' lang='lat' dir='ltr'>make</span> <span class='ocrx_word' id='word_1_346' title='bbox 914 3986 929 4019; x_wconf 81' lang='lat' dir='ltr'>a</span> <span class='ocrx_word' id='word_1_347' title='bbox 940 3971 985 4018; x_wconf 82' lang='lat' dir='ltr'>fult</span> <span class='ocrx_word' id='word_1_348' title='bbox 997 3968 1045 4017; x_wconf 84' lang='lat' dir='ltr'>and</span> <span class='ocrx_word' id='word_1_349' title='bbox 1053 3967 1098 4016; x_wconf 77' lang='lat' dir='ltr'>fair</span> <span class='ocrx_word' id='word_1_350' title='bbox 1106 3966 1239 4015; x_wconf 75' lang='lat' dir='ltr'>disclorure</span> 
     </span>
     <span class='ocr_line' id='line_1_37' title="bbox 142 4046 1239 4116; baseline -0.013 -8"><span class='ocrx_word' id='word_1_351' title='bbox 142 4058 171 4108; x_wconf 88' lang='lat' dir='ltr'>ol</span> <span class='ocrx_word' id='word_1_352' title='bbox 184 4060 215 4108; x_wconf 83' lang='lat' dir='ltr'>all</span> <span class='ocrx_word' id='word_1_353' title='bbox 224 4061 266 4109; x_wconf 87' lang='lat' dir='ltr'>the</span> <span class='ocrx_word' id='word_1_354' title='bbox 277 4061 466 4110; x_wconf 77' lang='lat' dir='ltr'>circumstances</span> <span class='ocrx_word' id='word_1_355' title='bbox 477 4058 506 4107; x_wconf 85' lang='lat' dir='ltr'>es</span> <span class='ocrx_word' id='word_1_356' title='bbox 514 4057 555 4106; x_wconf 79' lang='lat' dir='ltr'>the</span> <span class='ocrx_word' id='word_1_357' title='bbox 564 4056 646 4114; x_wconf 83' lang='lat' dir='ltr'>crime,</span> <span class='ocrx_word' id='word_1_358' title='bbox 654 4057 691 4104; x_wconf 87' lang='grc' dir='ltr'>ιὀι</span> <span class='ocrx_word' id='word_1_359' title='bbox 702 4055 783 4104; x_wconf 80' lang='lat' dir='ltr'>which</span> <span class='ocrx_word' id='word_1_360' title='bbox 795 4055 836 4103; x_wconf 88' lang='lat' dir='ltr'>the</span> <span class='ocrx_word' id='word_1_361' title='bbox 847 4053 918 4102; x_wconf 85' lang='lat' dir='ltr'>other</span> <span class='ocrx_word' id='word_1_362' title='bbox 928 4051 1050 4116; x_wconf 74' lang='lat' dir='ltr'>prisoner·</span> <span class='ocrx_word' id='word_1_363' title='bbox 1060 4064 1099 4098; x_wconf 81' lang='lat' dir='ltr'>ere</span> <span class='ocrx_word' id='word_1_364' title='bbox 1110 4047 1179 4104; x_wconf 81' lang='lat' dir='ltr'>tried,</span> <span class='ocrx_word' id='word_1_365' title='bbox 1190 4046 1239 4096; x_wconf 83' lang='lat' dir='ltr'>end</span> 
     </span>
     <span class='ocr_line' id='line_1_38' title="bbox 142 4130 1239 4198; baseline -0.014 -4"><span class='ocrx_word' id='word_1_366' title='bbox 142 4143 168 4194; x_wconf 90' lang='lat' dir='ltr'>iu</span> <span class='ocrx_word' id='word_1_367' title='bbox 180 4143 260 4192; x_wconf 83' lang='lat' dir='ltr'>which</span> <span class='ocrx_word' id='word_1_368' title='bbox 273 4144 304 4192; x_wconf 90' lang='lat' dir='ltr'>he</span> <span class='ocrx_word' id='word_1_369' title='bbox 315 4144 360 4194; x_wconf 78' lang='lat' dir='ltr'>hu</span> <span class='ocrx_word' id='word_1_370' title='bbox 374 4147 436 4194; x_wconf 86' lang='lat' dir='ltr'>been</span> <span class='ocrx_word' id='word_1_371' title='bbox 447 4138 583 4194; x_wconf 86' lang='lat' dir='ltr'>concerned</span> <span class='ocrx_word' id='word_1_372' title='bbox 596 4140 622 4190; x_wconf 90' lang='lat' dir='ltr'>in</span> <span class='ocrx_word' id='word_1_373' title='bbox 639 4148 735 4190; x_wconf 88' lang='lat' dir='ltr'>concert</span> <span class='ocrx_word' id='word_1_374' title='bbox 746 4139 808 4188; x_wconf 83' lang='lat' dir='ltr'>with</span> <span class='ocrx_word' id='word_1_375' title='bbox 819 4133 910 4186; x_wconf 84' lang='lat' dir='ltr'>them.”</span> <span class='ocrx_word' id='word_1_376' title='bbox 939 4133 1025 4198; x_wconf 80' lang='lat' dir='ltr'>Chitty</span> <span class='ocrx_word' id='word_1_377' title='bbox 1038 4133 1064 4182; x_wconf 89' lang='lat' dir='ltr'>in</span> <span class='ocrx_word' id='word_1_378' title='bbox 1084 4130 1239 4188; x_wconf 75' lang='lat' dir='ltr'>Blachstone‚</span> 
     </span>
     <span class='ocr_line' id='line_1_39' title="bbox 144 4224 333 4278; baseline 0 -2"><span class='ocrx_word' id='word_1_379' title='bbox 144 4227 189 4278; x_wconf 85' lang='lat' dir='ltr'>loc.</span> <span class='ocrx_word' id='word_1_380' title='bbox 201 4227 240 4276; x_wconf 79' lang='lat' dir='ltr'>cit</span> <span class='ocrx_word' id='word_1_381' title='bbox 253 4241 279 4275; x_wconf 84' lang='lat' dir='ltr'>u.</span> <span class='ocrx_word' id='word_1_382' title='bbox 295 4224 333 4276; x_wconf 86' lang='lat'>1³.</span> 
     </span>
    </p>
   </div>
   <div class='ocr_carea' id='block_1_6' title="bbox 0 0 1399 4996">
    <p class='ocr_par' dir='ltr' id='par_1_15' title="bbox 0 0 1399 4996">
     <span class='ocr_line' id='line_1_40' title="bbox 0 0 1399 4996; baseline 0 0"><span class='ocrx_word' id='word_1_383' title='bbox 0 0 1399 4996; x_wconf 95' lang='lat' dir='ltr'> </span> 
     </span>
    </p>
   </div>
  </div>
 </body>
</html>
