2744 4980
575 376 631 438 DE
653 378 893 439 DEOALOGO.
1245 385 1296 443 ⁷0·

230 549 280 604 ³1.
296 547 347 606 Ex
356 544 412 602 hoc
418 542 572 617 Augustini
585 545 747 604 testimonio
759 546 848 619 liquet
860 544 993 604 eumdem
1003 544 1151 605 verborum
1160 548 1288 607 ordinem

187 646 291 704 inloco
299 643 399 704 Exodi
411 643 479 701 olim
495 643 594 710 luisse,
606 644 694 715 quiin
704 644 927 703 Deuteronomio
944 645 1036 703 adhuc
1046 646 1191 720 reperitur,
1201 667 1287 720 quern

190 763 259 802 casu
273 745 399 817 quodam
412 744 592 800 immutatum
605 741 740 820 deinceps
759 744 846 801 fuisse
860 745 1020 802 verosimile
1034 753 1095 802 est:
1118 758 1289 825 quapropter

192 843 382 903 fundamento
395 852 472 899 caret
485 841 607 917 objectio
623 841 672 899 illa
685 863 701 900 a
713 842 732 900 J
734 843 840 900 cremia
861 843 972 919 Taylor
993 843 1112 916 aliisque
1134 847 1287 923 proposita,

192 963 246 1001 nos
269 945 420 1000 verborum
443 940 572 1000 ordinem
587 942 782 1009 inverterent
799 942 915 998 unicum
935 943 964 1000 in
978 941 1035 1001 duo
1047 942 1206 1003 dividamus
1219 964 1289 1021 prte-

192 1052 284 1119 oepta.
321 1039 466 1114 Equidem
486 1039 556 1099 ordo
569 1040 655 1113 quem
669 1042 815 1114 sequimur
829 1042 977 1118 preceptis
1000 1060 1057 1099 non
1070 1042 1243 1111 moechandi,
1260 1052 1289 1102 et

193 1160 250 1199 uon
271 1142 378 1199 lurtum
404 1138 526 1196 faciendi
554 1141 692 1217 congruit,
713 1150 741 1197 et
760 1139 977 1198 Deuteronomii
995 1141 1060 1199 loco
1079 1143 1220 1217 probatur,
1241 1142 1290 1200 ubi

195 1241 326 1298 versiculi
338 1251 367 1297 et
377 1247 518 1315 precepta
528 1239 557 1296 in
566 1248 644 1297 textu
653 1238 795 1299 Hebraico
803 1239 892 1314 plane
906 1238 1159 1316 distinguunturea
1172 1260 1288 1318 prorsus
1333 1238 1337 1243 ’

197 1359 252 1412 qua
264 1337 339 1414 apud
352 1357 406 1396 nos
419 1331 551 1395 ratione.¹
593 1336 679 1406 Quod
687 1348 781 1396 autem
800 1336 871 1395 nihil
883 1339 913 1395 in
926 1356 961 1394 eo
974 1339 1138 1397 innovatum
1152 1342 1190 1398 sit
1201 1342 1291 1412 liquet

196 1458 231 1496 ex
244 1439 399 1514 Augustini
412 1436 585 1494 testimonio.
626 1436 660 1496 Id
673 1439 790 1512 insuper
803 1435 1082 1495 animadvertendum
1096 1438 1288 1497 Protestantes

196 1537 381 1596 indivisione
401 1535 487 1613 primi
511 1538 643 1613 precepti
661 1538 680 1596 J
683 1537 779 1595 udeos
800 1546 927 1594 auctores
940 1555 998 1594 non
1011 1536 1131 1605 haberc3
1158 1538 1290 1611 quamvis

197 1638 271 1695 enim
287 1639 318 1695 in
330 1637 388 1694 duo
400 1636 519 1694 unicum
541 1636 610 1695 illud
631 1635 755 1694 dividere
775 1636 983 1703 consueverint,
998 1654 1032 1693 ea
1051 1639 1187 1694 tamenin
1200 1655 1289 1695 unum

197 1738 373 1814 conjungunt
382 1754 445 1808 quae
453 1735 646 1793 Protestantes
657 1735 828 1813 distinguere
839 1735 980 1792 laborant:
996 1735 1118 1809 primum
1126 1737 1202 1795 enirn
1213 1734 1290 1811 apud

196 1855 244 1893 eos
265 1845 442 1912 praeceptum
460 1833 505 1908 his
524 1836 684 1893 continetur
704 1835 813 1892 verbis:
836 1833 933 1909 “Ego
953 1850 1017 1890 sum
1044 1831 1187 1892 Dominus
1208 1833 1289 1890 Deus

196 1947 272 2002 tuus,
287 1936 338 2008 qui
352 1933 437 1992 eduxi
456 1932 536 1991 tede
558 1944 629 1991 terra
649 1933 783 2013 AEgypti‚
805 1932 840 1989 de
861 1933 947 1990 domo
968 1931 1151 1989 servitutis:”
1172 1935 1291 1993 alterurn

198 2035 320 2109 incipit;
343 2033 442 2090 “Non
465 2033 582 2091 habebis
602 2033 672 2092 deos
691 2033 798 2090 alienos
819 2049 915 2089 coram
934 2048 991 2087 me.
1034 2031 1103 2089 Non
1128 2032 1215 2090 facies
1241 2031 1291 2089 tibi

200 2133 339 2209 sculptile,
353 2123 448 2189 etc.''²
466 2122 556 2208 igitur
568 2132 670 2191 frustra
682 2132 825 2190 clamitant
833 2129 894 2188 haec
907 2129 1067 2188 necessarii
1081 2129 1289 2208 distinguenda,

200 2251 284 2303 quum
299 2232 347 2289 illa
360 2231 504 2289 distinctio
518 2250 553 2288 ue
567 2232 683 2304 quidem
697 2232 730 2288 ab
743 2231 876 2289 omnibus
897 2229 1021 2286 admissa
1040 2229 1087 2296 sit,
1108 2230 1157 2302 qui
1171 2239 1290 2302 quatuor

202 2341 338 2406 precepta
350 2328 386 2386 ad
400 2329 496 2389 Deum
510 2332 678 2406 pertinentia
696 2337 853 2387 numerant.
896 2328 926 2385 N
929 2328 990 2385 obis
1011 2346 1044 2384 ea
1056 2326 1292 2405 conjungentibus

201 2429 270 2487 lavet
283 2440 312 2486 et
325 2448 419 2487 rerum
433 2448 535 2497 nexus,
549 2438 577 2487 et
589 2430 753 2488 Judaeorum
768 2429 934 2493 consensus,
949 2437 977 2484 ct
987 2427 1138 2504 Augustini
1151 2447 1216 2485 cum
1230 2427 1292 2502 plu·

202 2530 279 2587 rimis
292 2529 354 2585 aliis
368 2547 406 2586 ex
420 2530 538 2587 vetustis
552 2531 735 2607 scriptoribus
750 2527 909 2586 auctoritas.
952 2526 1036 2593 Quod
1055 2536 1149 2585 sutem
1169 2544 1293 2603 precep-

202 2640 261 2686 tum
274 2627 310 2684 de
324 2628 556 2705 concupiscenda
570 2648 601 2686 re
614 2630 706 2687 aliena
718 2628 752 2684 ab
766 2628 821 2685 alio
836 2626 872 2684 de
885 2644 975 2684 uxore
989 2625 1175 2684 desideranda
1188 2625 1296 2683 divida-

203 2746 277 2794 mus,
289 2727 512 2786 Deuteronomii
525 2731 720 2787 auctoritatem
733 2727 816 2803 plane
827 2727 984 2797 sequimur,
998 2724 1110 2781 favente
1124 2725 1187 2800 ipsa
1199 2741 1295 2780 rerum

204 2824 395 2884 distinctione.
420 2804 427 2812 ἱ
439 2828 522 2886 Nihil
531 2831 616 2905 igitur
625 2828 738 2885 arbitrio
747 2825 835 2882 veluti
848 2834 956 2890 nostro,
971 2822 1016 2879 vel
1026 2824 1148 2898 partium
1162 2820 1255 2879 studio
1266 2821 1296 2878 in

205 2923 334 3002 decalogi
348 2925 491 2985 divisione
500 2926 680 2985 admisimus.
722 2924 808 2992 Quod
829 2934 922 2981 autern
945 2922 1068 2980 breviori
1090 2921 1181 2981 forma
1200 2923 1297 2979 omnia

207 3035 348 3102 precepta
362 3027 390 3083 in
406 3026 576 3099 quibusdam
597 3023 776 3083 catechismis
795 3024 986 3090 enuntientur,
1008 3023 1037 3079 in
1055 3041 1206 3098 puerorum
1221 3021 1296 3080 rudi·

207 3142 313 3196 umque
329 3125 436 3184 sactum
449 3137 493 3183 est
504 3126 664 3193 utilitatem,
678 3125 758 3182 salva
770 3125 888 3182 omuino
901 3122 1066 3180 substantia.

242 3227 292 3281 32.
316 3223 540 3287 consentientes
550 3227 580 3284 in
590 3234 797 3303 praceptorum
808 3222 946 3279 divisione
956 3220 1095 3277 habemns
1108 3218 1296 3276 Lutheranos.

237 3409 276 3475 (¹)
298 3422 379 3522 qm„
395 3422 470 3507 nn
488 3424 628 3518 nispe
644 3397 760 3515 ebro
781 3419 860 3521 pp
883 3395 983 3513 ιιιιξις
1004 3405 1123 3527 rupi]
1143 3371 1219 3511 uhi

237 3548 279 3614 (2)
300 3549 392 3600 “That
403 3550 472 3600 those
494 3558 543 3600 two
562 3551 615 3600 first
633 3547 845 3599 commondmcnto
861 3561 902 3596 are
918 3547 963 3595 but
980 3559 1027 3595 one
1039 3559 1090 3593 was
1102 3543 1143 3593 tho
1153 3540 1264 3592 doctrino
1274 3539 1303 3590 ol

209 3630 275 3683 Philo
286 3634 328 3684 the
339 3634 402 3695 Jow,
417 3637 456 3701 (ot
468 3637 528 3686 lent
538 3637 558 3686 it
568 3636 590 3685 is
601 3634 654 3684 said
674 3639 719 3691 sod
738 3631 796 3682 who
813 3631 914 3693 making
925 3629 967 3680 the
977 3629 1072 3695 prefaco
1088 3636 1113 3679 to
1130 3629 1184 3677 beo
1201 3626 1302 3677 distinct

210 3718 411 3780 commandmsnt,
422 3720 525 3771 rechons
543 3719 628 3769 thieto
641 3718 670 3766 be
682 3717 724 3766 the
734 3715 832 3767 second.
844 3750 851 3764 .
869 3749 876 3763 .
894 3749 901 3765 .
918 3714 981 3763 This
1001 3713 1107 3764 division
1119 3728 1171 3761 was
1188 3711 1259 3760 usual
1270 3710 1296 3760 in

209 3800 242 3851 St.
254 3802 414 3867 Cyril'stime
430 3804 488 3855 who
499 3805 582 3866 brings
594 3803 620 3853 in
631 3802 716 3852 Julian
728 3801 786 3852 thus
803 3799 1025 3864 accountingthem
1043 3833 1049 3847 .
1067 3830 1073 3844 .
1091 3831 1098 3846 .
1116 3795 1164 3845 end
1181 3795 1223 3844 the
1233 3809 1301 3846 nme

211 3901 263 3952 way
274 3888 296 3938 is
307 3890 419 3940 followed
431 3892 464 3954 hy
476 3890 513 3939 St.
525 3889 622 3939 Jerome
631 3888 679 3938 and
691 3886 841 3950 Hesychius.
871 3884 954 3934 These
965 3883 1037 3932 malis
1048 3881 1090 3930 the
1100 3878 1264 3929 introductiou
1277 3889 1302 3931 to

209 3972 234 4022 ho
245 3989 292 4024 one
304 3976 334 4024 os
347 3975 390 4026 the
401 3975 625 4032 commondments3
642 3973 690 4023 sud
703 3972 772 4022 those
786 3968 867 4021 which
876 3985 915 4019 wc
923 3969 971 4020 oali
982 3967 1024 4017 the
1037 3966 1089 4014 first
1100 3963 1148 4013 ond
1158 3963 1200 4012 the
1210 3965 1302 4017 second

207 4064 228 4107 to
240 4060 269 4108 bo
279 4060 322 4110 tho
336 4061 426 4111 second
439 4062 507 4126 only.
542 4060 579 4110 Os
592 4059 634 4110 the
653 4073 722 4108 some
732 4055 834 4121 opinion
847 4069 874 4103 so
886 4062 911 4103 to
931 4052 972 4102 tho
988 4050 1087 4111 unitiug
1098 4048 1127 4098 os
1140 4047 1208 4099 these
1220 4058 1269 4104 two
1280 4051 1302 4104 io

206 4142 325 4195 Clemens
337 4147 522 4197 Alexandrinus
532 4145 581 4195 und
592 4145 629 4195 St.
641 4141 757 4194 Austin.”
775 4139 894 4190 Joremiss
904 4136 1005 4201 Tsylm,
1016 4135 1110 4186 Ductor
1121 4132 1302 4199 Dubitantium,

207 4226 298 4279 tite.
314 4233 339 4279 2.
357 4231 421 4282 Rulo
435 4233 564 4296 epate.

292 4333 379 4395 Vou.
396 4333 484 4398 1.-s
