2744 4980
179 415 240 471 2³0
405 407 461 467 DE
484 404 767 466 REGULADIUM
789 401 1060 463 PRIVILEGIIS.

182 574 303 651 delegati
319 572 404 630 Sedis
418 572 603 647 Apostolicae,
618 569 797 646 prohibeant,
812 567 957 636 mandent,
975 568 1129 644 corrigant,
1144 576 1283 632 statuant,

182 685 266 747 atque
281 670 316 729 ad
329 691 363 730 ea
376 670 509 728 inviolate
523 668 664 728 servanda
676 668 805 725 censuris
819 667 1029 734 ecclesiasticis,
1039 667 1159 739 aliisque
1174 666 1285 742 poenis,

182 791 245 848 que
267 771 382 828 illorum
403 770 519 827 arbitrio
540 770 757 835 constituentur,
783 765 898 825 fidelem
918 765 1059 843 populum
1084 765 1283 842 compellant;

182 870 432 931 nonobstantibus
456 869 623 943 privilegiis,
644 866 883 942 exemptionibus,
904 865 1140 943 appellationibus
1159 883 1196 923 ac
1217 882 1285 922 con·

183 969 382 1029 suetudinibus
397 958 672 1039 quibuscumque.’'¹

225 1072 254 1127 6.
276 1067 427 1126 Tenentur
446 1066 533 1122 etiarn
552 1065 586 1123 ad
608 1063 780 1122 servandum
801 1064 873 1122 festa
894 1065 1088 1141 abepiscopo
1108 1069 1235 1126 statutar
1256 1071 1286 1119 et

185 1168 317 1244 episcopi
330 1165 551 1243 prohibitionem
573 1183 609 1222 ne
630 1161 744 1222 audiant
762 1164 960 1222 consessiones
980 1165 1010 1222 in
1024 1162 1148 1240 propriis
1160 1160 1285 1226 sedibus,

188 1268 251 1323 sive
275 1266 365 1331 cellis,
376 1265 458 1340 juxta
472 1263 627 1321 Decretum
651 1262 746 1320 Sacrae
761 1261 1011 1339 Congregationis,
1032 1280 1108 1320 anno
1131 1261 1224 1326 161⁹,
1248 1263 1285 1316 15

186 1365 365 1441 Septembris
376 1382 384 1429 3
406 1361 451 1418 vel
462 1381 498 1419 ne
512 1363 664 1420 mulierum
677 1372 724 1418 aut
737 1363 895 1436 puellarum
909 1362 1105 1420 consessiones
1119 1368 1204 1418 extra
1216 1376 1286 1416 con-

186 1463 339 1521 fessionale
373 1462 534 1536 excipiant:
570 1459 646 1532 qnod
672 1460 807 1519 omnibus
833 1461 1029 1519 sacerdotibus
1053 1470 1148 1517 vetare
1177 1459 1289 1535 poterit

184 1563 351 1639 episcopus,
363 1562 446 1617 etiam
459 1559 511 1617 snb
521 1560 814 1637 poenasuspensionis
828 1560 862 1615 ab
876 1559 1026 1617 audiendis
1038 1558 1286 1624 confessionibus,

186 1679 224 1720 ex
238 1659 362 1717 Decreto
383 1659 475 1715 Sacrae
498 1658 748 1735 congregationis,
773 1660 809 1715 18
832 1657 1012 1727 Decembris,
1039 1661 1126 1716 1694.
1167 1657 1290 1714 Debent

187 1760 273 1817 etiam
295 1777 408 1816 servare
435 1758 615 1816 interdictum
639 1758 806 1834 impositum
831 1757 1034 1834 abepiscopo,
1055 1755 1289 1814 siservetnrab

187 1858 311 1918 ecelesia
325 1858 449 1915 matrice⁴
493 1857 612 1915 Cratera
626 1856 767 1934 episcopi,
790 1856 835 1914 vel
854 1858 968 1916 concilii
989 1856 1182 1933 provincialis,
1203 1855 1287 1930 leges

188 1957 317 2035 pluribus
332 1976 389 2014 non
404 1955 534 2015 videntur
547 1956 722 2033 adstringere
735 1950 904 2032 regulares,²
923 1957 978 2014 nisi
1002 1957 1097 2014 forsan
1114 1953 1288 2012 scandalum

189 2056 347 2138 immineat,
368 2055 413 2111 vel
433 2057 490 2130 ipsi
509 2074 613 2113 munus
636 2066 787 2113 exerceant
806 2055 841 2112 ab
860 2057 997 2132 episcopo
1019 2053 1164 2131 pendens:
1188 2072 1226 2110 v:
1250 2071 1287 2129 g:

191 2154 320 2230 parochi,
335 2154 519 2222 confessoris,
534 2149 769 2212 concionatoris.³

230 2260 260 2312 7.
283 2252 511 2311 “Ecclesiamm
533 2251 677 2321 Praelati,’‘
702 2254 796 2325 inquit
813 2252 967 2313 concilium
987 2251 1203 2319 Tridentinum,
1220 2249 1290 2307 “ad
1332 2325 1338 2335 Ι

191 2351 392 2428 corrigendum
406 2352 582 2412 subditorum
596 2371 747 2410 excessum
759 2352 912 2430 prudenter
921 2372 958 2410 ac
968 2351 1117 2429 diligenter
1126 2349 1289 2415 intendant,

190 2461 218 2507 et
231 2470 317 2508 nemo
337 2452 480 2509 surcularis
500 2452 631 2516 clericus,
650 2453 777 2529 cujusvis
798 2452 966 2527 personalis,
981 2453 1027 2509 vel
1040 2451 1189 2528 regularis,
1205 2458 1289 2507 extra

190 2550 396 2607 monasterium
410 2549 526 2624 degens,
538 2551 624 2607 etiam
634 2552 679 2608 sui
693 2550 801 2608 ordinis
815 2550 956 2627 privilegii
970 2559 1206 2626 praetexuimus
1220 2566 1289 2606 een·

189 2659 295 2714 ceatur,
317 2649 480 2719 quominus,
502 2650 527 2706 si
548 2649 707 2721 deliquerit,
728 2651 762 2705 ab
782 2648 923 2708 ordinario
943 2650 1010 2719 loci,
1031 2659 1176 2722 tamquam
1198 2666 1289 2724 super

190 2748 247 2807 hoe
269 2768 284 2805 a
311 2746 386 2805 Sede
410 2747 577 2824 Apostoliea
602 2749 740 2826 delegato,
764 2749 921 2808 secundum
947 2751 1098 2807 canonicas
1121 2748 1289 2807 sanctiones

191 2846 311 2913 visitari,
326 2847 431 2922 puniri,
446 2860 474 2903 et
487 2849 590 2923 corrigi
603 2841 741 2905 valeat.”⁴
782 2848 873 2906 Extra
885 2849 1087 2906 monasterium
1107 2848 1213 2924 degere
1226 2864 1288 2905 non

191 2956 322 3003 censetur
334 2947 358 3002 is
372 2942 421 3015 qui
435 2946 468 3002 ad
482 2946 568 3005 breve
583 2947 987 3023 tempusextraclaustrumex
997 2948 1161 3025 Superioris
1170 2947 1289 3005 licentia

189 3054 326 3109 moratur,
348 3046 546 3112 concionandi,
569 3046 764 3103 consessiones
791 3046 963 3121 excipiendi,
985 3047 1030 3104 vel
1056 3047 1110 3103 alia
1135 3064 1173 3105 ex
1199 3062 1289 3102 causa

191 3143 328 3221 legitima.
352 3142 427 3199 Sunt
439 3145 524 3201 etiam
539 3145 587 3216 qui
598 3146 748 3221 opinantur
760 3144 832 3201 intra
845 3146 1048 3204 monasterium
1063 3146 1174 3204 censeri
1184 3145 1236 3216 qni
1250 3142 1287 3201 ad

193 3243 311 3319 longum
327 3253 438 3318 tempus
452 3253 533 3301 extra
547 3255 682 3311 versatur,
697 3244 802 3319 praevia
815 3245 977 3320 Superioris
997 3245 1127 3311 licentia;
1148 3253 1177 3301 et
1188 3255 1288 3320 potes-

192 3352 275 3400 tatem
297 3344 326 3400 in
353 3361 403 3400 eos
431 3361 597 3402 concessam
624 3353 733 3420 putant,
760 3345 820 3414 qui,
840 3344 919 3402 nulla
935 3343 1030 3400 habita
1055 3345 1182 3410 licentia,
1205 3355 1289 3400 extra

192 3441 315 3498 claustra
328 3441 374 3497 diu
391 3456 534 3518 vagantur,
546 3444 591 3501 vel
605 3445 653 3515 qui
667 3443 702 3500 ad
717 3451 828 3518 tempus
841 3442 1040 3519 longissimum
1054 3443 1154 3519 procul
1168 3442 1288 3519 aSupe·

193 3540 267 3595 rioro
281 3533 414 3613 degunt⁵
456 3541 497 3598 Hi
512 3544 600 3613 quiin
614 3542 659 3600 his
674 3542 828 3618 provinciis
842 3542 961 3618 parochi
974 3544 1021 3600 vel
1033 3541 1209 3600 missionarii
1223 3541 1287 3599 iun·

192 3646 298 3712 guntur
311 3637 477 3694 muneribus
491 3640 591 3714 procul
605 3659 621 3696 a
634 3641 773 3706 claustris,
788 3650 817 3697 et
825 3642 904 3699 nulla
916 3642 975 3699 sere
989 3642 1177 3717 Superiorum
1191 3643 1289 3717 agnita

192 3734 365 3800 auctoritate,
383 3736 585 3812 episcoporum
600 3739 766 3796 correctioni
780 3740 911 3798 videntur
924 3740 1007 3815 plane
1030 3741 1141 3817 subjici.
1184 3738 1245 3805 Qui
1258 3741 1290 3797 in

193 3835 322 3892 claustris
344 3847 497 3903 morantur,
519 3837 564 3892 vel
590 3845 669 3893 extra
689 3848 835 3897 versantur
854 3839 889 3897 ad
909 3850 1021 3916 tempus
1045 3859 1082 3897 ex
1096 3839 1289 3915 Superiorum

225 4056 271 4186 (Ιὲ
284 4055 353 4105 'I'rid
366 4056 433 4105 Sssr.
447 4058 504 4108 xxii.
516 4057 612 4109 Decret.
624 4057 653 4109 de
664 4057 753 4110 odem.
765 4064 788 4110 et
800 4061 855 4112 enit.
864 4060 893 4110 in
902 4059 943 4112 cel
957 4061 1026 4112 Mirr.
1057 4061 1122 4112 Vide
1133 4061 1208 4112 etiam
1220 4057 1284 4111 Ben.

192 4139 240 4188 xiv.
272 4156 314 4203 yn.
324 4142 338 4189 l.
350 4142 375 4189 ir
387 4158 407 4191 c.
420 4142 470 4190 xri.

227 4223 266 4286 (ἃ)
286 4223 347 4287 Cap.
357 4225 373 4272 i.
385 4223 414 4274 de
422 4225 488 4290 prin.
500 4228 525 4275 in
536 4231 559 4277 6.
741 4231 783 4294 (3)
802 4228 827 4276 S.
840 4228 915 4294 Alph.
926 4245 981 4294 app.
993 4231 1017 4279 ii.
1029 4229 1125 4280 lxxviii.

228 4310 271 4373 (t)
292 4308 355 4357 Sess.
368 4312 400 4357 ri.
410 4325 462 4373 cap.
475 4311 508 4359 iii.
519 4311 549 4361 de
557 4311 611 4361 tter.
739 4316 779 4378 (b)
799 4314 826 4363 S.
835 4315 910 4380 Alph.
921 4330 977 4379 ¹epp.
989 4315 1014 4363 ii.
1026 4331 1051 4366 n.
1064 4315 1150 4366 lxxxii.
