2766 4996
138 416 198 471 ast
589 404 646 464 DE
667 401 815 464 BELLO.

142 575 217 653 apud
229 573 349 650 Angloe,
363 589 421 629 non
434 573 473 630 ita
486 569 560 646 apud
572 563 652 627 nos.¹
693 565 802 644 Captet
814 586 868 626 suo
880 571 1000 628 nomine
1014 569 1099 634 litem
1113 572 1188 629 valet
1199 575 1237 630 in·

141 675 257 734 etinterc
270 689 367 730 eoram
382 669 513 729 tribunali
535 670 565 727 in
584 669 701 745 regione
721 667 848 726 hostium
865 677 897 726 ut
916 669 1042 746 pretium
1063 673 1236 746 promissum

140 754 297 849 recuperet,
311 788 372 829 nou
387 781 481 828 umen
498 769 528 826 in
547 768 661 844 Anglia,
680 767 730 824 ubi
748 765 798 824 lex
817 785 875 825 non
895 768 963 826 sinit
982 767 1100 827 hostem
1117 773 1169 847 jus
1189 771 1237 828 sibi

142 870 298 932 vindicare.
350 869 524 939 Plerumque
550 866 717 938 relinquitur
744 865 848 938 aliquis
868 866 897 924 iu
922 864 1136 936 vadimonium,
1163 871 1237 946 cujus

67 1004 72 1010 .
143 971 261 1032 nomine
288 969 446 1028 instituitur
469 966 516 1034 lis,
543 977 574 1024 ut
605 966 697 1042 pretio
729 964 875 1041 persoluto
900 965 931 1023 in
961 964 1127 1027 libertatem
1155 967 1238 1026 vindi·

148 1060 254 1130 cotur.²

183 1174 233 1228 33.
254 1168 333 1245 Lege
347 1165 472 1226 districte
482 1173 590 1222 vetatur
599 1164 689 1222 cuivis
701 1163 760 1221 civi
767 1162 897 1222 Sulcum
907 1162 1128 1224 Foederatorum
1141 1184 1238 1224 navem

144 1280 242 1328 contra
255 1267 379 1339 aliquam
393 1274 506 1342 gentem
527 1282 590 1335 que
609 1281 676 1321 cum
689 1262 836 1341 republica
853 1271 950 1320 nostra
961 1264 1088 1323 amicitia
1099 1264 1239 1324 soedereve

144 1369 296 1444 conjuncta
309 1365 347 1421 sit
358 1365 506 1429 instruere,
520 1361 595 1419 bello
616 1362 688 1418 inter
706 1380 771 1420 eam
792 1370 821 1418 et
839 1361 922 1419 aliam
942 1373 1060 1439 gentem
1080 1357 1239 1441 flagrante.³

147 1464 205 1532 Qui
218 1474 299 1521 extra
308 1463 380 1539 justi
393 1461 459 1519 belli
472 1460 653 1519 occasionem
667 1478 754 1519 naves
766 1459 903 1537 diripiunt
923 1479 1134 1536 quascumque,
1149 1465 1238 1540 pirata

149 1573 225 1632 sunt,
239 1572 269 1621 et
281 1561 316 1620 ad
329 1560 535 1619 restituendum
549 1559 668 1619 omnino
680 1561 807 1637 obligati.

186 1668 236 1722 34.
258 1671 278 1697 “
289 1660 505 1720 Postliminium
519 1659 601 1736 fingit
619 1677 687 1717 eum
700 1661 750 1733 qui
762 1668 863 1736 captus
881 1669 935 1728 est,
952 1660 982 1718 in
1001 1661 1115 1718 civitate
1129 1678 1239 1737 semper

145 1756 285 1822 luisse.’'⁴
325 1762 368 1820 lta
385 1761 435 1837 jus
457 1759 641 1818 Caesareum:
664 1767 834 1836 quapropter
851 1759 900 1836 jus
919 1758 1090 1835 postliminii
1109 1774 1157 1817 est
1168 1760 1239 1817 fictio

147 1863 277 1939 quedam
289 1862 374 1939 juris,
391 1880 447 1934 qua
461 1879 507 1918 res
521 1859 568 1917 vel
587 1876 710 1936 persone
730 1858 764 1915 ab
784 1857 907 1917 hostium
929 1869 1067 1935 potestate
1080 1869 1241 1936 recuperata

146 1961 266 2025 habetur
277 1960 363 2018 veluti
371 1978 517 2032 uunquam
527 1969 617 2035 capta.
639 1957 671 2015 Si
682 1958 746 2030 quis
754 1957 829 2016 bona
841 1958 876 2015 ab
888 1957 1018 2017 hostibus
1026 1960 1239 2036 recuperaverit,

148 2077 206 2118 non
219 2078 273 2117 sua
285 2059 367 2124 liunt,
377 2076 430 2116 nec
443 2057 616 2133 reipublice,
627 2055 678 2113 sed
692 2058 755 2134 ejus
769 2058 852 2134 cujus
865 2067 947 2115 antea
958 2055 1096 2116 fuerant⁸
1114 2059 1150 2118 ln
1162 2058 1242 2115 rebus

148 2158 300 2225 molfflbus
324 2158 374 2233 jus
399 2156 456 2216 hoc
473 2174 532 2216 non
557 2154 721 2216 conceditur
746 2157 802 2215 uisi
828 2156 933 2216 luerint
954 2156 1034 2215 brevi
1060 2167 1242 2235 recuperate,

151 2277 217 2318 nam
231 2268 298 2336 post
313 2258 412 2335 viginti
433 2267 554 2330 quatuor
565 2254 650 2314 horas
671 2255 783 2332 elapsas
802 2256 874 2314 fiunt
892 2257 1010 2315 omnino
1023 2257 1148 2315 victoris.
1190 2255 1243 2313 lm·
1313 2271 1314 2274 ’

151 2359 268 2417 mobilia
281 2376 318 2416 eo
331 2355 456 2434 gaudent
464 2359 540 2435 jure,
555 2375 642 2428 quum
662 2355 743 2414 facilc
763 2375 780 2413 a
797 2355 922 2414 dominis
941 2365 1141 2433 agnoscantur,
1160 2356 1243 2413 etiam

150 2465 217 2532 post
228 2457 343 2531 lapsum
357 2458 509 2530 temporis:
535 2453 586 2510 sed
599 2456 750 2530 praemium
765 2454 907 2527 quoddam
921 2456 993 2512 solet
1004 2454 1066 2514 dari
1080 2457 1183 2514 iterum
1200 2472 1242 2511 ca·

149 2555 303 2630 piontibus.
346 2553 379 2610 Si
392 2555 505 2611 interim
519 2551 665 2610 venditum
685 2553 777 2621 luerit,
797 2565 910 2631 emptor
922 2556 1002 2614 omni
1018 2555 1084 2631 jure
1104 2553 1189 2620 cadit,
1202 2564 1258 2617 est.

149 2653 225 2712 enim
240 2652 342 2730 prioris
355 2650 479 2712 domini:
501 2653 557 2711 nisi
576 2652 675 2710 civitas
696 2663 744 2711 aut
758 2655 838 2730 regio
851 2654 951 2714 victori
964 2653 1095 2721 tradann,
1110 2654 1184 2711 inter
1196 2671 1242 2728 pa·

151 2755 194 2812 cis
210 2752 399 2820 conditionem
416 2763 483 2813 tunc
496 2753 573 2812 enim
587 2750 718 2811 alienatio
731 2754 811 2828 prius
828 2753 901 2811 sacta
913 2772 930 2810 a
942 2753 1049 2812 victore
1061 2752 1142 2811 alteri
1155 2751 1245 2809 adhuc

151 2855 263 2913 valebit.
307 2853 394 2930 Apud
409 2852 508 2912 Gallos
522 2853 602 2920 olim,
616 2862 645 2909 et
665 2851 740 2929 apud
761 2871 813 2910 nos
834 2853 863 2910 in
882 2852 957 2911 bello
970 2852 1152 2919 Americano,
1166 2851 1244 2908 navis

150 2970 214 3024 quae
237 2971 289 3029 per
310 2954 411 3030 viginti
425 2963 545 3023 quatuor
564 2953 649 3009 horas
670 2953 700 3009 in
723 2960 859 3028 potestate
881 2951 1006 3010 hostium
1028 2952 1131 3019 suerat,
1150 2949 1245 3027 postli-

150 3050 233 3109 minii
243 3051 302 3128 juri
316 3067 374 3107 non
384 3060 443 3106 erat
456 3051 600 3116 obnoxiu
621 3048 671 3106 sed
681 3051 742 3127 jam
756 3050 860 3123 ubique
870 3051 1007 3109 sententia
1018 3049 1164 3108 tribunalis
1175 3066 1246 3124 opus

152 3158 241 3207 estut
254 3148 430 3227 postliminio
443 3167 500 3206 non
514 3149 551 3206 sit
563 3148 653 3208 locus.

148 3326 271 3392 authority
285 3327 313 3377 ol
328 3327 369 3378 the
381 3337 443 3377 stato
454 3336 479 3377 tc
492 3326 574 3377 which
585 3326 627 3377 ths
638 3336 721 3392 ceptor
734 3325 843 3388 belongs,
852 3325 900 3376 sud
912 3326 932 3376 it
942 3326 1015 3376 binde
1026 3326 1068 3376 the
1079 3324 1247 3376 commandere

149 3413 179 3462 os
191 3411 261 3463 other
273 3413 376 3463 cruisets
389 3423 414 3463 to
426 3422 521 3478 respect
531 3412 574 3463 ths
585 3413 636 3462 selo
647 3414 754 3463 conduct
770 3411 828 3463 thus
839 3410 937 3475 giveul'
955 3411 1055 3469 ibidem,
1066 3427 1091 3461 ιι.
1106 3410 1162 3459 105.

185 3498 228 3562 (l)
248 3505 262 3528 ⁸⁴
271 3497 343 3561 They
356 3498 419 3548 bave
432 3515 506 3548 nocer
519 3500 579 3548 been
592 3499 727 3564 prohibited
738 3499 764 3549 in
776 3498 827 3548 this
833 3495 961 3562 country.’'
979 3497 1079 3546 ibidem.

187 3582 230 3644 (2)
249 3580 330 3630 “Tho
348 3583 444 3646 romedy
458 3592 483 3632 to
502 3582 598 3633 enforce
615 3593 732 3648 paymcut
749 3584 778 3633 ol
791 3583 833 3633 the
849 3599 947 3633 mnsom
962 3583 1004 3633 bill
1016 3583 1053 3632 lor
1069 3582 1111 3631 the
1122 3579 1215 3631 beusfit
1225 3580 1252 3628 ol

149 3663 191 3714 the
202 3679 290 3727 enemy
303 3673 394 3728 ceptor,
406 3666 428 3715 is
439 3667 469 3729 by
481 3682 512 3715 ιιι
525 3667 606 3717 action
619 3669 650 3731 by
661 3667 703 3717 the
714 3669 862 3733 impriscned
872 3668 981 3734 hostane,
991 3668 1016 3717 in
1028 3666 1070 3717 the
1079 3675 1164 3718 ecnrts
1175 3667 1203 3715 of
1210 3665 1249 3715 bis

150 3766 208 3801 own
218 3758 330 3814 country,
341 3749 377 3798 lor
388 3749 429 3799 the
439 3765 552 3814 rccorcry
564 3750 593 3801 ol
606 3751 646 3801 his
657 3752 789 3802 smdoml’
808 3753 908 3812 Ibidem,
919 3772 943 3806 n.
958 3752 1010 3802 tut.

187 3839 228 3902 (θ)
241 3836 342 3895 lbidem‚
354 3851 379 3885 ιι.
392 3836 448 3885 106.

192 3924 234 3990 (l)
248 3923 309 3973 lnst.
321 3923 336 3972 i.
352 3921 390 3972 12.
401 3923 424 3972 5.

187 4011 229 4076 (b)
244 4016 258 4040 ¹⁴
270 4007 364 4068 When,
382 4007 507 4068 therefore,
519 4017 631 4074 property
649 4009 721 4058 talisn
734 4009 765 4073 by
778 4008 819 4058 the
835 4024 924 4072 enemy
937 4009 958 4058 is
969 4008 1046 4058 either
1063 4008 1206 4072 receptured
1223 4023 1251 4056 or

155 4098 255 4148 rswusd
264 4099 327 4149 hom
338 4098 398 4159 him,
409 4101 439 4163 by
453 4098 495 4148 the
506 4099 586 4148 tettow
598 4099 704 4164 subjecta
719 4114 747 4147 cr
763 4099 831 4148 allice
848 4099 876 4147 ol
891 4099 931 4148 the
942 4098 1046 4161 original
1057 4113 1149 4156 owner,
1161 4099 1182 4147 it
1191 4097 1250 4149 dces

152 4189 197 4232 not
209 4183 308 4233 beeom
319 4184 361 4233 tho
372 4194 484 4249 property
492 4185 521 4235 of
529 4185 570 4234 the
581 4194 688 4248 receptor
700 4201 727 4233 or
739 4199 843 4243 toscusr,
854 4200 881 4233 as
889 4184 911 4234 it
918 4184 938 4235 it
950 4183 998 4234 hed
1009 4185 1069 4233 besu
1081 4200 1097 4233 a
1108 4198 1166 4233 now
1176 4184 1249 4249 prise,

153 4266 197 4316 but
208 4265 259 4315 itis
276 4267 381 4316 reatorcd
401 4275 426 4316 tc
443 4267 485 4318 the
503 4269 605 4331 original
624 4284 715 4328 owner,
734 4268 766 4333 by
779 4269 843 4331 right
859 4268 888 4318 ol
901 4267 1053 4334 postliminy,
1072 4281 1141 4332 upon
1157 4268 1250 4318 certain

153 4346 251 4398 terms.”
270 4347 358 4399 Kent's
370 4348 442 4399 Com.
454 4350 501 4400 rol.
514 4351 529 4400 i.
541 4360 595 4416 pert
606 4351 622 4402 i.
636 4349 696 4401 Lsc
706 4367 729 4400 ι.
741 4368 766 4407 ιι.
781 4351 837 4401 109.
