2744 4980
372 387 428 448 DE
449 387 626 483 JEJUNiO
647 390 706 449 ΕΤ
725 390 1026 455 ABSTINENTIA.
1206 407 1265 460 215

210 555 262 610 56.
284 552 343 611 lter
356 552 491 610 facientes
512 552 658 629 pedestres
672 575 689 612 a
707 555 850 631 pleriswe
870 571 1042 618 excusantur
1054 581 1071 618 a
1078 562 1182 638 jejunii
1195 566 1265 623 obli·

123 651 296 730 gatione,
320 652 346 708 si
359 653 483 726 spatium
503 652 667 724 quindecim
687 655 848 714 milliarium
868 655 970 715 eodem
990 659 1037 716 die
1057 661 1217 730 conficiant,
1238 674 1266 721 et

134 753 222 809 iter
233 749 387 808 commode
400 748 515 809 differre
528 751 604 809 haud
617 755 767 826 potuerint
810 757 875 813 “Si
890 765 986 815 umen
999 759 1046 815 via
1059 770 1135 816 esset
1153 771 1210 818 tam
1223 781 1265 819 ar·

141 846 238 914 dua,
253 856 304 905 aut
317 858 428 923 tempus
444 858 499 908 tam
514 868 657 926 aspemm,
672 862 720 908 aut
732 853 756 908 si
770 852 902 911 itinerans
916 867 992 913 esset
1010 856 1080 915 adso
1094 856 1206 927 debilis,
1221 861 1266 918 vel

153 947 270 1003 itineri
284 965 344 1004 non
357 958 496 1015 assuetus,
510 959 612 1006 utnon
632 960 731 1024 posset
745 951 875 1026 jejunare
895 955 956 1011 sinc
970 974 1073 1031 magna
1084 955 1265 1027 difficultate3

154 1045 209 1102 ob
224 1045 277 1101 has
292 1064 391 1104 causas
402 1034 555 1119 aliquando
568 1059 738 1122 posseteum
753 1068 889 1108 excusare
900 1071 917 1109 a
925 1053 1037 1129 jejunio
1051 1055 1103 1110 iter
1114 1055 1198 1113 etiam
1213 1075 1264 1115 sex

161 1143 353 1211 milliarium,
368 1145 413 1201 vel
426 1145 554 1204 miuus.”
583 1143 780 1205 Excusantur¹
790 1150 877 1208 etiam
883 1150 984 1208 eadem
998 1152 1033 1209 de
1047 1171 1131 1210 causa
1143 1154 1267 1228 plaustra

160 1233 331 1300 ducentes:
353 1244 412 1301 imo
424 1254 453 1301 ct
465 1244 618 1302 litterarum
632 1246 746 1312 latores,
759 1246 804 1305 vel
825 1248 872 1306 alii
885 1250 934 1321 qui
954 1267 1006 1324 per
1024 1260 1112 1308 totum
1126 1251 1200 1311 diem
1216 1256 1268 1311 cir·

169 1353 357 1399 cumcursant
368 1343 466 1400 urbem
480 1344 658 1420 negotiorum
672 1363 765 1402 causa.

213 1445 263 1499 57.
285 1440 331 1499 De
348 1443 540 1514 equitantibus
555 1442 685 1501 damnata
705 1453 749 1500 est
767 1444 801 1500 ab
822 1443 985 1503 Alexandro
1007 1444 1075 1503 Vll.
1090 1451 1266 1522 propositio:

174 1549 192 1572 “
205 1539 389 1598 Excusantur
402 1541 529 1599 absolute
550 1561 567 1597 a
586 1551 728 1617 precepto
749 1544 853 1618 jejunii
866 1560 967 1601 omnes
986 1543 1037 1611 1111,
1051 1545 1101 1616 qui
1114 1547 1168 1603 iter
1181 1559 1268 1624 agunt

177 1637 340 1709 equitando,
355 1649 509 1712 utcumque
522 1641 575 1697 iter
594 1653 686 1715 agant,
701 1642 811 1699 etiamsi
825 1643 879 1699 iter
897 1643 1090 1701 necessarium
1109 1649 1226 1713 nonsit,
1241 1659 1269 1703 et

178 1738 288 1794 etiamsi
303 1738 354 1795 iter
367 1739 452 1795 unius
465 1738 523 1797 diei
536 1733 734 1796 conficiant.'’²
775 1748 794 1774 ‘⁴
807 1739 985 1807 Caetemm,’'
1001 1742 1040 1798 ait
1053 1741 1085 1798 S.
1100 1742 1267 1818 Alphousus

177 1839 396 1895 “communiter
409 1835 539 1895 doctores
550 1847 688 1895 excusant
696 1839 744 1910 qui
754 1839 796 1895 sic
810 1841 974 1897 itinerantur
985 1840 1139 1917 perplures
1149 1840 1210 1899 dies
1220 1885 1227 1900 .
1240 1886 1265 1899 ..

178 1933 260 1992 Bene
281 1946 373 1994 autem
394 1934 513 1996 advertit
527 1936 612 2003 Viva,
633 1936 711 2008 quod
731 1936 897 2013 hujusmodi
918 1939 1080 1996 itinerantes
1100 1959 1158 1997 non
1179 1959 1265 1998 excu-

178 2045 282 2101 santur,
298 2037 324 2093 si
337 2045 449 2092 constet
460 2055 510 2094 eos
525 2035 586 2092 sine
599 2053 703 2111 magno
722 2035 904 2095 incommodo
917 2054 1001 2112 posse
1010 2038 1149 2112 jejunare.
1192 2040 1268 2097 Pra-

179 2143 253 2190 terea
267 2143 343 2190 recte
357 2133 470 2192 dicunt.
482 2176 507 2191 ..
522 2152 607 2210 posse
622 2133 774 2205 aliquando
788 2153 924 2192 excusare
938 2136 991 2192 iter
1003 2137 1087 2194 etiam
1101 2139 1185 2194 unius
1199 2138 1267 2206 diei,

180 2232 200 2288 si
213 2231 358 2308 agendum
373 2243 451 2290 esset
463 2253 527 2291 cum
542 2251 645 2309 magna
658 2232 867 2307 defatigatione,
881 2245 913 2290 ut
924 2235 1020 2291 evenit
1031 2235 1192 2292 cursoribus
1203 2256 1210 2294 ι
1225 2238 1269 2295 vel

178 2331 198 2387 si
212 2331 347 2403 equitans
361 2332 398 2389 sit
411 2330 522 2399 debilis,
544 2342 592 2387 aut
604 2341 717 2406 tempus
738 2331 775 2387 sit
794 2350 936 2407 asperum,
950 2332 996 2389 vel
1015 2334 1068 2390 iter
1080 2332 1208 2400 arduum,
1223 2347 1270 2391 aut

177 2429 464 2488 extraordinarium.”
507 2429 565 2497 Qui
579 2430 699 2505 publicis
720 2430 846 2487 curribus
860 2432 1000 2488 vehuntur
1013 2449 1064 2505 per
1077 2441 1164 2489 totum
1179 2431 1266 2500 diem,

172 2547 201 2585 ac
220 2538 311 2586 totam
325 2528 383 2586 sere
397 2540 521 2597 noctem,
535 2528 666 2586 videntur
678 2529 808 2586 excusari
822 2548 838 2584 a
856 2529 977 2606 jejunio,
989 2548 1077 2600 quum
1087 2530 1270 2602 frequentiori

167 2629 238 2685 cibo
254 2626 290 2683 ad
304 2626 532 2704 defatigationem
547 2626 739 2685 sustinendam
753 2637 864 2701 egeant.

210 2730 264 2783 58.
286 2724 394 2784 Pictas
408 2737 526 2784 excusat
539 2746 555 2783 a
563 2727 674 2802 jejunio
682 2744 738 2787 ,eos
759 2727 808 2795 qui
828 2744 909 2797 aequa
921 2744 958 2782 ex
978 2744 1063 2782 causa
1076 2728 1124 2800 pia
1137 2726 1264 2802 aggredi·

161 2837 261 2882 untur
285 2844 382 2900 opera,
405 2844 469 2897 quae
488 2826 649 2900 jejunantes
663 2825 711 2880 vix
729 2833 850 2899 possunt
869 2823 1004 2898 perficere
1017 2824 1122 2895 absque
1135 2826 1212 2899 gravi
1227 2826 1268 2881 in·

164 2923 351 2982 commodo:
375 2934 393 2959 ‘⁴
402 2923 503 2996 quia,”
517 2935 549 2981 ut
562 2924 600 2980 ait
613 2923 645 2978 S.
661 2923 802 2988 Thomas,
824 2931 843 2957 ‘⁴
856 2940 913 2979 uon
927 2921 1036 2978 videtur
1049 2921 1137 2978 fuisse
1150 2923 1268 2981 intentio

164 3023 317 3082 Ecclesia
333 3025 481 3081 statuentis
491 3024 613 3100 jejunia,
628 3031 660 3078 ut
672 3039 722 3097 per
735 3020 790 3077 hoc
804 3020 955 3097 impediret
967 3020 1035 3077 alias
1050 3021 1122 3096 pias,
1136 3032 1165 3078 ct
1176 3025 1268 3099 magis

166 3123 353 3179 necessarias
374 3112 523 3179 causas.”³
565 3131 584 3156 ‘⁶
598 3121 676 3179 Hinc
700 3124 725 3176 1.
740 3131 912 3178 excusantur
930 3121 980 3192 qui
1001 3119 1127 3193 pluribus
1148 3121 1268 3178 infirmis

162 3240 239 3279 cum
254 3239 359 3297 magno
372 3219 467 3278 labore
490 3221 649 3279 inserviunt
668 3221 697 3276 in
717 3218 904 3294 hospitalibus
925 3230 972 3275 aut
984 3218 1194 3274 monasteriis.”
1237 3225 1266 3274 2.

170 3329 193 3355 ‘⁸
208 3321 395 3378 Excusantur
408 3321 632 3385 concionatores,
654 3319 702 3390 qui
722 3316 875 3392 pradicant
894 3315 1019 3388 quotidie
1035 3315 1094 3371 sive
1108 3314 1268 3387 frequenter

172 3420 204 3476 in
219 3412 496 3494 quadragesima;”⁴
515 3417 647 3476 laudandi
667 3429 762 3473 tamen
781 3415 830 3487 qui
846 3415 989 3490 jejunium
1010 3424 1131 3479 servant,
1154 3415 1180 3471 si
1193 3416 1267 3472 vale·

172 3530 223 3575 ant
238 3519 344 3589 absque
358 3516 526 3575 valetudinis
539 3516 717 3575 detrimento.
752 3511 808 3579 Qui
826 3523 868 3571 ter
881 3512 926 3570 vel
938 3523 1036 3584 quater
1050 3513 1079 3569 in
1091 3512 1268 3571 hebdomada

176 3618 390 3683 concionantur,
412 3635 428 3672 a
443 3617 555 3692 jejunio
574 3634 626 3692 per
638 3625 723 3674 totam
744 3611 949 3671 hebdomadam
971 3610 1123 3684 aliquando
1136 3615 1266 3670 excusari

178 3728 309 3793 possunt,
325 3714 440 3787 quando
453 3715 561 3773 scilicet
574 3733 610 3771 ex
625 3713 752 3789 corporis
773 3713 922 3789 agitatione
936 3711 1108 3778 vehementi,
1123 3722 1151 3768 et
1163 3714 1266 3769 mentis

178 3815 281 3883 studio,
305 3815 448 3892 jejunium
470 3825 614 3886 nequeunt
627 3812 759 3888 perferre.
802 3811 1016 3869 “Excusantur
1037 3809 1155 3866 lectores
1175 3811 1266 3866 scien·

179 3917 279 3974 tiarum
293 3915 343 3986 qui
356 3932 460 3989 magno
473 3912 567 3970 studio
581 3924 609 3969 et
621 3913 715 3970 labore
728 3905 905 3985 indigent.''⁵
934 3906 1104 3966 Scholastici
1118 3907 1202 3964 etiam
1216 3908 1267 3978 qui

245 4121 287 4183 (l)
299 4117 324 4168 S.
336 4117 488 4182 Alphonsus,
501 4117 515 4166 1.
527 4117 559 4166 vi.
570 4132 595 4167 u.
610 4118 682 4165 1047.
851 4110 892 4177 (2)
907 4111 978 4176 Prop.
991 4109 1031 4157 ³1.

245 4204 283 4271 (3)
298 4207 322 4253 2.
334 4207 378 4254 ²2³.
391 4220 432 4268 qu.
444 4205 498 4252 147.
510 4201 540 4251 sd
552 4199 576 4251 3.
809 4240 814 4245 .
858 4197 900 4262 (4)
915 4194 941 4244 S.
953 4194 1074 4260 Alpheas
1086 4194 1102 4245 1.
1114 4193 1147 4245 111.
1162 4197 1233 4246 1041.

641 4285 681 4349 (5)
701 4281 801 4332 ibidem.

1303 4299 1308 4327 1
