2744 4980
639 166 657 201 ἐ

135 374 184 463 14'
404 402 462 461 ou
481 402 664 462 romeus
684 402 980 465 vouuuuuuns

132 588 150 625 a
161 565 305 626 voluntate
316 567 488 643 procedunt:
512 587 547 625 v:
570 587 606 646 g:
628 579 722 627 motus
733 571 812 646 pravi
825 570 873 642 qui
887 572 942 646 piis
955 569 1117 627 hominibus
1131 570 1231 626 invitis

132 676 161 724 et
174 666 373 724 reluctantibus
386 667 551 744 insurgunt:
574 676 701 745 stuprum
716 667 791 740 quod
805 670 909 744 patitur
920 670 1010 744 virgo,
1025 668 1131 732 auimo,
1145 686 1229 734 voce,

133 765 326 838 membrisque
353 784 467 841 prorsus
493 784 663 843 repugnans.
706 766 896 824 Involuntaria
920 765 1085 825 secundum
1110 765 1188 842 quid
1213 786 1232 822 a

134 864 248 922 Schola
268 862 428 922 doctoribus
452 863 581 923 dicuutur
601 883 635 922 ea
655 884 718 938 quae
731 865 860 922 voluntas
883 884 957 942 ogre
980 865 1168 942 amplectitur,
1193 863 1229 920 ad

133 962 240 1022 malum
254 962 369 1035 aliquod
383 962 592 1031 declinandum,
605 963 671 1021 licet
683 963 809 1036 alioquin
822 981 856 1021 ea
875 976 1026 1022 cremetur.
1070 965 1119 1020 Sic
1142 964 1230 1039 proji-

133 1063 245 1119 ciuntur
268 1080 377 1119 merces
400 1081 417 1117 a
439 1072 523 1119 nauta
542 1074 573 1119 ut
589 1063 765 1139 naufragium
786 1060 901 1120 evadat:
924 1062 1038 1120 traditur
1049 1063 1228 1137 marsupium

133 1180 150 1216 a
165 1161 269 1216 viatore
283 1160 399 1218 latroni:
423 1160 497 1218 cedit
517 1163 575 1219 vim
596 1161 725 1218 uisereuti
746 1160 850 1236 puella,
863 1179 899 1218 ne
912 1160 1067 1221 resistendo
1081 1161 1229 1217 infamiam

135 1260 278 1316 incurrat'
310 1256 381 1325 Qua
403 1269 468 1316 sunt
481 1260 606 1317 absolute
627 1259 812 1317 involuntaria
832 1261 916 1336 eulpa
928 1262 1007 1317 omni
1029 1270 1134 1316 carent.
1179 1259 1230 1315 Sic

133 1357 289 1433 Apostolus
304 1357 338 1414 de
352 1357 475 1414 motibus
488 1359 654 1416 rebellibus:
678 1367 697 1393 ‘⁶
708 1358 741 1415 Si
764 1342 855 1416 au'tem
870 1357 947 1431 quod
959 1358 1036 1424 nolo,
1049 1356 1119 1414 illud
1133 1357 1227 1415 facio:

131 1457 191 1532 jam
206 1473 262 1512 non
274 1475 328 1532 ego
342 1473 444 1531 operor
457 1455 536 1524 illud,
551 1456 602 1514 sed
615 1456 692 1529 quod
705 1456 853 1515 habitatin
865 1476 922 1524 me,
937 1452 1133 1533 peccatum.''¹
1155 1456 1229 1521 Quae

135 1564 229 1610 autem
238 1567 304 1611 sunt
316 1554 527 1627 quodammodo
538 1556 701 1622 voluntaria,
710 1555 776 1612 licet
786 1555 941 1613 secundum
952 1555 1020 1628 quid
1031 1554 1230 1619 involuntaria,

135 1652 219 1727 culpa
233 1663 408 1720 macarem,
423 1655 534 1726 quoties
555 1655 612 1730 legi
635 1653 736 1712 divinae
758 1653 947 1711 adversantur.
990 1654 1039 1711 Sic
1060 1653 1230 1710 adulterium

136 1750 213 1823 quod
224 1750 337 1808 admisit
346 1751 457 1818 mulier,
480 1771 579 1811 verens
600 1771 636 1810 ne
658 1753 840 1828 repugnando
861 1772 987 1812 rumores
1008 1752 1144 1810 excitaret
1163 1768 1230 1808 cum

136 1849 218 1907 samae
228 1850 347 1926 jactura,
361 1868 445 1926 grave
458 1854 565 1910 crimen
578 1862 629 1909 est.

573 2022 615 2087 (l)
637 2024 707 2075 Rom.
719 2041 742 2074 v.
754 2028 795 2075 20.
