2744 4980
230 111 286 172 DE
308 111 573 174 POTESTATIS
593 109 746 171 01vln1s
766 109 957 173 omenta.
1087 121 1144 175 261

38 279 95 336 vis
111 297 152 336 ex
164 280 313 339 communi
325 297 469 349 consensu
480 280 533 340 uni
544 280 591 340 sel
609 279 736 358 pluribus
748 281 899 341 multitudo
912 282 1069 342 concedere
1081 302 1146 360 pos·

35 377 86 434 sit
95 379 152 455 jus
167 377 311 450 quoddam
323 380 510 456 precipuum,
525 397 583 438 uon
601 379 669 437 satis
689 378 854 457 intelligitur
866 380 981 448 invitos,
1000 382 1068 441 licet
1079 400 1147 457 pau·

36 492 102 533 cos
131 495 263 544 numero,
290 476 477 552 plurimorum
502 478 645 537 voluntate
670 478 762 556 ligari,
785 478 832 536 vel
855 488 984 556 posteros
1006 481 1148 557 maj0rum

38 592 177 635 suorum
198 576 288 635 teneri
310 586 404 651 pacto,
425 578 471 634 vel
493 586 662 654 potestatem
685 576 721 634 ad
746 578 832 636 ritem
855 576 1008 638 tollendam
1033 596 1147 636 reorum

19 690 143 748 ›posse
158 675 193 731 ab
205 675 357 742 universis,
377 673 444 733 licet
463 676 713 741 consentientibus,
733 675 855 735 derivat
865 670 889 732 :¹
909 674 1030 750 ideoque
1044 674 1079 734 ad
1092 694 1151 735 me·

10 766 33 827 ſs·
44 789 121 830 rum
134 783 250 850 pactum
262 772 359 831 referri
372 776 472 846 nequit
483 776 629 851 potestatis
642 773 733 833 civilis
746 775 837 852 origo,
851 775 921 847 quin
934 775 1047 834 infirma
1059 775 1109 832 liat
1126 787 1156 832 et

27 908 32 912 -
49 870 184 928 incerta:
205 870 256 929 sed
268 871 428 931 necessarii
439 872 636 950 agnoscendus
650 881 694 930 est
706 873 798 941 Deus,
812 873 862 945 qni
874 872 1024 931 bominum
1036 871 1154 946 quidem

53 970 176 1029 arbitrio
189 970 335 1047 regiminis
348 969 469 1031 formant
483 973 607 1046 reliquit,
617 989 669 1030 sua
681 972 844 1031 auctoritate
853 989 888 1028 ea
900 989 964 1043 que
975 970 1010 1028 ad
1023 969 1153 1031 ordinem

59 1069 209 1126 societatis
221 1068 359 1128 tuendum
372 1069 453 1139 fiunt,
468 1072 637 1130 sanciturus.

82 1168 128 1224 ’3.
142 1167 250 1226 ‘Prima
270 1168 419 1244 regiminis
438 1171 550 1245 species
573 1166 684 1227 videtur
704 1168 793 1227 fnisse
813 1177 924 1245 patrum
946 1168 1082 1235 familias,
1106 1171 1154 1240 qui

56 1267 149 1336 quum'
161 1267 218 1323 rita
231 1265 382 1325 hominum
395 1267 468 1325 soret
479 1267 619 1336 diuturna,
630 1277 759 1343 posteros
772 1267 911 1344 plurimos
924 1267 980 1326 sibi
993 1268 1155 1342 obtemper-

56 1374 140 1421 antes
155 1364 323 1432 hibuerunt,
337 1366 456 1425 naturali
475 1367 561 1425 veluti
576 1369 657 1444 jura:
680 1364 731 1423 sed
743 1382 832 1438 quum
852 1365 1002 1424 multitudo
1021 1367 1052 1423 in
1064 1382 1155 1425 unum

58 1462 227 1529 coaluisset,
238 1480 302 1534 quar
315 1464 431 1521 vinculo
450 1464 615 1541 hujusmodi
635 1481 693 1522 non
713 1463 867 1531 tenebatur,
881 1462 1037 1539 eligebatur
1049 1463 1151 1520 virtute

60 1571 200 1635 prestans
212 1562 383 1628 etconsilio,
397 1563 448 1633 qui
467 1566 554 1638 patria
575 1565 662 1620 instar
681 1561 789 1618 ceteris
810 1569 952 1637 preesset
995 1560 1149 1618 Nonnum-

60 1676 150 1729 quam
163 1658 281 1732 contigit
300 1659 407 1716 viribus
427 1661 603 1734 superiorem
622 1659 651 1716 ri
663 1658 719 1716 sibi
739 1675 868 1735 arrogare
888 1658 1049 1732 imperium,
1073 1658 1152 1731 quod

59 1756 221 1832 legitimum
233 1773 293 1814 nou
305 1765 373 1824 erat,
388 1757 444 1815 nisi
458 1757 647 1816 multitudinis
667 1773 819 1815 consensu.
859 1756 911 1814 Ex
923 1765 1066 1815 rectorum
1080 1756 1152 1814 arbi·

61 1855 115 1911 trio
128 1872 206 1931 sepe
219 1855 325 1930 injusto
344 1854 450 1914 sactum
462 1865 516 1924 est,
528 1866 560 1915 ut
572 1866 660 1915 coeun
674 1854 901 1913 consiliariorum
920 1853 1091 1930 adjiceretur
1104 1856 1152 1926 qui

61 1952 141 2028 leges
154 1951 240 2011 ferret
251 1951 353 2025 quibus
372 1962 518 2031 regeretur
536 1955 679 2032 populus:
701 1953 752 2026 qui
770 1952 855 2010 etiarn
874 1968 951 2027 sepe
965 1951 1019 2008 sibi
1033 1953 1157 2010 servavit

59 2046 178 2126 jus'sas
197 2050 335 2126 probandi
354 2050 400 2108 vel
420 2052 578 2129 rejiciendi,
599 2071 636 2112 ne
655 2068 813 2128 paucorum
829 2047 1016 2108 dominationi
1039 2051 1155 2126 penitus

63 2146 223 2206 subessent
276 2147 384 2206 Turbis
409 2149 589 2223 motibusque
615 2149 799 2227 popularibus
824 2147 970 2225 republica
995 2148 1098 2224 agitata
1123 2147 1158 2205 ad

64 2264 154 2305 unum
168 2245 321 2319 aliquando
333 2265 447 2306 summa
459 2266 554 2307 rerum
573 2250 676 2307 iterum
693 2247 785 2306 delata
797 2257 850 2304 est
881 2246 931 2303 Sic
944 2263 996 2320 pro
1008 2263 1103 2304 rerum
1115 2248 1157 2305 vi·

64 2344 155 2409 cibus,
169 2355 199 2400 et
213 2342 366 2404 hominurn
377 2345 512 2422 cupidine
525 2348 636 2405 variatae
657 2355 723 2404 sunt
741 2344 889 2421 regiminis
903 2343 1018 2402 forme:
1040 2361 1160 2414 quarum

66 2442 299 2517 prestantissima
311 2442 455 2518 plerisque
468 2445 554 2503 unius
567 2445 718 2520 imperium
727 2442 822 2499 visum
834 2451 894 2499 est:
909 2438 960 2497 aed
973 2457 1063 2511 quum
1077 2441 1160 2497 facile

65 2540 94 2596 in
116 2539 298 2616 tyrannidem
319 2538 483 2617 degeneret,
505 2543 598 2619 potior
612 2542 674 2616 jam
694 2540 812 2598 habetur
830 2536 1001 2612 respublica,
1024 2536 1159 2594 electisa

67 2638 174 2714 populo
196 2638 366 2696 consiliariis
386 2657 452 2698 cum
474 2639 680 2699 Gubernatore.
723 2635 884 2695 Hominum
901 2635 970 2692 vitio
990 2634 1052 2692 hec
1072 2637 1157 2693 etiam

68 2754 225 2812 pauconrrn
236 2736 347 2795 utilitati
360 2755 437 2812 sepe
451 2740 578 2805 inservit,
592 2756 658 2796 cum
671 2735 857 2812 plurimorum
871 2732 1048 2791 detrimento.
1091 2743 1111 2769 “
1123 2732 1159 2790 ll·

66 2834 116 2893 lud
130 2833 377 2906 certumss'tinquit
387 2835 565 2913 Zallingerns
575 2835 611 2893 de
623 2835 723 2893 formis
733 2833 846 2908 imperii
855 2831 1008 2896 disserens,
1031 2839 1050 2866 ‘⁶
1062 2849 1159 2902 quam·

67 2932 135 2991 libet
147 2951 200 3009 per
219 2951 250 2989 se
263 2942 482 2992 consentaneam
494 2951 559 2991 esse
572 2931 691 2992 naturali
700 2931 769 3007 juri,
782 2939 811 2986 et
824 2950 841 2986 a
859 2927 978 2987 subditis
992 2945 1161 2986 conservan-

67 3031 143 3098 dam,
167 3041 243 3089 certe
266 3029 427 3100 serendam3
450 3031 528 3090 ‘non
550 3041 593 3088 eat
614 3032 691 3091 enim
713 3036 847 3104 potestas,
871 3025 928 3084 uisi
950 3045 967 3082 a
989 3024 1074 3088 Daoi
1096 3043 1158 3097 quae

68 3139 164 3187 autern
177 3139 253 3196 sunt,
268 3149 285 3186 a
300 3131 365 3189 Deo
385 3130 518 3211 ordinatae
532 3138 606 3188 suut
648 3128 747 3199 ltaque
767 3125 817 3197 qui
830 3124 935 3181 resistit
947 3124 1087 3198 potestati,
1101 3123 1159 3182 Dei

68 3227 239 3287 ordinationi
252 3228 378 3288 resistit!
412 3229 477 3288 Nec
490 3227 608 3287 dubium
620 3236 673 3295 est,
687 3225 756 3300 quin
772 3223 918 3302 ingenium
937 3222 1047 3298 populi,
1061 3241 1154 3281 mores

107 3489 152 3552 (1)
173 3486 321 3538 Poteetstem
332 3488 427 3538 civilem
438 3504 492 3537 essa
503 3505 518 3539 s
530 3488 591 3548 Deo,
608 3487 719 3553 quamvis
741 3486 866 3549 regiminis
877 3485 964 3535 electio
983 3483 1026 3533 fist
1037 3499 1053 3532 s
1070 3483 1170 3547 populo,

71 3572 178 3621 ostendit
189 3571 328 3632 Suarasius,
339 3589 368 3622 er
380 3589 410 3621 eo
421 3573 486 3636 quod
498 3575 579 3637 plnres
589 3580 701 3625 enroest
711 3578 780 3621 setus
791 3587 895 3634 quorum
907 3570 976 3620 nulls
984 3567 1086 3617 monitu
1092 3580 1171 3629 penes
1212 3578 1215 3585 ·

70 3655 185 3707 homines
196 3667 241 3709 eet.
275 3658 318 3710 Sic
332 3668 436 3709 mortem
453 3657 500 3707 reis
516 3658 613 3719 irrogat,
630 3657 797 3719 ultionemque
812 3655 871 3704 lecit
887 3652 1025 3710 criminum,
1043 3649 1109 3714 quod
1124 3652 1167 3714 jus

72 3756 146 3791 suum
163 3758 217 3791 esse
236 3742 305 3794 Dens
324 3751 432 3793 testatur.
467 3740 651 3790 Conscientiam
667 3739 734 3801 ligat,
745 3738 772 3788 iu
787 3753 862 3801 quarn
879 3736 915 3787 nil
926 3743 1029 3801 possunt
1048 3734 1170 3793 homines,

70 3823 155 3876 divine
165 3824 295 3876 deficiente
306 3826 439 3876 sanctione.
475 3823 538 3873 Vide
549 3821 577 3872 L.
588 3822 624 3873 iii.
634 3822 665 3870 de
676 3819 792 3882 Legibus,
802 3835 824 3869 c
835 3819 870 3869 iii.
881 3834 907 3869 n.
919 3818 943 3866 ³.
968 3818 1019 3878 Qui
1029 3817 1060 3866 sd
1071 3832 1165 3866 mamm

71 3919 169 3974 pactum
181 3911 306 3960 mcietstis
317 3925 367 3959 rem
378 3909 506 3969 reducunt,
517 3908 607 3958 tollunt
624 3905 718 3967 legibus
734 3904 793 3963 sim,
806 3902 986 3964 magistratibus
997 3901 1168 3959 merentium,

70 3995 208 4059 reipublice
220 3994 381 4047 munuum.
399 3993 463 4045 Vide
475 3992 559 4057 Paley,
572 3989 655 4044 Moral
664 3985 827 4057 Philosophy,
837 3988 854 4040 l.
865 3989 898 4040 vi.
906 4004 928 4039 c.
943 3990 967 4037 3.

820 4330 973 4408 Α
