2744 4980
142 390 202 443 252
578 374 634 434 DE
655 374 802 438 BELLO.

145 549 250 608 clesias
263 548 369 623 piaque
388 543 452 602 loca
473 536 609 609 diruere‚¹
630 557 683 598 uec
697 541 817 600 edificia
829 543 937 619 privata
950 540 997 599 vel
1010 541 1130 618 publica
1144 541 1241 612 quibus

147 648 190 704 vis
201 647 327 705 hostium
342 660 400 701 nou
414 652 540 719 augetur,
554 640 601 699 vel
613 640 716 696 artium
729 641 966 714 scientiarumque
979 640 1112 699 subsidia
1122 635 1242 698 tollere.²

149 747 181 804 Si
196 746 262 803 urbs
276 740 434 820 diripienda
446 741 579 808 tradatur,
593 737 669 811 quod
683 739 797 798 nonnisi
810 742 991 817 gravissimas
1004 741 1043 799 ob
1054 757 1158 798 causas
1171 738 1241 804 licet,

148 844 254 904 modus
265 841 417 919 direptioni
430 850 474 898 est
486 837 646 916 ponendus.
668 836 770 896 Praeda
782 841 926 916 eritjuxta
937 840 1032 916 legem
1046 840 1094 897 vel
1107 838 1241 915 principis

150 944 269 1003 ducisve
283 943 457 1001 voluntatem
470 936 671 997 distribuenda.
705 935 791 1002 Quod
800 940 825 997 si
838 938 922 996 miles
934 938 988 996 sibi
1002 936 1115 1010 aliquid
1127 955 1241 1015 usurpa-

151 1045 234 1110 verit,
249 1058 355 1118 magno
378 1057 409 1096 se
429 1039 525 1116 objicit
544 1055 636 1112 piene
656 1034 830 1094 discrimini:
851 1055 917 1095 nam
932 1039 999 1114 jure
1012 1035 1172 1095 Cesareo:
1195 1039 1241 1095 “is

152 1143 201 1214 qui
215 1138 340 1217 praedam
354 1139 389 1195 ab
401 1137 531 1196 hostibus
544 1147 654 1213 captam
674 1135 822 1210 subripuit,
841 1137 905 1213 lege
924 1135 1073 1213 peculatus
1088 1130 1242 1194 tenetur.”³

152 1241 198 1298 Ab
212 1239 291 1298 omni
305 1248 399 1296 autem
413 1237 520 1314 flagitio
533 1233 731 1294 abstinendum
744 1235 862 1293 omnino
875 1246 936 1292 estc
957 1245 1135 1312 quapropter
1150 1235 1244 1293 mulie·

152 1357 214 1396 mm
228 1337 391 1414 pudicitiam
404 1336 512 1394 nemini
524 1335 591 1393 licet
603 1344 747 1392 attentare.

191 1440 240 1494 ³0.
256 1446 276 1472 “
286 1437 356 1502 Qua
364 1454 402 1494 ex
415 1434 543 1493 hostibus
553 1434 694 1510 capimus,
704 1434 769 1509 jure
780 1433 907 1508 gentium
915 1433 1008 1491 statim
1017 1442 1117 1492 nostra
1126 1426 1244 1490 fiunt.”⁴

151 1536 195 1594 Ita
203 1537 253 1613 jus
268 1533 444 1593 Caesareum.
486 1534 621 1591 Attamen
641 1531 782 1589 recentius
798 1532 858 1608 jus,
872 1530 950 1603 quod
962 1533 1114 1609 principiis
1124 1532 1244 1609 jun'spe·

152 1636 281 1703 ntorum,
295 1634 451 1711 prasertim
466 1625 585 1700 Grotii,⁵
607 1640 635 1689 et
653 1630 744 1708 pactis
766 1632 951 1704 moribusque
967 1633 1117 1691 nationum
1140 1631 1244 1695 nititur,

153 1733 251 1792 mitius
264 1732 418 1792 admodum
431 1741 483 1789 est
525 1730 669 1804 Equidem
684 1738 778 1807 potest
790 1747 860 1805 gens
873 1748 937 1801 qute
946 1731 1053 1789 bellum
1062 1731 1145 1807 juste
1154 1730 1244 1794 insert,

152 1832 279 1891 hostiurn
304 1850 443 1909 occupare
465 1831 541 1889 bona
565 1840 702 1902 quantum
722 1845 840 1886 necesse
865 1830 902 1887 sit
927 1828 962 1886 ad
988 1829 1246 1900 damnorumque

153 1949 239 2011 passa
252 1940 296 1988 est
308 1931 580 2009 compensationem,
594 1938 623 1986 et
634 1926 670 1986 ad
682 1929 873 2004 impensarum
892 1928 960 1988 belli
973 1928 1158 1994 solutionem,
1172 1938 1202 1986 et
1213 1927 1246 1983 ad

152 2020 266 2106 hjuriae
280 2031 388 2106 justam
411 2028 579 2087 vindictam:
601 2036 773 2105 quapropter
791 2038 865 2085 recte
878 2025 947 2087 dicit
958 2028 991 2087 S.
1006 2027 1161 2086 Thomas:
1184 2025 1248 2083 “Si

90 2144 96 2155 ·
152 2126 193 2186 illi
213 2129 263 2201 qui
284 2128 480 2206 depraedantur
501 2129 609 2195 hostes,
629 2127 752 2186 habeant
776 2126 881 2186 bellum
902 2130 1023 2205 justum,
1045 2146 1090 2196 ea,
1112 2145 1178 2200 qum
1198 2143 1249 2202 per

152 2226 446 2288 violentiaminbello
469 2227 626 2301 acquirunt,
650 2245 749 2286 eorum
772 2218 983 2285 efficiuntur.”⁶
1022 2227 1089 2286 Nec
1106 2242 1250 2284 excessus

155 2327 237 2384 facile
251 2327 414 2395 admittitur,
430 2345 516 2400 quum
530 2326 697 2403 plerumque
711 2324 836 2384 videatur
848 2326 968 2403 direptio
986 2325 1021 2384 ad
1034 2327 1111 2384 vires
1121 2325 1249 2384 hostium

152 2425 337 2483 conterendas
361 2427 528 2484 necessaria.
572 2423 715 2484 Ceterum
735 2425 844 2483 nemini
863 2426 930 2483 licet
948 2426 1056 2502 privata
1082 2425 1250 2483 auctoritate

152 2522 271 2598 predari
285 2522 392 2592 hostes,
412 2525 458 2581 vel
477 2522 593 2582 modum
615 2544 632 2582 a
651 2523 722 2582 duce
736 2542 872 2600 supremo
885 2526 1081 2604 praescriptum
1095 2521 1248 2582 excedere.

153 2620 188 2679 In
201 2621 277 2680 bello
289 2623 365 2680 bona
377 2634 459 2699 capta
479 2622 584 2681 cedunt
603 2623 776 2701 reipublice,
796 2641 846 2681 seu
868 2624 989 2701 principi
1006 2642 1156 2701 supremo,
1167 2624 1253 2700 juxta

154 2721 336 2780 notissimum
349 2722 521 2799 principium
531 2723 621 2800 juris:
644 2732 663 2758 ‘⁶
673 2722 749 2780 bello
762 2732 841 2798 parta
853 2722 956 2782 cedunt
966 2723 1129 2800 reipublice
1142 2722 1174 2790 ;'’
1198 2720 1252 2779 sed

154 2839 217 2880 mos
230 2830 317 2879 estut
330 2840 393 2894 quta
407 2823 437 2882 in
450 2823 521 2881 mari
534 2823 692 2899 capiuntur,
706 2831 772 2899 post
785 2822 930 2880 tribunalis
944 2823 1078 2882 maritimi
1094 2821 1251 2898 judicium,

153 2921 230 2977 inter
243 2929 374 2996 captores
388 2915 613 2981 distribuantur.⁷
654 2923 726 2988 Quoe
742 2932 866 2980 tamena
881 2923 997 2998 privatis
1015 2922 1122 2995 absque
1133 2921 1254 2997 publica

152 3017 267 3075 licentia
280 3020 438 3094 capiuntur,
458 3022 542 3097 juxta
561 3022 640 3097 leges
663 3031 773 3080 nostras
794 3019 899 3079 cedunt
920 3021 1037 3080 omnino
1056 3011 1253 3097 reipublice.⁸

151 3116 285 3173 Attamen
299 3119 429 3188 quamvis
443 3137 496 3176 sno
513 3120 639 3195 periculo
658 3133 749 3198 agant,
769 3131 797 3176 et
816 3122 928 3196 possint
946 3140 963 3177 a
981 3121 1128 3196 republica
1142 3120 1251 3195 puniri,

184 3355 227 3422 (l)
251 3355 313 3404 Vide
326 3354 442 3413 Curricm,
455 3358 502 3406 vol·
514 3360 529 3407 i.
541 3373 566 3406 n.
578 3359 636 3405 364.
772 3360 814 3421 (2)
836 3358 908 3416 Kent,
919 3374 944 3408 n.
956 3360 996 3407 93.

183 3443 223 3504 (3)
244 3440 274 3488 L.
286 3440 339 3489 xiii.
349 3440 373 3488 tl'.
386 3442 464 3490 xlviii.
473 3442 525 3490 xiii.
536 3441 582 3491 Aa
592 3440 638 3509 leg.
649 3440 749 3492 Juliam
759 3440 894 3507 peculatus.

183 3524 226 3585 (t)
247 3521 326 3570 insui.
335 3522 365 3570 11.
379 3523 396 3570 t.
409 3527 423 3580 ς
439 3527 478 3571 17.

183 3604 225 3667 (b)
247 3603 310 3653 Vide
323 3605 386 3667 sptud
400 3605 528 3665 Keutium,
539 3606 635 3656 Comnt.
647 3609 694 3657 vol.
703 3608 719 3658 i.
731 3617 784 3673 ptut
795 3609 813 3659 i.
824 3610 879 3660 lect.
890 3625 912 3658 v.

180 3688 221 3750 (6)
236 3689 260 3734 2.
272 3687 315 3736 na.
327 3698 411 3750 quest.
424 3689 482 3738 lxvi.
494 3698 538 3738 ert.
556 3691 605 3739 viii.
624 3691 660 3740 ad.
672 3693 688 3740 i.

182 3770 222 3832 (7)
240 3776 255 3800 ⁴·
266 3769 322 3818 Tbe
341 3771 438 3832 genem}
457 3771 562 3836 practice
575 3773 652 3822 under
664 3774 705 3822 tha
717 3775 777 3825 lem
789 3776 837 3826 and
855 3778 1000 3828 ordinences
1011 3779 1040 3828 ol
1052 3778 1095 3828 the
1106 3781 1253 3842 belligerent

147 3863 319 3915 govemments
340 3855 368 3915 is,
387 3863 413 3905 to
433 3856 559 3908 distribute
579 3857 621 3908 tho
642 3859 758 3924 proceeds
781 3862 810 3911 ol
821 3863 935 3927 captured
955 3873 1076 3929 property,
1095 3865 1170 3914 when
1189 3867 1250 3930 duly

147 3938 233 4000 passed
245 3954 321 4002 upon,
332 3940 381 3990 and
402 3942 554 3994 condemned
575 3960 602 3993 ss
620 3945 691 4010 prise,
706 3945 765 4005 (and
777 3947 886 3997 whether
898 3949 1013 4013 captured
1025 3950 1056 4014 by
1069 3951 1152 4014 public
1165 3967 1194 3999 or
1206 3952 1254 4015 pri·

146 4029 201 4071 vste
212 4023 402 4077 commissiousd
414 4029 522 4087 vensis.)
534 4045 626 4093 among
637 4029 678 4079 tho
689 4039 787 4096 osptors
805 4048 832 4082 es
848 4049 864 4082 ι
874 4034 965 4083 reward
985 4034 1022 4083 lor
1039 4035 1149 4099 brsvsry,
1167 4035 1219 4085 und
1237 4052 1252 4084 a

146 4107 260 4157 stimulus
270 4109 307 4158 l'or
318 4114 453 4165 exertion.”
488 4115 563 4166 Kena
575 4116 673 4167 comm.
685 4118 732 4167 vol.
745 4117 761 4167 i.
773 4127 827 4183 pert
838 4119 853 4169 i.
865 4120 919 4169 lect.
931 4134 954 4166 v.
966 4134 991 4168 n.
1005 4119 1060 4168 lot.

181 4192 222 4256 (δ’)
242 4193 287 4244 “lt
299 4196 320 4244 ia
333 4197 374 4247 the
386 4201 472 4251 settled
485 4202 531 4251 law
544 4202 573 4251 ol
581 4201 622 4252 tho
634 4202 725 4252 Unitsd
737 4203 826 4262 Stetes,
838 4204 891 4254 that
902 4204 933 4253 sll
943 4210 1055 4269 capturos
1062 4204 1134 4254 mede
1144 4206 1177 4269 by
1188 4221 1253 4256 nou·

144 4276 331 4328 commissioued
343 4291 442 4347 captore
452 4300 493 4334 are
506 4285 577 4335 mede
588 4286 626 4336 lor
633 4276 676 4336 the
686 4287 870 4349 govemment.”
904 4287 1004 4346 Ibidem,
1015 4303 1040 4337 n.
1053 4290 1095 4337 96.
