2744 4980
486 410 544 470 DE
564 411 680 472 LEGE
701 410 841 474 CIVILl.
1150 416 1209 474 267

109 587 166 644 tra,
178 585 324 654 precepta
336 595 415 634 sacra
426 578 457 635 in
471 576 644 637 educationis
658 589 687 636 et
698 596 810 638 morum
824 577 951 654 regulam
970 579 1164 648 sumebantur,
1179 589 1214 639 st

108 675 200 734 ucria
223 676 362 735 ministris
382 673 412 732 id
430 677 557 735 muneris
579 677 748 753 plerumque
765 675 1032 737 commendabatur:
1055 678 1132 750 quod
1145 697 1210 738 con·

108 774 179 852 tigit
196 793 264 833 cum
276 793 380 851 magna
399 775 562 852 reipublicae
574 775 710 834 cubate:
732 775 784 834 sed
803 794 841 834 ex
861 794 920 849 quo
935 775 1085 836 multitudo
1099 789 1211 837 senten·

108 873 214 931 tiamrn
234 873 357 934 divortio
376 872 411 930 de
437 873 504 931 fidei
527 873 671 933 doctrinis·
683 874 804 935 discissa
825 886 878 944 est,
901 893 961 934 non
982 886 1113 952 poterant
1130 878 1210 953 leges

111 967 282 1049 hujusmodi
295 971 361 1030 sarri
374 973 483 1045 absque
503 974 680 1051 gravissimis
703 975 888 1054 plurimorum
911 974 1035 1047 querelis
1057 985 1086 1034 et
1104 975 1211 1033 turbis:

111 1080 288 1148 quapropter
300 1069 376 1146 apud
388 1090 441 1130 nos
451 1072 531 1149 leges
540 1060 643 1150 jubent
651 1074 773 1150 juvenes
782 1073 926 1132 inacholis
936 1073 1058 1151 publicis
1066 1075 1214 1134 instituen-

111 1167 178 1235 dos,
193 1170 264 1242 quin
277 1179 360 1228 sectae
374 1170 459 1230 alicui
473 1171 607 1241 faveatur,
622 1171 816 1231 educationem
829 1181 858 1231 et
870 1190 982 1231 morum
996 1172 1180 1251 disciplinam
1196 1193 1213 1230 a

113 1265 255 1343 religione
278 1279 449 1345 separantes.
491 1270 587 1347 Leges
606 1271 652 1330 hae
675 1290 762 1344 aquae
776 1269 918 1340 videntur,
932 1281 1057 1347 spectata
1069 1271 1211 1330 societatis

112 1366 145 1424 in
168 1375 210 1426 tot
231 1375 324 1444 partes
350 1369 448 1427 scissa
468 1367 650 1438 conditioness
671 1368 724 1429 sed
749 1369 916 1445 perdifficile
937 1377 981 1426 est
999 1388 1103 1445 pueros
1129 1369 1212 1427 bonis

111 1465 239 1524 moribus
249 1467 289 1524 ita
300 1467 463 1535 instituere;
477 1470 522 1527 vel
539 1451 678 1527 sectarum
691 1486 849 1545 praecavere
863 1477 936 1526 artes
948 1479 1073 1526 mentem
1088 1479 1213 1526 teneram

112 1565 224 1622 sensim
237 1565 299 1622 sine
312 1582 398 1624 sensu
411 1565 545 1627 adversus
564 1567 728 1627 Ecclesiam
741 1567 917 1645 prejudiciis
930 1567 1134 1633 imbuendum
1155 1566 1211 1632 vel,

111 1662 191 1733 quod
213 1665 356 1739 praecipue
378 1666 535 1726 timendum
554 1678 607 1735 cst,
628 1665 720 1724 facere
740 1675 772 1724 ut
796 1667 891 1725 omnis
913 1666 1062 1742 religionis
1082 1666 1212 1725 revelatae
1275 1657 1279 1670 '

112 1776 218 1819 sensus
231 1761 307 1819 haud
319 1774 446 1822 exuatur.
473 1765 563 1841 igitur
576 1764 731 1841 optandum
743 1766 869 1823 maxime
883 1772 915 1821 ut
926 1765 990 1840 lege
1004 1764 1087 1822 detur
1098 1764 1213 1822 libertas

113 1875 221 1935 pueros
235 1878 288 1935 pro
301 1861 449 1936 parentum
463 1862 519 1920 fide
532 1865 564 1920 in
576 1862 684 1920 scholis
697 1863 744 1937 pie
757 1871 786 1920 et
797 1872 894 1920 sancte
907 1862 1083 1921 instituendi.
1119 1862 1211 1928 Secus

111 1965 227 2033 postera
240 1967 306 2015 setas
319 1960 444 2016 moribus
458 1969 486 2016 et
498 1961 645 2018 sententiis
658 1959 780 2017 deterior
792 1958 942 2018 videbitur.

156 2057 204 2112 12.
226 2055 272 2113 De
286 2055 437 2133 Religione
451 2059 592 2130 rebusque
612 2057 647 2115 ad
667 2058 767 2116 animas
787 2058 907 2116 salutem
927 2059 1106 2116 attinentibus
1127 2059 1209 2135 leges

113 2153 214 2212 civiles
228 2153 350 2212 ferendae
363 2175 422 2213 non
434 2167 510 2223 sunt,
522 2158 577 2216 nisi
592 2158 703 2234 placeat
715 2156 827 2215 divinas
840 2157 919 2234 leges
933 2156 1133 2215 commendare
1153 2174 1210 2215 ser·

113 2250 230 2319 vendas,
255 2265 284 2311 et
305 2254 405 2313 munia
433 2274 470 2313 ex
499 2256 595 2314 divina
620 2257 784 2314 auctoritate
811 2256 1016 2313 innotescentia
1041 2257 1210 2333 injungere:

113 2369 234 2426 quorum
248 2361 342 2410 umen
352 2352 493 2430 judicium
507 2355 542 2412 ab
556 2353 688 2413 Ecclesia
707 2353 822 2430 pendet.
863 2353 1010 2427 Equidem
1025 2355 1212 2430 imperatores

112 2450 313 2528 principesque
328 2451 377 2510 alii
390 2452 535 2511 christiani
548 2462 758 2512 consueverunt
776 2452 845 2510 olim
858 2453 969 2529 legibus
982 2452 1093 2510 sancire
1107 2451 1211 2510 Eccle-

113 2551 162 2608 sis
176 2567 301 2608 canones
315 2558 345 2606 ut
357 2552 417 2608 vim
431 2551 550 2610 incivili
564 2553 626 2611 foro
644 2552 796 2610 baberent:
818 2550 869 2608 sed
891 2570 949 2610 non
967 2550 1032 2609 ideo
1046 2552 1099 2609 sibi
1112 2551 1142 2609 in
1164 2566 1211 2608 res

113 2667 207 2707 sacras
222 2660 387 2725 arrogamnt
400 2661 577 2726 potestatem.
618 2651 653 2708 In
667 2652 800 2727 prasenti
814 2669 910 2708 rerum
923 2650 1097 2717 conditione,
1111 2650 1159 2707 ubi
1173 2657 1215 2706 tot

113 2757 198 2806 secta
221 2748 252 2805 in
275 2747 336 2805 diss
354 2749 501 2825 pullulant,
521 2750 599 2827 leges
622 2748 787 2826 hujusmodi
807 2767 961 2824 gravamen
988 2749 1125 2806 inferrent
1145 2766 1210 2804 cum

111 2845 190 2924 pacis
217 2845 405 2905 detrimento:
428 2859 600 2926 quapropter
626 2849 768 2924 sapienter
794 2845 1008 2906 Constitutione
1041 2844 1213 2907 Amerinam

110 2954 222 3004 vetatur
235 2964 271 3003 ne
292 2945 475 3024 Congressus
495 2947 601 3020 aliquid
614 2946 650 3004 de
663 2947 804 3024 religione
817 2954 928 3013 statuat,
944 2963 1002 3018 quo
1015 2946 1078 3022 ejus
1090 2944 1211 3017 libau

111 3044 280 3104 exercitium
295 3042 489 3122 impediatur,¹
531 3047 601 3105 Non
621 3045 687 3104 idco
708 3045 861 3104 damnandi
886 3056 955 3103 sunt
979 3045 1103 3122 majores
1121 3044 1213 3103 nostri
1296 3044 1354 3153 .

110 3144 161 3217 qui
174 3145 206 3202 in
220 3143 422 3202 florentissima
434 3146 598 3222 reipublicae
613 3144 785 3203 Christiane
799 3144 972 3212 conditione,
994 3143 1102 3220 populo
1115 3141 1171 3199 fide
1185 3151 1215 3198 et

109 3244 225 3319 pietatis
238 3245 384 3302 communi
397 3243 490 3303 studio
505 3247 668 3322 conjuncto,
683 3244 758 3300 civili
782 3242 928 3302 sanctione
947 3241 1091 3300 Ecclesi·
1112 3239 1213 3296 defini·

109 3341 204 3400 tiones
219 3351 248 3400 et
259 3342 338 3418 leges
359 3342 534 3410 munierunt,
556 3343 714 3421 prasertim
735 3360 824 3415 quum
844 3339 873 3403 id
896 3357 973 3415 saepe
993 3339 1149 3416 plurimum
1171 3338 1216 3396 in·
1285 3374 1335 3471 .

109 3449 232 3498 ter-esset
250 3440 358 3499 ordinis
381 3451 410 3499 et
429 3443 634 3515 tranquillitatis
656 3438 787 3517 publicae.
830 3439 1000 3511 Numquam
1023 3446 1116 3495 autern
1136 3436 1217 3495 licuit

108 3538 175 3615 lege
193 3539 269 3597 civili
292 3540 401 3613 aliquid
421 3549 541 3599 statuere
560 3541 619 3619 juri
639 3540 736 3597 divino
759 3538 928 3605 adversum3
949 3537 1059 3596 dicente
1079 3534 1212 3595 Isidoro:

111 3636 192 3697 “lex
205 3639 259 3695 erit
271 3657 357 3696 omne
368 3639 444 3713 quod
458 3641 565 3698 maone
579 3637 744 3706 constiterit,
755 3636 902 3696 dumtaxat
911 3636 988 3717 quod
999 3636 1131 3712 religioni
1145 3654 1214 3694 con·

111 3745 204 3811 gruat,
222 3736 299 3807 quod
319 3736 477 3813 disciplina
501 3739 659 3805 conveniat,
675 3735 753 3809 quod
766 3736 850 3795 saluti
863 3730 1042 3812 proficiat.''²
1083 3734 1215 3791 Nimium

111 3832 195 3891 effert
208 3834 347 3893 Vattelius
361 3837 522 3912 principum
535 3838 565 3895 in
577 3855 639 3895 rem
657 3835 804 3911 religionis
818 3827 1013 3910 potestatem.³

156 3936 203 3988 1³.
226 3932 350 3989 Pulchre
364 3935 542 4008 Augustinus
556 3933 737 3990 concordiam
751 3932 891 3989 Ecclesia
905 3950 971 3987 cum
984 3927 1069 3984 variis
1084 3926 1212 4002 gentium
1278 3992 1286 4003 ἢ

148 4100 156 4150 l
163 4097 189 4159 l)
208 4096 376 4147 Amendrnent
387 4098 403 4146 i.
416 4096 638 4147 mesembriae
650 4094 738 4145 Ststcs.

149 4181 189 4246 (2)
202 4180 232 4232 L.
245 4199 268 4229 v.
280 4182 389 4246 Etymol.
400 4199 422 4232 c.
430 4184 455 4232 iis
466 4183 596 4233 consentit
607 4181 701 4245 Tsylor
711 4196 717 4227 =
729 4185 744 4210 ⁸⁴
756 4176 841 4227 When
852 4177 934 4227 divine
943 4176 991 4227 and
1003 4175 1097 4227 human
1109 4176 1169 4226 lsws
1177 4189 1219 4223 are

114 4266 231 4328 opposed,
255 4266 325 4316 these
336 4276 404 4317 must
415 4268 508 4331 always
518 4265 584 4331 yield
600 4273 626 4314 to
643 4261 737 4314 tboss.”
771 4259 1217 4327 Jer.'1'sylor,l)uc.1)ub.l.ilici.

115 4349 163 4397 vol
174 4364 200 4398 u
212 4364 236 4413 p.
249 4349 289 4398 24.

150 4432 189 4497 (8)
208 4431 270 4484 Lau
282 4435 311 4484 os
325 4434 439 4493 Netinos,
451 4435 468 4484 l.
480 4435 495 4484 i.
509 4450 530 4484 c.
543 4434 586 4484 xii.
693 4475 701 4487 .
