2744 4980
189 377 228 430 tiz
479 368 535 428 DE
557 366 717 427 TERTIO
739 362 991 426 PRAECEPTO.

191 537 280 594 buunt
291 531 512 592 manducandas.
556 532 603 589 Ne
617 543 709 589 autem
723 549 790 588 cum
810 529 970 588 offensione
991 528 1112 585 aliorum
1132 528 1220 601 aliqui
1241 527 1287 586 die

191 630 344 693 Dominica
361 633 489 690 laborent
508 629 665 689 cavendum
678 639 739 686 est:
762 646 851 700 quum
864 628 975 686 utilitati
997 627 1155 685 animarum
1168 629 1288 685 omniuo

191 734 229 792 sit
240 731 481 808 prospiciendum.

231 834 280 888 68.
302 830 337 888 ln
358 829 481 885 Statibus
504 824 734 883 meridionalibus
754 824 898 882 nonnullis
918 824 1062 899 mancipia
1074 822 1119 879 die
1134 823 1290 880 Dominica

191 928 318 985 laborare
333 934 558 984 consueverunt:
581 923 658 994 quod
671 924 808 998 contingit
827 941 864 979 ex
883 932 961 981 metu
980 939 1017 978 ne
1037 923 1120 978 otiosi
1134 921 1291 979 seditiones

193 1024 342 1096 caedesque
368 1024 529 1081 moliantur.
571 1019 717 1092 Equidem
743 1021 941 1096 gravissimam
963 1022 1038 1078 hanc
1061 1039 1124 1077 esse
1151 1022 1291 1078 rationem

195 1123 315 1180 inficiari
327 1140 386 1179 non
399 1138 562 1197 possumus,
576 1129 607 1176 ut
619 1118 654 1175 de
673 1119 830 1176 minoribus
839 1119 962 1194 flagitiis,
977 1120 1006 1176 in
1020 1137 1083 1191 quae
1097 1119 1179 1175 facile
1193 1119 1292 1176 labun-

196 1231 240 1278 tur
259 1220 317 1277 otio
327 1220 461 1285 fruentes,
480 1227 631 1275 taceamus.
672 1214 891 1274 Ecclesiasticus
901 1215 986 1274 dicit:
1009 1216 1146 1293 “Jugum
1158 1225 1186 1272 et
1198 1216 1291 1274 lorum

196 1326 314 1376 curvant
322 1318 425 1376 collum
433 1317 544 1382 durum,
555 1325 584 1372 et
592 1333 706 1373 servum
713 1315 850 1372 inclinant
858 1316 1037 1391 operationes
1048 1314 1166 1373 assiduae
1179 1335 1186 1371 :
1210 1332 1293 1370 seruo

196 1415 337 1477 mssvolo
351 1424 455 1472 tortura
474 1423 503 1471 et
514 1412 684 1490 compedes:
707 1414 785 1471 mitte
799 1413 879 1471 illum
893 1415 1128 1489 inoperationem
1141 1433 1177 1471 ne
1192 1424 1291 1470 vacet:

197 1513 314 1571 multam
327 1514 403 1571 enim
417 1513 553 1570 malitiam
573 1511 671 1568 docuit
688 1506 863 1570 otiositas.'’¹
904 1510 1048 1569 Ceterum
1061 1513 1165 1570 misera
1184 1522 1230 1568 est
1243 1512 1291 1568 illa

198 1630 290 1670 rerum
304 1610 438 1678 conditio,
462 1630 528 1684 qua,
549 1620 581 1666 ut
600 1609 780 1667 dominorum
802 1609 963 1668 consulatur
985 1611 1178 1678 incolumitati,
1201 1611 1293 1666 servis

198 1709 351 1786 denegatur
363 1709 476 1768 occasio
498 1709 556 1766 sere
576 1708 669 1765 omnis
683 1707 765 1764 saluti
785 1709 996 1784 prospiciendi:
1019 1707 1141 1780 ideoque
1154 1707 1231 1765 haud
1245 1727 1295 1765 ex·

203 1818 336 1866 cusautur
348 1807 467 1874 domini,
482 1808 531 1879 qui
545 1807 668 1864 Missam
681 1804 813 1864 audiendi
826 1816 855 1862 et
866 1806 1026 1865 rudimenta
1037 1806 1104 1864 fidei
1118 1806 1293 1871 addiscendi,

200 1916 229 1964 et
240 1918 413 1964 sacramenta
431 1904 606 1980 suscipiendi
626 1915 756 1961 recusant
774 1903 943 1964 facultatem.
987 1905 1044 1963 Ubi
1065 1916 1159 1963 autem
1179 1922 1217 1961 ex
1237 1922 1294 1961 ser·

201 2023 301 2063 vorum
314 2004 492 2061 multitudine
513 2003 642 2059 imminet
664 2003 806 2060 turbarum
820 2005 978 2079 periculum
991 2005 1015 2060 si
1030 2005 1059 2061 in
1072 2023 1161 2061 unum
1174 2022 1295 2079 congre·

201 2110 311 2178 genuar,
325 2102 422 2172 utique
436 2100 540 2157 desinit
560 2101 608 2158 lex
629 2101 820 2158 ecclesiastica
838 2102 979 2178 obligare3
1000 2101 1052 2159 sed
1071 2103 1126 2159 alia
1137 2103 1246 2159 ratione
1261 2103 1296 2158 iis
1334 2089 1337 2093 ¹

201 2199 409 2265 consulendum
419 2209 471 2268 est,
487 2217 523 2255 ne
537 2197 671 2257 subsidiis
684 2199 781 2256 salutis
795 2199 865 2257 sorte
884 2191 979 2272 aliqua
991 2211 1112 2258 careant.
1156 2200 1296 2257 Privatim

201 2298 287 2374 igitur
298 2297 436 2356 edocendi
450 2307 516 2355 suut
528 2309 556 2354 et
568 2296 603 2353 ad
616 2315 733 2355 munera
745 2298 857 2373 pietatis
871 2298 1043 2367 instituendi,
1057 2309 1127 2355 utet
1140 2299 1206 2356 Deo
1219 2297 1296 2370 quod

201 2415 287 2454 suum
300 2406 344 2452 est
355 2395 483 2462 reddant,
498 2407 527 2453 et
538 2395 670 2453 dominos
683 2396 745 2471 ejus
765 2415 851 2453 causa
869 2409 1049 2456 revereantur
1067 2407 1096 2453 et
1107 2397 1221 2455 occasio
1234 2414 1296 2454 sus·

202 2493 328 2572 cipiendi
340 2503 515 2551 sacramenta
528 2503 573 2550 est
585 2495 627 2550 cie
644 2492 859 2569 suppeditanda.

516 2707 585 2781 §IL
612 2707 660 2764 Da
681 2724 826 2765 cenninus
846 2725 976 2766 variare.

246 2861 294 2916 69.
316 2859 439 2916 Servilia
450 2855 581 2914 dicuntur
593 2875 681 2932 opera
700 2877 763 2929 quae
782 2859 812 2915 in
832 2858 980 2917 utilitatem
992 2862 1119 2938 corporis
1139 2860 1220 2928 liunt,
1237 2863 1298 2938 ejus

205 2957 400 3032 potiusquam
420 2956 508 3014 animi
528 2955 644 3012 viribus.
687 2957 805 3015 Nomen
824 2959 977 3016 sortiuntur
997 2979 1013 3015 a
1033 2960 1121 3016 servis
1142 2961 1192 3031 qui
1206 2959 1301 3017 solent

205 3071 240 3139 ep
252 3072 394 3111 exercere.
438 3063 457 3089 ‘⁶
469 3054 566 3131 Opera
578 3055 721 3122 servilia‚”
743 3057 780 3112 ait
802 3056 834 3112 S.
850 3049 1006 3124 Thomas,²
1025 3067 1044 3092 ‘⁶
1055 3057 1176 3132 mystice
1198 3058 1300 3115 iutelli-

206 3162 310 3230 guntur
322 3161 447 3229 peccata,
462 3151 512 3209 sed
526 3151 561 3208 ad
573 3152 692 3209 litteram
707 3153 836 3211 dicuntur
845 3152 1009 3227 adquorum
1019 3156 1184 3212 exercitium
1200 3174 1300 3213 servos

207 3250 355 3328 deputatos
377 3250 547 3309 habemus.”
599 3252 672 3308 Sunt
694 3254 766 3309 inter
787 3252 933 3329 theologos
957 3255 1007 3325 qui
1026 3263 1198 3329 praeccptum
1222 3254 1300 3312 diem

208 3348 392 3409 Dominicam
415 3349 525 3409 colendi
545 3349 646 3407 violari
671 3350 816 3427 peccando
842 3362 980 3411 censent:
1002 3352 1053 3409 sed
1074 3353 1156 3409 nobis
1182 3354 1301 3411 omnino

207 3447 300 3525 placet
312 3449 430 3507 aliorum
443 3449 604 3506 communis
618 3451 766 3516 sententia,
778 3452 826 3524 qui
836 3452 965 3524 quamvis
975 3461 1089 3529 peccata
1099 3452 1128 3508 in
1137 3451 1301 3509 Dominicis

208 3543 307 3603 diebus
321 3557 427 3622 patrata
440 3548 574 3623 precepti
587 3547 638 3604 fini
648 3551 774 3606 maxime
786 3522 943 3625 redtgnare
951 3551 1096 3616 fateantur,
1111 3568 1145 3606 ea
1158 3560 1253 3607 tamen
1267 3568 1301 3607 eo

208 3644 367 3720 specialiter
392 3646 536 3721 prohiberi
559 3666 617 3704 non
638 3656 745 3722 putent.
787 3646 884 3704 liaude
911 3647 1012 3725 dignos
1038 3649 1123 3724 igitur
1149 3667 1301 3707 censemus

209 3743 432 3812 concionatores,
447 3746 496 3817 qui
519 3746 656 3821 populum
671 3745 833 3821 apeccatis‚
848 3745 948 3803 diebus
957 3748 1112 3822 praesertim
1127 3746 1301 3813 Dominicis,

209 3839 350 3898 retrahere
362 3853 509 3910 conantur,
524 3844 594 3915 quin
607 3844 760 3918 specialem
774 3844 910 3903 malitiam
924 3846 954 3903 in
967 3845 1147 3904 consessione
1161 3845 1302 3904 declaran-

210 3936 276 3998 dam
289 3939 368 3998 iniis
381 3941 474 3999 inesse
488 3940 637 4000 affirment.

446 4146 484 4210 (l)
502 4145 570 4195 Eccl.
583 4147 670 4197 xxxiii.
683 4150 724 4196 27.

445 4228 488 4294 (2)
508 4229 537 4278 ln
549 4229 584 4280 iii.
596 4230 619 4279 d.
632 4231 715 4281 xxxia.
728 4247 769 4295 qu.
782 4248 806 4280 v.
817 4240 860 4282 art.
870 4249 892 4281 v.
903 4249 945 4297 qu.
957 4237 972 4281 2
985 4234 1015 4283 ed
1026 4233 1051 4283 2.
