2744 4980
393 396 450 456 DE
472 393 768 455 CONFESSIONE
790 395 949 456 ANNUA.
1160 401 1219 456 203

127 560 272 620 dubitatur
284 572 377 623 utrum
392 564 459 620 satis
473 564 585 621 noverit
597 564 706 638 peccati
719 562 865 627 malitiam,
879 561 955 620 etde
969 578 1005 617 eo
1019 558 1121 627 doleat,
1142 562 1222 621 abso·

126 645 267 719 lutionem
281 663 334 719 sub
347 660 509 720 conditione
524 680 610 737 posse
624 660 773 732 aliquando
787 661 924 738 impertiri
938 669 1037 719 conset
1049 660 1081 716 S.
1093 660 1223 735 Alphon·

126 777 189 824 siis,
203 762 240 819 ob
254 762 341 818 vitam
354 764 502 828 incertam,
516 779 552 818 ne
567 760 655 818 salute
669 755 866 836 periclitetur.¹
899 758 1022 818 Constat
1034 780 1050 817 a
1063 776 1151 835 puero
1165 778 1222 818 non

126 875 194 914 esse
208 857 378 936 exigendam
393 861 520 919 notitiam
541 859 611 917 adeo
631 860 795 935 explicitam
816 858 882 917 fidei
896 861 1109 936 mysteriorum,
1124 877 1222 930 quam·
1305 842 1309 851 ¹

127 957 174 1013 vis
189 959 332 1035 praecipua
345 960 440 1031 aliquo
454 968 536 1035 pacto
557 976 710 1035 agnoscere
724 969 753 1015 ct
766 969 860 1017 tenere
881 958 989 1016 debeat.
1031 959 1076 1016 Ab
1090 976 1124 1015 eo
1138 959 1223 1018 etiam

127 1074 189 1112 non
203 1068 271 1115 sunt
283 1058 459 1134 expectanda
477 1057 581 1115 indicia
600 1057 682 1115 valde
702 1059 852 1117 manifesta
872 1056 988 1125 doloris;
1009 1058 1061 1116 sed
1081 1056 1187 1114 sufficit
1200 1060 1224 1116 si

125 1154 306 1214 confessario
327 1168 459 1216 monente
481 1169 655 1233 quantopere
676 1157 756 1215 Deus
778 1156 868 1215 oderit
889 1159 1043 1233 puniatque
1064 1169 1224 1232 peccatum,

125 1252 259 1313 videatur
272 1274 309 1312 ex
322 1259 417 1315 animo
430 1255 498 1314 illud
512 1256 639 1331 rejicere,
654 1267 682 1313 et
694 1256 770 1314 nolle
783 1257 813 1314 in
826 1265 971 1331 posterum
985 1266 1103 1331 patrare.

171 1357 222 1411 29.
243 1354 301 1420 Qui
315 1357 501 1432 neglexerunt
513 1354 642 1413 confiteri
654 1354 726 1412 infra
739 1373 855 1421 annum,
866 1354 997 1425 sequenti
1011 1373 1086 1412 anno
1099 1354 1143 1410 bis
1157 1372 1225 1411 con·

129 1450 206 1511 fiteri
226 1472 283 1511 non
304 1463 443 1522 tenentur,
466 1472 532 1511 nam
554 1462 669 1529 peccata
688 1455 834 1525 utriusque
855 1455 922 1510 anni
941 1453 1024 1510 unica
1044 1451 1226 1510 confessione

68 1563 75 1570 ·
127 1550 185 1606 rite
199 1564 312 1627 peracta
324 1554 521 1611 remittuntur:
543 1551 657 1624 quodsi
671 1553 751 1610 initio
765 1553 831 1611 anni
845 1551 968 1610 confessi
987 1552 1053 1618 sint,
1067 1552 1146 1609 nullo
1160 1568 1226 1627 pec·

130 1659 198 1707 cato
217 1651 313 1709 lethali
333 1653 449 1729 gravati,
471 1654 501 1710 in
522 1652 600 1723 quod
620 1649 754 1728 deinceps
771 1650 908 1719 incidunt,
924 1660 1000 1708 tenet
1013 1650 1045 1706 S.
1060 1648 1226 1726 Alphonsus

132 1768 203 1805 cum
218 1751 279 1808 aliis
293 1770 343 1809 eos
364 1750 398 1807 ad
412 1751 600 1809 confessionis
618 1762 791 1827 preceptum
813 1744 983 1807 servandum
1003 1747 1105 1806 debere
1127 1750 1227 1805 iterum

131 1849 274 1914 confiteri,
299 1861 317 1885 ‘⁶
329 1869 394 1908 cum
417 1861 547 1927 respectu
572 1852 720 1925 praesentis
744 1850 809 1907 anni
832 1867 890 1907 non
914 1846 1075 1912 satisfaciat,
1100 1847 1148 1918 qui
1171 1865 1229 1903 non

131 1947 285 2005 confitetur
297 1949 426 2007 mortalia
439 1951 520 2007 istius
534 1943 650 2006 anni.”²

176 2051 226 2103 ³0.
248 2049 274 2104 A
292 2059 434 2125 praecepto
448 2047 594 2124 implendo
608 2048 737 2106 excusari
752 2045 881 2104 videntur
899 2046 1004 2118 quibus
1018 2064 1076 2104 non
1090 2054 1134 2102 est
1146 2044 1230 2121 copia

135 2145 290 2204 sacerdotis
304 2148 400 2223 probi:
423 2148 552 2219 quamvis
567 2148 643 2203 enim
661 2157 785 2223 potestas
805 2165 862 2204 non
884 2144 1006 2223 pendeat
1020 2166 1036 2202 a
1050 2143 1187 2210 moribus,
1202 2153 1230 2200 et

136 2242 235 2301 fideles
250 2264 307 2303 non
320 2245 441 2304 debeant
460 2248 545 2304 vitam
560 2244 737 2303 sacerdotum
757 2245 895 2302 curiosius
916 2245 1042 2311 scrutari,
1056 2244 1106 2299 vix
1139 2253 1231 2300 umen

137 2344 274 2402 censendi
288 2357 354 2403 sunt
372 2346 450 2421 ligati
463 2345 497 2402 ad
511 2356 626 2421 peccata
645 2364 697 2402 sua
715 2342 871 2419 detegenda
892 2344 919 2401 ei
939 2345 1019 2420 cujus
1033 2344 1101 2400 vitia
1123 2351 1229 2418 patent,

138 2440 195 2499 nisi
209 2444 375 2519 gravissima
388 2457 486 2521 urgeat
498 2445 664 2503 necessitas.
707 2443 801 2502 Utitur
822 2453 916 2500 tamen
930 2443 995 2518 jure
1009 2461 1061 2500 suo
1075 2440 1168 2498 fidelis
1182 2441 1230 2513 qui

137 2552 281 2615 pastorem
296 2561 390 2611 suum,
405 2544 489 2601 etiam
503 2544 672 2619 improbum,
688 2543 745 2599 adit
757 2541 793 2599 ad
811 2542 905 2618 legem
920 2541 1058 2599 Ecclesiae
1073 2539 1229 2615 adimplen-

138 2637 215 2697 dam.
258 2639 401 2700 Ceterum
421 2644 492 2701 levis
507 2660 693 2715 quaecumque
714 2642 833 2717 pastoris
854 2641 947 2716 culpa,
962 2641 1006 2696 vel
1027 2658 1121 2697 mores
1137 2640 1229 2696 acerbi

139 2739 185 2794 vel
199 2750 334 2815 agrestes,
349 2760 406 2800 non
420 2741 521 2798 debent
535 2740 666 2799 fidelibus
680 2740 856 2797 excusationi
870 2739 978 2802 haberi,
994 2755 1050 2809 quo
1064 2739 1159 2793 minus
1183 2755 1230 2792 an·

139 2856 225 2895 nuam
239 2839 338 2897 saltem
352 2841 561 2898 confessionem
580 2840 699 2897 saciant:
721 2838 852 2909 quamvis
867 2837 952 2908 aliqui
966 2837 1096 2892 excusari
1123 2835 1234 2909 possint

138 2937 177 2992 ob
191 2939 345 2996 maximam
365 2958 449 3011 quarn
471 2940 654 3014 experiuntur
673 2936 864 2993 difficultatem
885 2937 914 2993 in
938 2953 972 2992 co
992 2933 1131 3001 adeundo,
1153 2932 1233 2990 dum·

139 3033 227 3093 modo
242 3038 318 3095 brevi
331 3039 368 3095 sit
380 3040 421 3095 eis
435 3038 589 3096 sacerdotis
604 3036 718 3093 alterius·
729 3035 812 3110 copia
827 3035 927 3092 futura.

544 3225 586 3286 (l)
601 3221 629 3272 L.
643 3222 673 3270 ui.
692 3239 716 3270 n.
727 3223 784 3269 432.

543 3309 585 3374 (2)
602 3305 630 3356 lt·
641 3307 670 3357 ri·
684 3322 706 3356 u.
722 3307 780 3355 669.
