2744 4980
145 341 150 349 ¹
171 406 219 491 ῃ
564 396 621 455 DE
642 391 882 455 DECALOGO.

184 566 309 644 pn'mum
330 572 383 632 eat,
408 560 546 620 ‘Honora
564 573 672 638 patrem
693 570 722 620 et
740 560 880 627 matrem‚’
895 577 958 631 quae
978 559 1015 617 ad
1028 561 1175 618 hominem
1189 564 1275 638 perti·

182 674 267 725 nent:
290 683 324 722 an
339 664 434 739 potius
448 662 495 719 illa
506 663 559 719 tria
571 672 646 729 eunt,
663 670 691 717 et
704 663 756 718 ista
776 669 896 736 septem.
938 660 996 726 Qui
1016 661 1093 717 enim
1112 660 1209 718 dicunt
1229 662 1278 719 illa

185 775 307 836 quatuor
327 781 403 829 esee,
427 770 557 836 separant
577 760 654 833 quod
676 760 782 817 dictum
805 768 857 825 est,
880 758 969 816 ‘Non
989 768 1071 816 erunt
1093 761 1141 816 tibi
1167 760 1207 817 dii
1229 761 1277 817 alii

184 873 287 940 practer
299 860 375 919 me?
396 872 428 918 ut
440 859 515 917 aliud
529 871 702 936 praeceptum
716 861 762 926 ait,
785 859 873 916 ‘Non
896 858 982 916 facies
1002 859 1051 916 tibi
1073 857 1200 924 idolum,’
1221 871 1276 916 cte.

185 962 234 1020 ubi
248 962 384 1037 figmenta
397 957 515 1016 colenda
528 959 720 1035 prohibentur.
763 957 862 1016 Unum
876 968 969 1015 autem
982 958 1082 1016 volunt
1094 976 1167 1024 esec,
1189 959 1278 1016 ‘Non

186 1060 374 1135 concupisces
388 1075 508 1114 uxorem
522 1059 646 1132 proximi
665 1059 715 1124 tui,
736 1057 805 1114 Non
826 1058 1011 1132 concupisces
1024 1056 1139 1113 domum
1154 1057 1279 1133 proximi

188 1156 251 1223 tui,'
272 1168 300 1215 et
312 1157 410 1215 omnia
422 1174 513 1229 usque
528 1156 557 1212 in
570 1156 667 1214 finem.
709 1156 766 1222 Qui
786 1153 853 1213 rerd
867 1155 915 1212 illa
928 1157 979 1213 tria
991 1174 1054 1213 csse
1068 1155 1172 1221 dicunt,
1187 1168 1215 1212 et
1227 1158 1280 1213 ista

189 1265 311 1331 septem,
339 1274 427 1314 unum
454 1255 553 1312 volunt
577 1273 641 1313 esse
660 1254 806 1327 ,quidquid
836 1254 870 1312 de
890 1272 948 1312 uno
973 1255 1093 1312 colendo
1118 1252 1182 1311 Deo
1208 1273 1280 1330 prae·

190 1355 301 1431 cipitur,
322 1374 359 1413 ne
374 1352 480 1425 aliquid
494 1351 567 1410 aliud
581 1365 683 1431 preter
701 1354 781 1412 illum
801 1371 853 1429 pro
874 1352 939 1411 Deo
959 1355 1081 1419 colatur3
1102 1353 1164 1409 hac
1187 1365 1280 1410 autem

190 1465 318 1513 extrema
344 1455 374 1511 in
399 1452 457 1510 duo
483 1450 629 1520 dividunt3
659 1463 690 1508 ut
712 1452 786 1510 aliud
808 1455 861 1510 ait:
893 1453 982 1510 ‘Non
1002 1453 1188 1527 concupisces
1210 1470 1282 1508 uxo·

190 1570 251 1609 rem
290 1553 414 1628 proximi
446 1550 513 1618 tui3’
548 1550 633 1617 aliud,
668 1551 757 1609 ‘Non
795 1553 979 1627 concupisces
1010 1550 1127 1610 domum
1155 1551 1282 1626 proximi

190 1650 251 1706 tui!
306 1650 415 1707 Decem
429 1657 524 1706 tamen
537 1667 600 1706 esse
623 1661 762 1726 precepta
780 1651 872 1707 neutri
891 1632 1044 1727 ambigunt,
1064 1651 1199 1722 quoniam
1227 1650 1283 1706 hoc

190 1749 337 1824 Scriptura
351 1757 475 1806 testatur.
505 1748 582 1806 Mihi
595 1758 689 1806 tamen
703 1749 832 1806 videntur
844 1750 1042 1825 oongmentius
1056 1749 1145 1823 accipi
1159 1749 1209 1805 tria
1224 1749 1284 1814 illa,

192 1858 222 1904 et
235 1848 288 1905 ista
301 1857 421 1924 septem,
436 1848 503 1918 quia
515 1856 543 1903 et
555 1847 725 1904 Trinitatem
738 1847 866 1904 ridentur
885 1847 933 1903 illa
952 1865 1015 1919 quae
1035 1847 1069 1903 ad
1090 1847 1184 1903 Deum
1199 1847 1285 1921 perti·

193 1956 262 2002 nent
283 1946 425 2002 insinuare
446 1945 608 2021 diligentius
631 1945 812 2002 intuentibus.
854 1945 894 2002 Et
912 1963 1010 2002 revera
1023 1944 1099 2017 quod
1111 1944 1215 2001 dictum
1230 1956 1284 2010 est,

193 2044 283 2101 ‘Non
298 2053 379 2100 emnt
391 2043 440 2099 tibi
454 2041 493 2101 dii
506 2044 554 2100 alii
567 2053 668 2118 praetcr
681 2044 749 2111 me,'
770 2044 825 2100 hoc
844 2045 937 2119 ipsum
958 2043 1109 2119 perfectius
1129 2043 1286 2118 explicatur

194 2160 260 2200 cum
286 2141 470 2219 prohibentur
494 2139 612 2199 colenda
637 2141 780 2218 figmenta.
824 2140 1063 2217 Concupiscentia
1082 2161 1167 2218 porro
1187 2143 1285 2200 uxoris

194 2241 305 2307 alienae,
316 2249 344 2297 et
356 2240 587 2315 concupiscentia
596 2239 698 2297 domus
712 2242 821 2307 alienae,
832 2249 938 2297 tantum
948 2241 978 2297 in
989 2241 1132 2316 peccando
1142 2240 1285 2306 dillemnt,

191 2350 225 2397 ut
239 2339 280 2397 illi
294 2337 371 2411 quod
384 2338 490 2397 dictum
504 2348 556 2405 est,
578 2339 626 2396 ‘N
628 2358 666 2397 on
686 2341 871 2416 concupisces
885 2338 1000 2397 domum
1021 2340 1144 2416 proximi
1164 2339 1224 2405 tui,'
1240 2337 1286 2396 ad·

190 2439 290 2516 juncta
312 2437 370 2494 sint
394 2447 423 2494 et
444 2437 497 2493 alia
517 2436 628 2494 dicente
656 2438 811 2514 Scriptura,
839 2446 948 2510 ‘neque
971 2458 1068 2514 agrum
1094 2439 1166 2514 ejus,
1193 2456 1286 2509 neque

193 2554 309 2593 cervum
322 2535 394 2610 ejus,
408 2553 501 2607 neque
515 2535 645 2595 ancillam
665 2537 737 2612 ejus,
758 2536 850 2609 nedue
870 2537 972 2594 bovem
993 2538 1064 2613 ejus,
1079 2555 1172 2607 neque
1193 2537 1287 2611 subju·

159 2670 164 2680 ·
195 2634 257 2710 gale
278 2634 350 2709 ejus,
371 2651 463 2706 neque
477 2651 561 2690 omne
581 2652 668 2708 pecua
689 2635 761 2711 ejus,
782 2652 874 2706 neque
897 2652 1083 2706 quaecumque
1103 2636 1228 2711 proximi
1249 2636 1287 2691 tui

197 2732 284 2790 sunt'
326 2730 505 2790 Discrevisae
519 2741 612 2790 autem
632 2732 742 2790 videtur
761 2733 1020 2808 concupiscentiam
1046 2734 1143 2791 uxoris
1158 2733 1288 2790 alienaea

196 2831 432 2908 concupiscentia
453 2831 604 2908 cujuslibet
622 2833 664 2890 rei
687 2832 795 2901 aliena,
817 2830 928 2905 quando
947 2842 1098 2904 utrumque
1122 2834 1164 2890 sic
1191 2833 1288 2907 erepit,

198 2931 291 2989 ‘Non
314 2932 500 3007 concupisces
519 2949 639 2991 uxorem
659 2932 783 3008 proximi
806 2932 855 2998 tui,
877 2931 947 2989 Non
966 2933 1151 3006 concupisces
1172 2931 1289 2988 domum

196 3029 324 3106 proximi
338 3028 400 3095 tui,’
423 3039 452 3086 et
464 3029 531 3086 lruic
544 3031 631 3105 coepit
642 3040 742 3088 caetera
754 3029 915 3108 adjungere.
959 3031 1028 3088 Non
1041 3040 1133 3087 autem
1148 3049 1212 3088 cum
1229 3029 1291 3086 dix·

197 3129 277 3195 isset,
300 3126 388 3184 ‘Non
408 3128 593 3202 concupisces
615 3147 734 3186 uxorem
755 3130 880 3205 proximi
900 3128 960 3195 tui,'
981 3129 1048 3186 huic
1067 3130 1222 3186 connexuit
1236 3128 1291 3185 alia

198 3225 309 3293 dicens,
323 3243 417 3298 neque
437 3225 556 3284 domum
577 3227 650 3304 ejus,
663 3245 756 3300 neque
776 3247 874 3304 agrum
895 3228 967 3303 ejus,
982 3246 1074 3299 neque
1088 3247 1201 3284 servum
1216 3229 1290 3303 ejus,

198 3335 228 3384 et
240 3334 358 3384 cetera:
380 3325 431 3382 aed
444 3325 561 3384 omnino
574 3336 709 3403 apparent
721 3337 749 3383 et
761 3327 822 3385 haec
836 3345 899 3384 esee
913 3328 1063 3404 conjuncta
1073 3346 1135 3399 quac
1148 3346 1208 3384 uno
1221 3346 1292 3402 prae·

95 3482 98 3487 ,
199 3410 283 3502 cepto
296 3424 427 3483 videntur
438 3425 585 3492 contineri,
605 3435 633 3482 et
652 3416 774 3483 discreta
794 3429 828 3483 ab
848 3427 897 3484 illo
919 3426 967 3483 ubi
990 3444 1063 3482 uxor
1081 3427 1224 3483 nominata
1237 3437 1290 3482 cst.

198 3522 273 3584 Illud
287 3533 381 3582 autem
393 3525 442 3581 irbi
463 3523 568 3583 dictum
583 3536 641 3582 eat:
665 3526 754 3583 ·Non
767 3535 849 3583 erunt
861 3526 909 3582 tibi
928 3524 967 3582 dii
978 3526 1025 3583 alii
1038 3536 1138 3601 praetcr
1148 3525 1218 3592 me,’
1240 3543 1289 3600 ap·

196 3631 279 3699 paret
291 3621 378 3698 hujus
391 3624 433 3680 rei
452 3622 658 3700 diligentiorem
679 3625 876 3682 executionem
900 3642 964 3681 ease
984 3625 1063 3681 iniis
1083 3643 1145 3696 quae
1166 3625 1292 3701 subjecta

200 3728 274 3778 sunt.
319 3721 385 3787 Quo
405 3723 482 3780 enim
505 3724 634 3798 pertinet,
663 3724 731 3781 Non
752 3723 838 3780 lacios
864 3723 913 3780 tibi
939 3723 1057 3790 idolum,
1084 3742 1175 3794 neque
1201 3721 1291 3781 ullum

199 3819 383 3878 simulacrum
399 3840 587 3904 quacumque
602 3823 631 3879 in
645 3823 716 3880 coelo
730 3833 795 3879 sunt
807 3841 931 3889 sursum,
940 3833 969 3878 et
981 3841 1167 3895 quecumque
1183 3823 1293 3879 interra

199 3916 345 3986 deorsum,
359 3928 387 3977 et
401 3938 588 3993 quacumque
602 3922 631 3979 in
645 3941 718 3994 aqua
731 3921 784 3978 sub
806 3930 889 3988 terra,
909 3917 967 3979 non
991 3920 1118 3978 adorabis
1132 3939 1175 3988 ea,
1197 3938 1292 3992 neque

197 4016 304 4074 servies
318 4018 384 4087 illis,
398 4019 453 4077 nisi
467 4019 502 4078 ad
515 4019 545 4079 id
558 4020 635 4093 quod
648 4020 754 4079 dictum
767 4030 819 4088 eat,
841 4021 910 4078 Non
924 4030 1005 4078 erunt
1018 4021 1066 4078 tibi
1078 4019 1117 4078 dii
1131 4019 1178 4078 alii
1190 4029 1294 4097 preter

196 4107 300 4173 meprrl

500 4326 543 4391 (1)
562 4324 658 4385 Queat.
668 4326 694 4376 in
706 4324 787 4375 Brod.
799 4324 850 4376 tii.
863 4339 904 4389 qu.
916 4324 975 4375 lxxi.
