2744 4980
189 407 229 463 st
456 400 513 460 DE
534 399 736 460 SECUNDO
757 397 1009 459 PRAECEPTO.

195 579 318 628 nonest
340 581 418 627 tanta
439 570 627 634 irreverentia,
648 575 764 642 propter
785 584 871 637 quam
892 564 960 620 velit
980 572 1029 623 sut
1042 563 1134 638 possit
1154 562 1288 620 damnare

194 663 391 728 hominem.''¹
431 669 477 726 hd
491 679 566 725 recte
586 678 680 723 tamen
698 665 852 741 jurandum
866 661 992 722 morulis
1006 661 1135 735 quedam
1148 661 1288 720 certitudo

194 767 311 834 sufficit,
326 786 388 839 quae
403 768 512 825 scilicet
524 768 553 823 in
574 767 656 821 rebus
670 764 803 821 humanis
816 772 910 842 potest
928 762 1044 828 haberi;
1065 779 1118 818 nec
1137 763 1290 833 requiritur

194 865 331 925 certitudo
351 866 516 924 irrsallibilis.
558 862 820 938 hmphibologiam,
841 881 892 919 scu
912 861 1116 919 restrictionem
1137 861 1289 918 mentalem

195 964 340 1032 adhibere,
355 984 418 1036 quar
431 964 591 1021 nullatenus
611 981 647 1018 cx
670 960 807 1036 adjunctis
830 972 923 1037 potest
941 961 1060 1036 percipi,
1080 978 1138 1016 nou
1159 961 1227 1016 licet
1242 961 1288 1035 ju·

195 1062 304 1120 rando:
327 1073 500 1138 quapropter
510 1060 654 1118 damnavit
663 1061 845 1118 Innocentius
853 1059 908 1117 Xl.
919 1059 1033 1116 alteram
1046 1060 1287 1135 propositionem:

201 1160 265 1217 “Si
281 1163 347 1233 quis
366 1161 412 1218 vel
426 1161 514 1226 solus,
529 1160 574 1216 vel
593 1178 688 1216 coram
707 1159 781 1227 aliis,
801 1161 862 1217 sive
886 1160 1080 1234 interrogatus,
1101 1160 1161 1215 sive
1175 1159 1290 1234 propria

199 1269 312 1336 sponte,
327 1262 387 1317 sive
407 1259 588 1316 recreationis
609 1277 702 1325 causa,
716 1261 777 1315 sive
798 1275 980 1330 quocumque
999 1257 1055 1314 alio
1077 1258 1133 1314 fine
1149 1259 1235 1334 juret,
1257 1277 1290 1314 se

197 1375 256 1434 nqn
270 1357 373 1416 fecisse
391 1357 508 1428 aliquid,
530 1355 605 1428 quod
626 1374 723 1412 revera
745 1356 829 1422 secit3
851 1355 1036 1432 intelligendo
1049 1357 1121 1414 iutra
1133 1375 1164 1413 se
1182 1357 1290 1428 aliquid

197 1440 282 1522 aliud,
299 1454 374 1527 quod
387 1473 445 1512 non
459 1454 545 1511 fecit:
567 1454 612 1511 vel
622 1454 705 1511 aliam
719 1455 794 1511 viam
809 1456 842 1513 ab
855 1474 890 1512 ea
902 1457 932 1513 in
946 1475 1004 1528 qua
1016 1455 1093 1523 fecit,
1109 1457 1155 1512 vel
1169 1455 1292 1528 quodvis

196 1552 272 1613 aliud
286 1553 409 1612 additum
420 1571 529 1620 venrm,
543 1571 640 1609 revera
652 1571 709 1610 non
722 1555 864 1621 mentitur,
879 1573 932 1611 nec
945 1564 988 1610 est
998 1552 1179 1631 perjurus.'’²
1220 1555 1293 1611 Res·

196 1653 288 1710 trietio
302 1663 394 1710 autem
414 1651 474 1710 late
494 1651 633 1718 mentalis,
649 1670 711 1723 quae
732 1670 768 1708 ex
788 1651 927 1730 adjunctis
946 1653 1013 1709 satis
1034 1652 1162 1729 dignosci
1184 1664 1291 1730 potest,

196 1751 358 1823 aliquando,
373 1752 450 1827 gravi
463 1751 595 1826 exigente
609 1769 704 1818 eausa,
719 1752 780 1807 sine
794 1751 879 1827 culpa
893 1750 1016 1827 jurando
1035 1751 1191 1810 adhibetur.
1237 1753 1291 1809 Sic

196 1851 263 1910 lieet
276 1851 413 1908 sacerdoti
428 1852 525 1928 jurare
539 1867 569 1907 se
583 1868 699 1924 prorsus
713 1851 822 1907 nescire
836 1850 912 1923 quod
932 1852 962 1908 in
980 1851 1161 1908 consessione
1175 1851 1294 1916 didicit;

199 1968 265 2008 nam
279 1949 478 2027 intelligendus
491 1959 535 2005 est
546 1949 624 2020 loqui
638 1949 673 2006 de
687 1950 806 2006 scientia
818 1961 898 2006 extra
909 1960 1115 2006 sacramentum
1130 1951 1280 2021 acquisita.

235 2050 285 2105 49.
306 2047 340 2105 ln
356 2049 516 2125 juramento
530 2048 749 2124 promissionem
770 2049 897 2105 linuante
914 2050 1015 2104 veritas
1029 2049 1155 2105 maxime
1168 2067 1204 2105 cx
1218 2067 1293 2123 prse-

196 2148 269 2204 senti
283 2147 369 2204 animi
382 2147 568 2224 dispositione
582 2146 702 2223 pendet:
724 2148 839 2204 sienim
859 2149 923 2219 quis
939 2147 1061 2223 jurando
1081 2147 1245 2222 polliceatur
1260 2165 1294 2203 se

197 2245 346 2312 facturum,
361 2246 438 2318 quod
450 2245 608 2303 nullatenus
628 2246 683 2303 sibi
702 2245 860 2304 laciendum
881 2247 1022 2323 proponit,
1043 2247 1191 2303 manifeste
1205 2246 1294 2304 violat

197 2347 342 2402 veritatem
355 2364 421 2403 cum
434 2363 536 2420 magna
550 2343 693 2402 Creatoris
708 2346 819 2420 injuria.
851 2345 896 2402 De
909 2346 950 2401 rei
963 2364 1025 2416 quae
1040 2346 1211 2421 promittitur
1224 2363 1291 2402 exe·

198 2444 310 2501 cutione
329 2445 523 2520 juramentum
546 2444 631 2500 etiam
653 2445 748 2520 vigere
774 2442 986 2520 intelligendum
1009 2453 1071 2509 est;
1095 2444 1165 2501 adeo
1186 2446 1292 2516 utqui

197 2559 259 2599 eam
274 2553 372 2618 postea
385 2544 513 2620 negligit,
527 2544 622 2618 gravis
636 2544 726 2619 culpte
740 2543 897 2619 arguendus
911 2545 957 2610 sit,
971 2542 1069 2600 saltem
1084 2544 1198 2600 sidere
1212 2544 1292 2620 gravi

197 2650 303 2717 agatur.
346 2642 448 2700 Plures
459 2653 552 2699 autem
567 2653 684 2699 censent
696 2643 725 2699 in
738 2660 768 2699 re
788 2643 843 2700 levi
856 2661 914 2700 non
935 2652 1039 2699 tantam
1058 2660 1121 2698 esse
1137 2643 1291 2718 juramenti

197 2739 276 2808 ἴω
297 2750 397 2817 putant
409 2741 518 2799 scilicet
530 2740 692 2798 fidelitatem
711 2742 820 2822 violari,
840 2742 907 2799 dum
928 2741 1061 2817 obligatio
1076 2741 1137 2816 jam
1151 2753 1294 2799 contracta

198 2840 359 2916 negligitur,
381 2841 449 2913 quin
469 2840 550 2898 Deus
578 2839 718 2898 mendacii
739 2841 787 2898 fiat
807 2842 903 2908 testis;
924 2841 1025 2896 veritas
1045 2841 1121 2896 enim
1137 2842 1198 2917 jam
1214 2842 1291 2917 jura·

198 2947 304 3005 mento,
319 2958 355 2995 err
364 2941 486 3016 jurantis
500 2940 655 2997 intentione
669 2940 787 3007 sincera,
801 2940 936 2997 constitit
973 2939 1022 2995 sic
1036 2939 1107 2996 levis
1121 2940 1211 3014 culpae
1225 2959 1292 2996 reus

197 3035 316 3094 habetur
329 3039 378 3109 qui
391 3039 517 3096 muneris
531 3037 644 3110 aliquod
659 3038 795 3105 officium,
809 3039 853 3095 vel
867 3039 984 3097 instituti
999 3037 1110 3112 regulas
1130 3039 1250 3115 negligit
1263 3040 1292 3095 in

198 3135 282 3193 rebus
296 3136 459 3205 levioribus,
474 3138 604 3209 quamvis
620 3139 758 3215 juraverit
771 3155 801 3192 se
818 3139 914 3194 omnia
934 3157 985 3194 sua
1004 3136 1108 3202 officia,
1122 3137 1292 3212 regulasque

199 3232 347 3310 diligenter
360 3246 552 3295 servaturum:
574 3235 624 3293 sed
639 3236 666 3293 id
681 3236 845 3313 intelligitur
857 3236 956 3294 morali
969 3235 1091 3308 quadam
1105 3237 1222 3293 ratione.

239 3337 288 3392 50.
309 3334 506 3395 duramentum
526 3347 601 3394 metu
624 3345 767 3394 extortum
788 3335 896 3393 videtur
918 3337 948 3393 in
962 3335 1136 3393 conscientia
1155 3335 1291 3410 obligare,

199 3432 335 3504 quamdiu
348 3436 383 3492 ab
396 3435 584 3493 ecclesiastica
604 3437 764 3492 auctoritate
778 3454 835 3493 non
849 3435 933 3493 suerit
945 3435 1116 3492 rescissum:
1137 3436 1293 3493 reverentia

195 3531 272 3589 enim
296 3531 385 3591 divini
398 3535 523 3592 nominis
543 3534 633 3610 exigit
649 3546 682 3591 ut
700 3535 852 3611 promissio
872 3535 965 3592 omnis
979 3534 1138 3609 impleatur,
1153 3552 1215 3604 quae
1229 3535 1291 3590 sine

198 3641 316 3705 peccato
337 3642 430 3707 potest
446 3633 568 3710 impleri.
611 3633 792 3700 “coactio''
814 3634 905 3706 inquit
925 3634 957 3690 S.
972 3632 1113 3700 Thomas,
1135 3641 1222 3689 “non
1243 3652 1292 3691 au·

197 3727 255 3786 sert
263 3730 425 3808 juramento
445 3732 630 3808 promissorio
643 3734 701 3789 vim
721 3732 874 3808 obligandi,
895 3743 1024 3808 respectu
1044 3734 1106 3809 ejus
1120 3732 1195 3803 quod
1214 3732 1292 3790 licite

200 3825 262 3887 fieri
275 3838 377 3905 potest.
418 3830 459 3889 Et
477 3830 542 3889 ideo
560 3831 586 3887 si
608 3830 709 3903 aliquis
732 3851 789 3889 non
812 3832 927 3907 impleat
948 3830 1024 3904 quod
1044 3841 1159 3889 coactus
1174 3833 1290 3909 juravit,

199 3926 386 3985 nihilominus
408 3931 563 4006 perjurium
585 3930 703 3988 incurrit
720 3941 747 3987 et
765 3931 918 3988 mortaliter
931 3926 1077 4008 peccat.'’³
1116 3931 1174 3988 Alii
1198 3941 1292 3989 tamen

196 4023 375 4085 dissentiunt
416 4027 450 4087 ld
469 4039 562 4088 autem
585 4030 615 4088 in
635 4040 779 4107 comperto
799 4042 843 4087 est
860 4042 967 4089 metum
987 4049 1103 4107 passum
1122 4028 1226 4088 habere
1241 4031 1291 4107 jus

196 4126 399 4185 rescissionem
411 4123 552 4205 petendi.⁴
592 4127 672 4188 Hinc
687 4129 741 4203 qui
752 4129 853 4188 latroni
866 4112 985 4191 minanti
1004 4139 1125 4189 mortem
1140 4130 1248 4207 juravit
1259 4148 1291 4187 se

231 4302 274 4367 (l)
295 4301 575 4369 Pmp24interdsmu.
588 4306 625 4353 sb.
637 4304 766 4356 lunomi.
969 4303 1010 4370 (2)
1030 4301 1153 4368 Prop26.

147 4454 157 4473 .
229 4386 271 4454 (3)
285 4382 485 4440 saronites
497 4388 693 4454 iiisdprirnum.
957 4390 997 4456 (t)
1012 4388 1111 4439 Ibidem.
