2744 4980
56 4296 154 4383 ss

519 1065 524 1073 ’
587 1051 728 1158 cneus
751 1096 806 1157 ur.

460 1317 500 1356 DE
522 1313 808 1356 INTERPRETATIONE
830 1311 944 1354 LEGUM·

196 1483 244 1536 32.
266 1478 514 1536 lursmsuun‘no
528 1474 701 1535 authentica
710 1475 806 1551 legum
820 1493 854 1532 ea
866 1473 970 1532 dicitur
983 1489 1046 1545 quae
1060 1473 1094 1530 ab
1104 1473 1168 1548 ipso
1179 1475 1249 1549 legis

157 1579 242 1636 latore
256 1576 451 1652 proficiscitur,
466 1575 512 1632 vel
525 1575 580 1631 alio
603 1575 747 1650 potestatis
767 1573 896 1650 ejusdem
916 1569 1038 1630 haercde.
1079 1571 1132 1630 Sic
1152 1573 1249 1631 Ponti·

156 1676 226 1734 fices
245 1676 325 1753 leges
346 1694 422 1740 suas,
444 1673 488 1731 vel
510 1674 693 1731 decessorum
706 1691 833 1738 suorum,
855 1673 913 1730 imo
927 1681 956 1729 et
974 1671 1161 1730 conciliorum
1175 1691 1248 1731 ‹ecu-

156 1775 346 1840 menicorum,
360 1773 605 1831 constitutionibus
619 1772 679 1829 suis
692 1771 784 1828 solent
796 1772 989 1846 interpretari:
1012 1769 1064 1827 sed
1083 1782 1112 1827 et
1124 1772 1250 1830 institue·

159 1884 223 1931 runt
236 1883 340 1930 coetum
350 1871 491 1945 quendam
505 1871 611 1930 dictum
626 1880 646 1906 “
659 1871 690 1927 S.
706 1871 953 1947 congregationem
963 1868 1078 1928 concilii
1088 1869 1251 1930 Tridentini

159 1970 375 2047 interpretum,”
390 1972 471 2046 cujus
485 1982 528 2028 est
547 1970 688 2028 declarare
701 1987 819 2027 sensum
839 1988 981 2028 canonum
1001 1967 1251 2039 Tridentinorum‚

160 2078 188 2126 et
208 2070 273 2129 lites
293 2069 327 2127 de
353 2087 388 2126 eo
414 2079 487 2127 ortas
514 2068 658 2136 dirimere,
679 2068 824 2145 pontificia
850 2069 1062 2126 confirmatione
1086 2069 1250 2127 accedente.

159 2167 229 2226 Vim
242 2170 313 2244 legis
327 2169 411 2226 habet
423 2167 584 2226 authentica
602 2168 803 2244 interpretatio,
817 2168 869 2225 rite
889 2166 1080 2245 promulgata:
1103 2186 1166 2240 que
1182 2169 1251 2226 vero

160 2268 338 2344 promulgata
351 2286 410 2325 uon
423 2276 477 2334 cst,
491 2286 526 2325 eo
539 2285 630 2340 usque
644 2267 718 2324 valet
730 2275 868 2338 quatenus
882 2268 912 2326 in
924 2267 987 2343 lege
995 2267 1058 2343 jam
1071 2285 1175 2325 sensus
1184 2287 1252 2325 con·

161 2366 315 2424 tinebatur:
339 2366 414 2438 quod
436 2368 461 2423 si
475 2366 544 2439 quid
562 2366 704 2443 adjectum
723 2365 816 2434 tuerit,
837 2384 894 2425 uon
913 2364 1019 2441 obligat
1036 2367 1251 2424 conscientiam.

160 2464 355 2539 Interpretatio
377 2465 473 2538 legum
493 2463 671 2524 doctrinalis
697 2483 731 2521 ea
750 2475 794 2522 est
815 2483 877 2536 quae
904 2465 999 2523 nitimr
1017 2465 1252 2544 Jurisperitomm

160 2579 312 2628 consensu,
327 2562 376 2632 qui
389 2564 485 2637 magni
499 2563 600 2620 merito
613 2563 654 2631 fit,
670 2564 799 2636 quamvis
813 2581 872 2623 non
882 2574 987 2621 certam
997 2563 1122 2622 obtineat
1130 2567 1251 2624 auctori·

160 2670 255 2717 tatem.
297 2658 483 2718 Consuetudo
503 2661 616 2735 publica
634 2672 662 2719 ct
682 2663 849 2720 universalis
869 2663 987 2722 habetur
1007 2663 1093 2722 etiam
1114 2668 1251 2742 “optima

160 2760 257 2837 legum
272 2751 457 2837 interpres.”¹

202 2863 251 2915 33.
274 2859 307 2915 Iu
327 2858 389 2934 lege
411 2857 579 2933 explicanda
600 2861 700 2919 obvius
722 2863 871 2919 verborum
891 2878 994 2919 sensus
1014 2861 1180 2920 retinendus
1200 2875 1251 2927 est,

162 2957 235 3013 serie
258 2958 391 3015 orationis
413 2955 487 3013 haud
507 2959 645 3033 neglecta.
688 2960 737 3018 Sic
758 2960 806 3018 lex
829 2959 977 3018 anathema
999 2960 1143 3018 intentans
1164 2961 1190 3017 ei
1205 2962 1252 3032 qui

162 3055 298 3115 violentas
311 3073 411 3112 manus
425 3054 534 3113 clericis
548 3058 686 3131 injecerit,
701 3060 803 3118 merito
824 3069 959 3118 censetur
979 3076 1046 3117 eum
1067 3058 1151 3117 etiam
1175 3077 1251 3116 com·

162 3152 248 3232 plecti
259 3154 308 3225 qui
321 3153 377 3211 telo
389 3155 519 3228 percutit.

202 3258 251 3311 34.
274 3262 293 3287 “
306 3252 362 3310 Ubi
374 3252 422 3309 lex
435 3271 493 3311 non
506 3252 663 3332 distinguit,
675 3274 767 3329 neque
777 3275 829 3315 nos
838 3256 1045 3334 distinguemus
1055 3248 1103 3312 :”²
1122 3264 1252 3314 censetur

164 3352 325 3412 scilicetlcx
333 3369 432 3409 omnes
440 3370 535 3412 rerum
546 3372 628 3412 casus
636 3355 796 3431 complecti,
806 3357 855 3429 qui
863 3356 955 3414 verbis
963 3355 1250 3431 comprehenduntur.

203 3457 251 3509 35.
274 3451 493 3528 “intelligentia
506 3451 644 3511 dictomm
666 3473 703 3512 ex
724 3456 817 3514 causis
839 3466 884 3513 est
905 3453 1077 3512 assumenda
1089 3444 1251 3514 dicendi.”³

165 3552 206 3611 Ut
218 3552 281 3624 quis
296 3560 420 3608 mentem
439 3552 532 3626 legem
546 3553 661 3611 serentis
681 3565 790 3620 noscat,
811 3563 923 3631 oportet
940 3564 972 3611 ut
991 3572 1051 3614 rem
1071 3552 1107 3611 de
1122 3572 1178 3625 qna
1191 3570 1252 3629 age·

164 3654 244 3712 batur
256 3659 435 3729 perspectam
448 3649 565 3707 habeat:
588 3669 665 3729 saepe
685 3653 763 3711 enim
785 3653 918 3729 specialis
939 3655 1015 3711 inest
1035 3653 1078 3709 vis
1102 3654 1194 3711 verbis
1217 3670 1252 3709 ex

166 3753 316 3811 occasione
329 3767 362 3806 ea
374 3747 546 3825 proferendi.

205 3855 254 3910 36.
275 3852 309 3909 ln
330 3849 393 3926 lege
418 3866 477 3906 non
499 3848 566 3906 licet
588 3852 776 3926 argumentari
798 3870 815 3907 a
837 3852 907 3926 pari,
931 3852 989 3908 imo
1010 3868 1064 3908 nec
1085 3870 1101 3906 a
1122 3850 1246 3909 fortiori:

166 3971 254 4025 quum
268 3952 344 4010 enim
356 3949 403 4006 lex
416 3946 538 4024 pendeat
557 3966 595 4006 ex
614 3949 725 4007 arbitrio
745 3968 808 4006 eam
823 3949 947 4016 serentis,
962 3950 1066 4025 poterit
1084 3950 1250 4028 contingere

166 4055 239 4111 utin
253 4070 282 4110 re
296 4046 564 4128 pariuolueriteam
584 4047 642 4107 vim
661 4046 775 4108 hebere.
818 4049 867 4106 Sic
887 4050 1040 4125 suspensio
1063 4067 1127 4121 qus
1149 4059 1252 4107 statuto

162 4172 246 4295 Q)
267 4225 329 4292 Gap.
340 4223 389 4274 viii.
401 4221 430 4273 de
441 4221 584 4273 consuetud.
709 4225 751 4290 (2)
770 4221 837 4284 Lege
848 4221 889 4272 vii.
900 4220 929 4272 de
936 4219 1033 4287 public.
1047 4224 1075 4272 in
1087 4237 1139 4273 rcm
1153 4223 1255 4274 actione.

466 4304 509 4371 (³)
527 4304 587 4370 Cep.
599 4305 630 4356 si.
642 4303 839 4383 deprbst'gm'fi
