2766 4996
269 425 327 486 DE
348 421 642 485 CONSOIENTIA
662 424 776 485 VERA
795 425 853 485 ΕΤ
873 424 1087 488 ΕΒΒΟΝΕΔ.
1190 434 1229 487 43

136 594 250 668 seipsos
263 608 322 648 non
340 588 479 666 judicant,
503 591 615 647 tametsi
628 591 812 648 vehementer
825 590 1001 665 delinquant,
1016 595 1066 665 qui
1079 611 1179 651 omnes
1194 612 1230 650 ec

135 701 203 749 sunt
223 681 435 748 miseriores.”¹
476 689 526 745 Sic
548 690 597 761 qui
619 690 674 747 sibi
694 701 897 765 persuasemnt
918 694 1057 769 conjuges
1079 691 1164 748 licere
1177 692 1229 749 im·

138 787 236 866 pedire
250 788 338 865 prolis
361 787 582 863 generationem,
605 806 641 845 nc
664 787 803 845 filiivictu
825 791 985 848 necessario
1007 800 1129 857 careant,
1153 791 1232 846 etita

137 889 210 945 inter
230 905 261 943 se
284 895 501 952 consueverunt,
516 885 634 960 pessimi
650 885 745 942 delicti
762 887 804 943 rei
817 886 939 944 habendi
958 899 1042 956 sunt3
1063 906 1141 946 error
1153 888 1231 944 enirn

137 986 278 1042 viricibilis
291 984 459 1060 plerumque
472 983 572 1040 saltem
585 991 637 1040 est.
680 984 729 1040 Sic
742 992 770 1040 et
782 1002 928 1059 precones
941 986 1069 1061 plerique
1084 984 1233 1043 maledicta

138 1085 169 1139 in
182 1083 345 1141 Ecclesiam
367 1083 539 1158 ingerentes,
562 1098 599 1138 ex
623 1081 685 1139 zelo
698 1081 774 1138 haud
796 1082 952 1140 secundum
975 1085 1132 1149 scientiam,
1155 1082 1234 1140 haud
1340 1126 1353 1143 ,

141 1180 224 1238 facile
236 1189 415 1248 excusantur,
424 1198 513 1252 quum
526 1187 655 1254 oporteat
660 1181 806 1237 veritatem
814 1179 914 1237 sedulo
924 1181 1091 1260 investigare
1104 1201 1111 1237 :
1134 1181 1234 1252 “quid

142 1279 220 1336 euim
245 1278 401 1351 iniquius,”
429 1278 575 1360 inquiebat
599 1277 667 1334 olim
694 1277 897 1345 Tertullianus,
926 1289 945 1314 ‘⁴
957 1299 1043 1352 quam
1066 1290 1097 1337 ut
1122 1277 1234 1337 oderint

142 1377 274 1435 homines
287 1375 364 1449 quod
373 1365 514 1453 iguoiant,
524 1376 610 1432 etiam
619 1376 643 1431 si
651 1393 696 1432 res
705 1384 828 1434 meretur
837 1375 934 1435 odium
946 1378 957 1433 l
978 1390 1044 1437 tunc
1054 1378 1132 1436 enim
1141 1396 1233 1436 mere·

141 1487 186 1533 tur
198 1493 263 1532 eum
276 1475 456 1551 cognoscitur
466 1493 502 1530 an
515 1483 673 1531 mereatur:
695 1483 810 1532 vacante
825 1484 919 1533 autem
931 1476 1024 1534 meriti
1033 1477 1142 1543 notitia,
1156 1476 1232 1535 unde

141 1573 200 1631 cdii
208 1574 319 1649 justitia
331 1566 540 1631 defenditur.’'²

182 1675 211 1727 5.
233 1670 355 1738 Quando
375 1672 440 1744 quis
459 1688 496 1729 ex
510 1688 604 1728 errore
628 1679 706 1745 putat
727 1689 843 1748 gravem
864 1690 928 1729 esse
945 1674 1060 1749 culpam
1082 1690 1144 1744 quae
1157 1673 1228 1730 levis

141 1788 209 1827 vere
232 1780 286 1838 est,
310 1771 431 1845 graviter
451 1778 559 1846 peccat,
582 1769 724 1827 voluntate
747 1772 855 1846 quippe
877 1790 929 1826 sua
951 1772 1129 1846 amplectitur
1149 1788 1234 1846 grave

143 1877 302 1944 peccatum.
342 1867 392 1924 Sic
405 1869 454 1938 qui
475 1877 574 1926 censet
586 1865 766 1924 mendacium
779 1866 814 1923 de
834 1886 865 1923 re
883 1869 941 1924 levi
963 1868 1103 1925 sacerdoti
1116 1867 1234 1934 dictum,

144 1966 233 2023 ctiam
244 1966 274 2022 in
288 1965 432 2022 communi
444 1967 506 2023 vitae
520 1962 737 2032 consuetudine,
751 1975 898 2040 peccatum
918 1983 981 2022 esse
994 1966 1106 2033 lethale,
1121 1965 1235 2024 menda·

144 2064 222 2120 cium
236 2061 397 2141 hujusmodi
410 2062 579 2139 proferendo
592 2063 713 2139 graviter
732 2073 869 2138 peccaret.
912 2061 1055 2122 Caeterum
1075 2083 1150 2140 sepe
1160 2063 1236 2140 judi·

143 2162 221 2219 cium
246 2161 389 2238 gravitatis
408 2161 502 2219 delicti
524 2162 651 2234 sequitur
672 2173 777 2230 actum,
799 2163 848 2234 qui
869 2161 901 2218 fit
920 2180 985 2219 cum
1004 2163 1128 2234 quodam
1148 2180 1235 2219 sensu

144 2278 217 2336 vago
229 2278 295 2317 eum
308 2257 385 2318 haud
397 2259 492 2316 licere.
535 2260 604 2319 Non
617 2258 683 2318 ideo
695 2259 825 2317 videntur
837 2261 944 2334 peccati
955 2260 1090 2335 gravioris
1101 2261 1130 2316 in
1141 2261 1236 2334 singu·

144 2358 180 2413 iis
194 2359 300 2414 actibus
314 2356 458 2433 arguendi,
473 2358 523 2429 qui
536 2376 593 2415 non
607 2357 682 2415 certd
704 2358 758 2416 sibi
771 2358 917 2414 statuerint
935 2375 985 2414 eos
1008 2375 1071 2414 esse
1092 2358 1234 2425 veniales,

145 2456 257 2527 quoties
271 2456 349 2513 enim
362 2473 413 2512 eos
426 2474 485 2513 nou
497 2456 618 2532 graviter
636 2456 748 2514 illicitos
759 2455 933 2532 judicarunt,
948 2455 1083 2514 censendi
1096 2466 1162 2514 sunt
1174 2473 1237 2516 eam
1275 2436 1283 2449 ⁸

145 2554 281 2612 malitiam
294 2554 324 2611 in
337 2554 372 2610 iis
386 2554 535 2628 agnovisse
549 2537 612 2626 qua}
635 2572 733 2611 revera
754 2555 784 2611 in
806 2555 840 2611 iis
863 2554 945 2611 inest.
989 2554 1038 2613 Sic
1058 2555 1094 2612 de
1117 2556 1235 2623 tactibus
1257 2590 1266 2604 .

145 2653 300 2729 conjugum
314 2652 386 2708 inter
399 2668 440 2718 se,
456 2650 491 2708 de
505 2659 618 2709 omatus
632 2654 782 2710 mulierum
795 2653 971 2721 excessibus,
982 2652 1018 2711 de
1031 2655 1123 2712 verbis
1136 2673 1236 2732 parum

145 2749 293 2815 modestis,
307 2749 474 2822 ceterisque
488 2749 655 2826 plemmque
665 2750 863 2828 judicandum.

183 2935 225 2999 (1)
246 2933 321 2984 llom.
333 2935 399 2984 xxvi.
412 2934 438 2984 iu
447 2950 485 2999 sp.
493 2934 524 2984 ad
536 2935 607 2985 Rom.
878 2938 919 3003 (2)
940 2935 1068 3002 Apologst
1084 2935 1130 2984 ci.
