2744 4980
210 384 270 445 DE
291 382 475 443 AOTUUM
496 382 778 444 HUMANORUM
800 384 961 444 MORALI
981 385 1145 445 specis.
1178 388 1250 649 y

125 548 172 606 sic
181 559 211 605 et
219 549 435 626 eleemosynam
448 548 496 607 dat
508 550 608 623 aliquis
621 559 652 609 ut
668 548 784 609 Christo
797 550 982 627 obtemperet,
995 550 1107 610 laudem
1120 552 1177 611 beu

128 649 234 706 cende
246 649 334 707 simul
346 650 475 726 cupiens.

169 752 221 804 45.
243 748 471 820 Nonnumquam
484 767 586 806 eneas
600 747 715 821 quidam
729 757 757 806 et
768 747 886 807 affectus
900 749 1083 828 imperfectus
1096 751 1225 810 animum

127 847 229 921 mugit,
243 848 374 919 quamvis
393 848 551 905 nullatenus
564 847 601 903 sit
620 847 686 906 linis
706 866 790 920 quem
809 848 863 907 sibi
883 868 970 926 agens
990 850 1132 926 proponit.
1175 849 1224 908 Ex

128 944 243 1001 sincero
255 944 396 1003 desiderio
410 946 506 1003 Deum
526 945 639 1003 colendi
660 946 817 1024 ingreditur
836 949 901 1019 quis
922 948 1071 1025 templum,
1086 947 1122 1005 de
1134 948 1223 1006 laudi·

128 1043 184 1099 bus
203 1042 338 1107 humanis
355 1045 475 1103 minime
497 1045 634 1102 solicitus.
676 1045 827 1122 Contingit
844 1055 876 1102 ut
895 1066 912 1103 a
931 1047 1142 1124 spectatissimo
1162 1048 1223 1106 viro

130 1140 267 1210 rideatur,
280 1141 357 1199 nude
369 1143 402 1200 tit
415 1154 446 1201 ut
458 1144 521 1219 ipse
534 1144 588 1200 sibi
602 1144 631 1201 in
644 1146 831 1202 estimatione
845 1147 946 1222 majori
959 1165 1016 1219 qua
1028 1145 1174 1203 habendus
1187 1147 1224 1203 sit

131 1241 315 1316 complaceat.
357 1240 503 1315 Quidquid
516 1241 607 1318 culpe
626 1241 655 1300 in
675 1243 730 1300 hoc
749 1243 913 1319 reperiatur,
928 1263 986 1302 non
1006 1244 1071 1302 ideo
1089 1245 1164 1319 perit
1182 1255 1223 1304 to·

131 1355 191 1397 tum
205 1341 339 1398 credonis
352 1341 495 1406 meritum,
510 1358 547 1396 ex
560 1339 653 1398 studio
665 1340 755 1399 divini
767 1342 858 1400 cultus
872 1353 974 1401 ortum.

168 1442 219 1495 46.
246 1438 296 1496 Ex
319 1439 568 1507 circumstantiis,
590 1458 642 1497 seu
662 1439 799 1517 adjunctis
819 1459 960 1517 persone,
983 1442 1050 1509 loci,
1072 1444 1219 1519 temporis,

129 1539 251 1594 variatur
271 1540 415 1597 actionum
437 1538 624 1597 humanarum
650 1540 765 1597 moralis
784 1541 905 1616 species.
947 1535 1085 1608 Quedam
1097 1549 1220 1601 mutant

128 1654 225 1694 earum
238 1639 378 1713 speciem,
392 1636 551 1695 inducendo
564 1639 775 1715 oppositionem
789 1639 868 1696 alteri
885 1641 989 1707 virtuti
1003 1641 1048 1697 vel
1061 1641 1104 1717 adj
1109 1624 1241 1700 iciendo*

129 1735 269 1794 diversam
283 1737 519 1795 convenientiam.
561 1738 611 1795 Sia
627 1737 750 1795 violenta
768 1739 914 1814 percussio
934 1739 1028 1795 clerici
1039 1740 1178 1813 justitiam
1192 1752 1221 1797 et

129 1835 301 1908 religionem
317 1835 408 1893 ledit:
435 1835 621 1912 eleemosyna
640 1835 778 1893 sacerdoti
799 1837 945 1911 egrotanti
964 1837 1105 1911 impensa,
1120 1848 1221 1913 preter

130 1932 309 1999 charitatem,
323 1935 466 2012 religionis
480 1945 525 1992 est
536 1935 714 1993 exercitium.
735 1933 873 2001 Quaedam
887 1935 1103 1993 circumstantie
1117 1947 1222 2013 augent

129 2031 171 2088 vel
182 2033 320 2090 minuunt
339 2034 473 2092 malitiam
494 2033 540 2091 vel
559 2033 714 2092 bonitatem
735 2042 822 2100 actus,
841 2034 910 2105 quin
930 2033 1056 2110 speciem
1077 2033 1218 2095 diversam

129 2129 269 2207 adjiciant,
284 2139 493 2210 aggravantes
507 2131 610 2190 idcirco
621 2143 798 2209 nuncupate.
820 2133 869 2189 Sic
885 2132 975 2189 vidue
987 2152 1073 2209 parva
1081 2133 1218 2192 eleemos-

130 2249 185 2305 yna
205 2230 271 2289 Deo
282 2231 339 2288 fuit
356 2231 442 2309 louge
462 2233 603 2308 acceptior
620 2231 740 2290 divitum
761 2232 915 2308 majoribus
935 2224 1048 2288 donis:¹
1069 2232 1218 2307 proditoris

130 2330 239 2387 cumen
251 2349 289 2387 ex
299 2349 403 2407 magna
415 2349 472 2405 qua
489 2333 604 2408 gavisus
624 2340 682 2387 erat
695 2329 803 2387 Christi
823 2329 941 2393 Domini
955 2330 1141 2389 familiaritate
1155 2350 1218 2389 auo-

131 2439 189 2485 tum
204 2447 377 2507 magnopere
396 2425 466 2488 θοι.8
505 2430 555 2487 Sic
575 2430 699 2487 incestus
719 2429 828 2487 lacinus
842 2429 934 2505 majus
947 2440 1000 2497 est,
1023 2447 1080 2501 quo
1101 2432 1217 2507 propin·

130 2528 209 2598 quior
221 2539 266 2584 est
278 2529 392 2605 gradm.
434 2528 552 2606 Septem
572 2529 730 2604 presertim
750 2527 938 2586 humanorum
959 2539 1071 2585 actuum
1088 2528 1218 2605 adjuncta

129 2625 297 2685 attendenda
308 2640 383 2697 sunt,
397 2646 503 2706 nempe
515 2627 594 2706 quis,
607 2627 692 2705 quid,
705 2626 768 2695 ubi,
783 2626 892 2705 quidus
917 2626 1056 2694 auxiliis,
1071 2645 1135 2695 cur,
1146 2646 1217 2704 qno·

128 2725 223 2794 modo,
238 2728 373 2804 quando.

161 2830 212 2885 47.
238 2825 318 2897 Quis
331 2827 414 2886 fuerit
426 2828 568 2905 imprimis
585 2827 821 2886 considerandum
842 2836 894 2892 est,
909 2843 946 2884 ex
965 2843 1095 2903 persone
1110 2827 1217 2903 quippe

126 2922 269 3000 dignitate,
294 2927 339 2984 vel
361 2946 487 2996 munere,
508 2938 586 2984 actus
611 2928 721 2985 bonitas
741 2926 786 2983 vel
812 2927 917 2986 malitia
936 2943 1066 3002 persepe
1088 2935 1215 3003 augetur.

127 3021 239 3083 Humili
252 3025 317 3083 loco
330 3040 411 3085 natus
424 3026 532 3085 mundo
545 3027 675 3085 nuntium
691 3028 805 3085 mittens
819 3045 877 3085 non
891 3025 961 3084 adeo
975 3045 1009 3083 es
1027 3044 1058 3083 re
1079 3023 1143 3082 Deo
1156 3036 1216 3082 ευ

126 3123 223 3191 rificat,
247 3144 279 3182 ac
301 3127 380 3202 regni
397 3125 498 3195 heres,
513 3125 559 3182 vel
577 3125 733 3183 ditissimus
753 3126 913 3199 nobilisque
932 3126 985 3192 vir,
999 3127 1045 3183 cni
1059 3124 1105 3180 via
1118 3123 1153 3180 ad
1166 3123 1216 3181 ho-

48 3220 58 3233 *
126 3239 207 3279 nores
220 3233 308 3298 patet.
329 3225 461 3283 Ebrietas
471 3225 594 3283 admissa
604 3225 637 3281 ab
648 3226 778 3300 operario
791 3243 849 3282 uon
862 3222 933 3279 adeo
946 3240 1031 3296 grave
1043 3231 1088 3278 cst
1096 3221 1215 3287 crimen,

125 3331 154 3376 ut
161 3321 282 3399 judicis,
296 3323 342 3380 vel
354 3323 506 3382 sacerdotis
526 3322 748 3398 intemperantia.
791 3320 870 3379 Hinc
883 3318 1060 3376 sacerdotum
1073 3316 1174 3374 delicta
1187 3319 1216 3377 in

126 3420 280 3498 Scripturis
294 3423 419 3480 maxime
432 3425 656 3499 exaggerantur:
680 3420 753 3478 “Et
770 3438 847 3477 nunc
860 3416 895 3475 ad
908 3436 959 3475 vos
973 3417 1136 3476 mandatum
1150 3417 1215 3486 hoc,

127 3517 151 3576 Ο
164 3520 343 3578 sacerdotes!
360 3563 404 3580 ...
419 3522 481 3580 Vos
494 3532 589 3579 autem
602 3520 758 3578 recessistis
771 3517 807 3577 de
820 3520 875 3585 via,
889 3528 918 3574 et
930 3517 1141 3576 scandalizastis
1154 3519 1216 3594 plu·

126 3617 210 3676 umes
224 3620 256 3676 in
267 3614 381 3696 lege.''³
421 3621 466 3679 De
487 3620 596 3678 clericis
616 3618 684 3676 dicit
702 3619 852 3676 ennodium
867 3617 1086 3676 Tridentinum:
1110 3627 1129 3652 ‘⁶
1140 3618 1216 3675 levia

126 3718 205 3776 edam
229 3717 341 3786 delicta,
362 3738 425 3792 que
447 3722 477 3778 in
499 3720 569 3796 ipsis
592 3718 718 3776 maxima
738 3726 844 3786 essent,
865 3710 1049 3794 effugiant.”⁴
1089 3717 1215 3775 Mutatur

127 3826 199 3874 actus
212 3819 336 3892 species,
350 3818 460 3890 quoties
474 3836 653 3895 expersque
674 3817 833 3876 conditione
853 3817 893 3885 fit,
908 3826 940 3875 ut
955 3816 1074 3874 diverse
1088 3833 1215 3891 oppona-

128 3923 166 3972 tur
178 3917 292 3984 virtuti;
312 3918 386 3975 sieut
403 3908 625 4009 fflmonialis
645 3915 821 3994 impudicitia
839 3925 883 3974 est
901 3915 1032 3992 religioni
1050 3922 1079 3969 et
1097 3914 1215 3972 castitati

455 4038 479 4067 ,a

225 4125 267 4189 (l)
282 4123 344 4176 Luc.
353 4127 402 4177 xxi.
414 4129 439 4177 ³.
737 4127 778 4191 (2)
791 4122 856 4173 vite
868 4123 909 4172 Pr.
918 4122 958 4173 liv.
972 4124 1011 4172 1³.

222 4211 263 4276 (³)
277 4209 375 4262 Malsch
387 4211 412 4262 ii.
427 4211 448 4262 l.
460 4215 484 4261 8.
737 4209 779 4275 (4)
791 4208 857 4258 Sors.
869 4208 930 4259 xxii.
941 4207 980 4258 De
991 4206 1044 4258 Rei.
1053 4223 1074 4257 c.
1085 4223 1101 4257 1.

648 4293 690 4352 4*
