2744 4980
416 404 473 466 DE
495 406 778 468 REGULARIUM
799 407 1067 471 PRlVILEGIIS.
1227 418 1286 475 229

195 572 397 650 jurisdictione
416 573 567 650 privilegio
588 591 646 631 non
668 572 792 650 gaudent
812 575 842 632 in
865 575 901 633 iis
925 593 988 647 que
1010 595 1107 635 curam
1126 577 1290 654 hujusmodi

196 673 373 761 respiciunt;
394 689 460 729 nam
482 673 566 747 juxta
587 670 702 730 Bullam
724 672 873 731 Benedicti
893 673 976 732 XIV.
998 673 1044 732 die
1065 680 1084 734 6
1104 676 1289 746 Novembris,

199 773 289 837 1744,
304 769 419 838 editam,
441 779 461 805 “
471 769 594 828 Perochi
605 770 763 847 Regulares
776 771 943 832 omnimodo
955 773 1077 832 subsunt
1086 774 1289 852 jurisdictioni,

198 880 227 927 et
240 869 419 936 correctioni,
440 877 469 925 et
487 869 641 927 visitationi
660 870 789 946 episcopi
808 872 838 930 in
857 872 893 928 iis
913 889 976 944 quae
999 883 1174 932 concernunt
1192 893 1289 934 curam

194 968 365 1035 animarum,
376 977 405 1024 et
413 969 545 1044 proprios
554 986 659 1025 mores.
680 972 710 1025 2.
725 969 820 1040 quoad
827 971 1018 1029 visitationem
1025 971 1157 1041 localem,
1167 983 1290 1051 possunt

192 1066 302 1123 visitari
327 1065 423 1132 altare,
449 1067 480 1122 in
505 1085 563 1138 quo
589 1067 646 1123 SS.
673 1066 861 1127 Eucharistiae
883 1080 1092 1130 sacramentum
1118 1083 1288 1140 asservatur,

193 1183 311 1223 sacrum
324 1163 545 1233 tabernaculum,
560 1164 626 1223 sons
638 1165 825 1242 baptismalis,
839 1168 1048 1228 confessionale
1065 1171 1096 1227 in
1115 1188 1173 1242 quo
1186 1170 1292 1230 residet

192 1262 349 1340 parochus,
370 1263 510 1339 pulpitum
532 1281 549 1320 e
570 1281 627 1336 quo
648 1264 787 1339 parochus
807 1267 1002 1334 concionatur,
1016 1268 1169 1327 sacrarium
1192 1270 1227 1328 ad
1248 1271 1290 1327 iu·

192 1360 374 1438 spicieudam
382 1380 490 1419 sacram
502 1361 718 1438 supellectilem,
726 1363 911 1439 sepulchrum
923 1364 1169 1440 parochianorum,
1178 1386 1290 1426 eorum·

192 1478 254 1532 que
264 1461 468 1527 ooemeterium,
481 1461 783 1535 turriscampanariasi
798 1460 891 1520 adsint
900 1464 938 1521 ibi
947 1482 1090 1541 campane
1099 1466 1287 1541 parochiales,

191 1561 293 1618 omnia
313 1577 393 1616 saera
414 1577 491 1616 vasa.
534 1565 563 1617 3.
584 1558 677 1631 quoad
697 1560 885 1636 personalem,
907 1561 991 1620 debet
1009 1565 1125 1622 scmtari
1144 1567 1232 1624 vitam
1252 1585 1286 1624 ac

191 1677 292 1718 mores
305 1660 404 1724 curati,
418 1670 558 1730 quatenus
571 1667 651 1715 extra
660 1659 813 1718 claustrum
827 1658 1000 1735 prodierint.
1013 1702 1021 1718 .
1033 1703 1041 1718 .
1055 1681 1090 1720 an
1100 1663 1135 1721 ad
1143 1663 1288 1741 synodum

192 1770 314 1817 vocatus
327 1757 421 1825 iverit,
436 1776 472 1814 an
485 1757 674 1816 conserendas
688 1776 806 1816 casuum
816 1759 998 1817 conscientie
1006 1759 1108 1818 habeat
1114 1763 1287 1836 frequenter,

193 1877 235 1916 an
248 1875 336 1916 onera
347 1876 420 1916 curae
434 1855 641 1933 adimpleverit,
660 1875 695 1913 an
712 1857 835 1915 Missam
849 1875 901 1932 pro
920 1858 1027 1935 populo
1040 1860 1235 1936 applicaverit,
1253 1879 1289 1919 au

192 1957 283 2015 sestis
301 1955 396 2014 diebrrs
410 1956 594 2013 concionatus
608 1955 701 2022 luerit,
716 1955 772 2014 dac.
787 1976 824 2016 an
843 1967 924 2014 vacet
936 1956 1162 2018 confessionibus
1175 1959 1290 2019 audien·

195 2055 255 2123 dis,
271 2074 307 2112 an
320 2054 520 2131 egrotantibus
534 2053 729 2112 adsistentiam
749 2056 919 2132 prostiterit,
934 2076 968 2114 au
989 2076 1095 2133 pucros
1110 2070 1173 2118 ante
1187 2060 1290 2118 contir-

194 2154 354 2212 mationem
376 2164 406 2212 et
426 2155 658 2213 communionem
680 2155 854 2223 instruxerit,
869 2175 904 2214 an
928 2155 963 2214 de
983 2157 1155 2217 matrimonii
1168 2159 1289 2235 impedi·

195 2254 304 2312 ruentis
317 2254 506 2326 inquisiverit,
517 2265 545 2312 et
553 2272 588 2312 an
602 2254 702 2331 sponsi
715 2255 745 2311 iu
758 2254 843 2313 rebus
856 2254 923 2314 fidei
936 2257 995 2313 sint
1006 2254 1110 2325 edocti,
1124 2268 1199 2315 etan
1213 2267 1288 2316 recte

196 2353 345 2412 ordinatos
371 2353 473 2410 habeat
497 2353 585 2411 libros
622 2353 810 2431 parochiales.
861 2359 890 2410 4.
922 2353 998 2427 quod
1027 2354 1095 2413 licet
1119 2357 1290 2434 Superiores

199 2452 357 2530 Regulares
371 2470 429 2509 non
442 2454 554 2528 possint
566 2451 701 2529 deputare
718 2452 839 2524 aliquem
860 2453 895 2510 ad
915 2472 1010 2512 curam
1025 2454 1087 2512 sine
1097 2457 1224 2533 episcopi
1239 2476 1288 2534 ap·

198 2553 377 2628 probatione,
392 2561 512 2626 possunt
526 2561 619 2608 umen
641 2570 706 2610 euur
721 2570 868 2612 removere
882 2553 930 2612 illo
953 2554 1063 2621 inscio;
1083 2564 1112 2612 et
1129 2556 1167 2613 ita
1187 2557 1290 2632 pariter

197 2653 356 2728 episcopus
369 2658 463 2725 potest
476 2670 543 2709 cura
557 2651 635 2708 illurn
651 2651 760 2727 privare
783 2652 845 2710 sine
866 2671 1007 2711 consensu
1028 2655 1193 2728 superioris,
1215 2656 1238 2712 si
1260 2655 1289 2712 id

192 2752 272 2827 justa
285 2767 373 2807 causa
385 2750 556 2825 expostulet,
572 2750 650 2807 &c.'’
672 2750 715 2809 lta
728 2751 760 2808 S.
771 2751 938 2827 Alphonsus
952 2750 987 2807 de
1000 2747 1146 2826 Ligorio.¹
1171 2752 1289 2811 Monos-

196 2851 270 2908 teria
298 2850 384 2907 etiam
417 2860 611 2925 exemptarum
646 2849 738 2922 quoad
770 2850 928 2907 clausuram
961 2849 1109 2926 subjacent
1128 2851 1284 2926 episcopo:

199 2957 219 2982 “
229 2949 306 3006 Tam
320 2947 489 3016 Saeculares,
501 2967 586 3020 quarn
597 2948 755 3024 Regulares
767 2948 853 3006 nullis
863 2948 1020 3025 privilegiis
1035 2950 1105 3007 tueri
1118 2967 1149 3006 se
1163 2951 1285 3026 possint,

198 3048 352 3119 quominus
366 3047 390 3104 si
405 3046 575 3119 deliquerint
587 3049 662 3104 circa
674 3065 812 3123 personas
826 3048 897 3106 intra
910 3056 990 3123 septa
999 3046 1143 3124 degentes,
1155 3059 1203 3108 aut
1215 3050 1289 3107 circa

198 3147 360 3205 clausuram
376 3146 553 3212 monialium,
568 3147 653 3203 etiam
676 3146 850 3222 regularibus
873 3148 1072 3223 subjectanim,
1094 3149 1128 3205 ab
1150 3150 1288 3224 episcopo

197 3256 342 3318 tamquam
357 3245 391 3303 ad
405 3245 460 3301 hoc
471 3243 555 3302 Sedis
569 3246 743 3322 Apostolicae
754 3245 882 3322 delegato
888 3246 984 3321 puniri
996 3254 1024 3300 et
1032 3247 1136 3322 corrigi
1146 3245 1289 3304 valeant.”

198 3344 243 3402 lta
257 3344 416 3421 Gregorius
431 3344 499 3401 XV.
515 3345 545 3402 in
560 3344 645 3403 Bulla
658 3343 880 3412 Inscrutolrilis,
895 3361 969 3401 anuo
986 3346 1073 3400 1622.

238 3448 267 3500 5.
290 3443 447 3521 Regulares
460 3461 561 3502 omnes
575 3463 654 3517 reque
675 3464 707 3502 ac
727 3443 876 3501 seculares
899 3443 1099 3517 episcoporum
1114 3443 1198 3519 jussa
1217 3447 1292 3504 circa

198 3542 357 3600 Missurum
371 3542 589 3602 celebrationem
603 3554 734 3602 tenentur
742 3543 863 3614 exequi:
886 3542 1032 3618 episcopis
1042 3543 1149 3619 quippe
1157 3545 1292 3623 praecepit

198 3641 403 3701 Tridentinum
419 3640 584 3701 Concilium
598 3662 634 3701 ne
647 3645 787 3719 patiantur
800 3643 915 3717 privatis
935 3641 964 3699 in
978 3639 1119 3711 domibus,
1133 3653 1218 3716 atque
1231 3663 1292 3703 om·

198 3742 269 3798 nino
283 3753 362 3798 extra
376 3739 538 3809 ecclesiam,
550 3752 578 3800 et
591 3741 625 3800 ad
639 3741 766 3800 divinum
781 3750 888 3799 tanturn
902 3741 1008 3799 cultum
1023 3740 1150 3800 dedicata
1160 3743 1291 3810 oratoria,

199 3840 234 3896 ab
248 3839 357 3897 eisdem
371 3838 532 3899 Ordinariis
546 3840 730 3918 designanda,
752 3851 780 3897 et
798 3840 947 3908 visitanda,
968 3849 1097 3898 sanctum
1117 3840 1173 3898 hoc
1187 3841 1292 3899 sacrifi·

198 3940 276 3996 cium
291 3959 307 3995 a
321 3939 512 4008 saecularibus,
527 3951 574 3998 aut
587 3942 762 4017 regularibus
777 3940 1003 4010 quibuscumque
1023 3938 1164 4014 peragi’'.
1182 3979 1227 3996 ...
1242 3981 1249 3996 .
1265 3951 1293 3998 et

197 4046 339 4096 “utnon
359 4038 452 4096 solum
478 4057 510 4096 ea
531 4041 603 4116 ipsa,
624 4039 676 4098 sed
702 4056 888 4112 quecumque
910 4037 965 4094 alia
985 4035 1042 4093 huc
1065 4038 1207 4112 pertinere
1230 4041 1292 4097 visa

195 4137 310 4206 luerint,
329 4138 384 4212 ipsi
399 4155 451 4213 pro
465 4137 528 4195 data
540 4139 594 4198 sibi
609 4144 815 4197 esacrosancta
827 4134 939 4212 synodo
953 4142 1101 4211 potestate,
1115 4137 1246 4198 scotiam
1261 4148 1293 4197 ut

537 4329 577 4393 (1)
592 4324 621 4375 L.
634 4327 650 4376 i.
660 4341 715 4392 app.
726 4323 751 4373 ii.
766 4323 796 4374 ds
806 4323 870 4373 Prii.
881 4322 958 4373 lxxix.

286 4407 369 4470 Vos.
388 4409 493 4473 l.-2l
