2744 4980
543 174 561 209 ἦ
663 192 677 211 ο

877 272 903 311 ἢ,

447 364 506 426 ns
524 362 651 427 russi
669 364 902 431 tuomum.
1088 382 1121 443 e
1164 356 1229 431 roo·

128 531 371 608 concupiscentia
384 532 575 592 occasionem.
617 532 703 591 Sibis
713 541 789 590 terve
797 531 954 590 omittendo
963 542 1058 608 speret
1070 533 1220 611 libidinem

125 630 241 707 juvenis
268 628 450 699 domandam,
473 630 583 690 videtur
606 632 696 691 teneri
718 630 754 690 ad
776 629 972 689 abstinendum
995 632 1030 689 ab
1049 651 1166 692 accessu
1184 633 1221 692 ad

130 729 291 799 ecclesiam,
303 748 392 803 quum
400 730 544 789 charitatis
554 742 738 808 praeceptum,
747 749 804 804 quo
815 730 934 789 alienam
943 731 1055 788 ruinam
1063 750 1220 808 praecavere

131 828 277 897 debemus,
286 839 429 906 precepto
443 829 479 887 de
492 829 632 889 audienda
645 829 739 890 Missa
752 828 886 906 dignitate
900 849 951 888 sua
963 830 1114 907 praecellat.
1157 831 1221 890 Ca·

133 937 222 988 temm
236 928 345 988 diutina
357 928 419 987 haec
432 948 489 987 non
502 929 585 988 debet
593 948 657 988 esse
677 931 833 997 excusatio,
842 930 896 987 sibi
911 931 988 988 enim
997 930 1113 1006 juvenis
1123 949 1225 990 casum

133 1045 216 1087 suum
238 1029 368 1104 imputet.
411 1029 479 1104 lpsa
501 1038 595 1088 tamen
615 1029 708 1105 puella
730 1029 784 1087 sibi
805 1038 836 1085 ut
848 1028 986 1096 consulat,
1000 1030 1103 1106 poterit
1115 1029 1223 1090 diutius

134 1127 240 1194 abesse,
255 1127 280 1183 si
293 1128 403 1185 ruinam
417 1127 522 1185 timeat.

170 1229 220 1283 21.
243 1225 302 1291 Qui
325 1234 418 1282 vestes
439 1245 498 1285 non
515 1225 618 1284 habent
637 1244 690 1284 suo
710 1228 793 1284 statui
816 1228 1028 1293 convenientes,
1052 1237 1223 1287 excusantur

135 1323 304 1398 aliquando:
326 1323 430 1383 debent
442 1335 546 1393 tamem
560 1327 586 1383 si
600 1327 638 1383 sit
656 1323 782 1391 facultas,
805 1335 917 1402 tempus
936 1336 1127 1400 opportunum
1147 1346 1223 1399 quse·

136 1440 204 1492 rere,
220 1423 346 1483 diluculo
363 1424 515 1483 ecclesiam
535 1424 673 1482 adeundo.
715 1421 812 1481 Pudor
831 1442 868 1481 ex
891 1422 987 1481 delicti
1010 1424 1124 1483 indiciis
1146 1435 1224 1484 onus

134 1524 216 1581 etiam
231 1533 349 1581 excusat
361 1541 425 1580 eam
438 1543 501 1597 quae
515 1523 589 1581 sama
608 1523 700 1580 adhuc
720 1523 830 1599 integra
850 1523 960 1580 crimen
980 1523 1112 1598 proderet
1130 1524 1224 1600 palam

134 1621 270 1681 adstando
282 1623 400 1689 mnam
422 1625 553 1696 quamvis
572 1622 648 1680 enim
667 1623 699 1697 iu
717 1640 802 1679 causa
821 1621 961 1698 culpanda
981 1623 1027 1690 sit,
1046 1624 1108 1699 jam
1128 1642 1162 1680 ea
1181 1635 1224 1681 est

131 1719 296 1779 conditione
309 1740 371 1795 quoe
385 1721 473 1779 efficit
484 1732 515 1780 ut
528 1729 648 1798 nequeat
660 1717 801 1797 piaecepto
815 1721 986 1778 satisfacere.

171 1824 223 1877 22.
247 1820 330 1879 laucri
344 1821 492 1897 permagni
506 1820 623 1878 amissio
633 1830 709 1876 esset
721 1820 867 1877 excusatio
879 1819 1016 1895 legitima,
1029 1821 1183 1893 prasertim
1197 1822 1224 1877 ei

127 1918 184 1991 qui
198 1919 250 1975 vix
262 1900 406 1996 posset'eo
419 1937 522 1977 carere.
565 1917 615 1975 Sic
628 1919 677 1991 qui
701 1918 827 1976 muneris
851 1916 996 1975 amittendi
1016 1916 1173 1975 discrimini
1193 1936 1224 1975 se

128 2017 290 2094 objicerent
314 2016 447 2095 Ecclesia
469 2017 599 2076 adeunda
617 2027 648 2074 ut
676 2016 777 2075 Missa
806 2015 949 2073 adstarent
968 2013 1013 2073 die
1034 2015 1117 2083 sesto,
1138 2036 1224 2075 excu-

130 2127 241 2174 santur.
289 2115 389 2174 Minus
412 2128 506 2176 autem
532 2115 713 2192 dispendium
740 2134 878 2192 pauperes
909 2125 1035 2172 excusat.
1079 2114 1224 2175 Catemm

133 2234 191 2273 non
211 2226 382 2274 excusantur
407 2234 550 2293 caupones
573 2217 622 2289 qui
643 2214 688 2273 dic
715 2214 858 2273 dominica
884 2214 1007 2271 Missam
1028 2214 1175 2290 negligunt
1194 2223 1225 2273 ut

135 2313 271 2374 adeuntes
298 2333 454 2391 cauponam
482 2315 635 2391 excipiant,
658 2314 769 2372 lucrum
796 2331 930 2390 magnum
955 2311 1021 2370 inde
1047 2315 1224 2389 percepturi;

136 2432 202 2471 nam
227 2413 257 2472 id
282 2414 314 2471 fit
336 2432 401 2472 cum
423 2414 570 2491 religionis
594 2412 772 2479 detrimento,
799 2421 827 2468 et
853 2430 955 2487 magna
980 2413 1109 2471 omnium
1135 2411 1228 2470 offen·⁴

137 2515 229 2571 sione.

176 2618 225 2670 23.
249 2611 377 2670 Affectus
390 2631 457 2689 erga
470 2622 601 2689 parentes
615 2622 644 2669 et
662 2612 837 2688 propinquos
857 2607 1067 2668 demonstrandi
1080 2629 1165 2668 causa
1177 2628 1226 2668 ex·

139 2712 227 2769 cusari
247 2709 378 2769 videntur
399 2713 448 2784 qui
471 2710 622 2783 aliquando
642 2729 673 2767 se
693 2709 842 2768 conferunt
861 2707 896 2765 ad
915 2709 978 2765 loca
991 2709 1019 2765 in
1034 2710 1137 2779 quibus
1150 2710 1227 2767 nulla

141 2811 229 2868 lutura
248 2812 286 2868 sit
305 2812 348 2867 eis
368 2811 491 2870 Missam
512 2809 645 2868 audiendi
664 2809 791 2867 facultas.
834 2805 977 2864 Ceterum
997 2824 1056 2864 non
1070 2825 1157 2883 saepe,
1172 2825 1225 2864 nec

140 2910 247 2976 leviter,
262 2928 315 2966 ncc
329 2929 380 2987 per
393 2922 504 2986 tempus
518 2908 682 2968 diuturnum
696 2906 724 2965 id
738 2907 899 2964 laciendum
911 2915 964 2962 est.

176 3013 226 3066 24.
248 3008 305 3075 Qui
329 3008 496 3067 valetudinis
518 3028 612 3076 causa,
633 3007 678 3064 vel
703 3006 836 3082 legitima
857 3006 944 3063 animi
958 3005 1153 3084 ‘recreationis
1177 3024 1228 3082 per

141 3109 245 3181 aliquot
266 3110 369 3166 aestatis
390 3106 580 3166 hebdomadas
604 3104 659 3164 alid
675 3124 706 3162 se
720 3105 878 3171 conserunt,
887 3114 972 3181 prout
984 3105 1171 3181 plurimorum
1184 3116 1229 3161 est

142 3227 211 3275 mos,
226 3218 397 3266 excusantur
416 3228 433 3264 a
452 3207 555 3265 violato
575 3216 727 3282 praecept0,
743 3205 794 3262 etsi
808 3206 890 3279 copia
910 3205 1011 3262 Missae
1025 3202 1171 3262 audienda
1186 3204 1227 3260 eis

142 3309 191 3365 iter
214 3308 361 3384 agentibus
381 3307 511 3364 defutura
530 3307 585 3364 sit:
606 3306 696 3363 otium
719 3302 917 3386 quippesillud
944 3312 972 3359 et
991 3302 1079 3360 animi
1097 3301 1228 3359 levamen

141 3405 290 3479 aliquando
303 3407 504 3473 necessarium,
518 3417 547 3462 et
560 3422 687 3482 persaepe
701 3403 770 3460 utile
783 3411 842 3460 est:
865 3419 918 3459 nec
932 3411 1071 3478 coguntur
1090 3399 1228 3477 perpetud

143 3508 169 3563 in
181 3506 245 3584 loco
259 3507 288 3564 in
303 3525 360 3578 quo
374 3516 417 3563 est
429 3506 512 3580 copia
525 3506 597 3562 sacri
611 3503 775 3561 consistere.

178 3609 228 3661 25.
250 3605 306 3663 Est
328 3605 429 3662 alicubi
451 3622 513 3662 mos
539 3621 603 3661 rure
622 3612 653 3659 ut
679 3602 775 3668 vicini,
796 3601 952 3677 prasertim
979 3599 1137 3667 acatholici,
1158 3600 1229 3658 alios

142 3705 262 3761 invisant
275 3722 358 3762 manc
372 3703 427 3761 diei
441 3703 600 3769 dominica,
611 3710 699 3759 totum
712 3699 788 3758 diem
797 3719 864 3757 cum
874 3700 909 3758 iis
921 3702 1061 3759 mansuri:
1077 3717 1137 3772 quo
1148 3709 1230 3774 pacto
1271 3747 1275 3755 .

142 3803 271 3860 catholici
292 3805 326 3860 ab
346 3801 487 3861 audiendo
507 3820 588 3859 sacro
608 3799 774 3857 detinentur.
816 3799 850 3858 ld
870 3811 962 3857 autern
983 3800 1124 3875 quaeritur,
1138 3806 1231 3853 utrum

142 3915 313 3960 excusentur
326 3903 375 3974 qui
387 3901 465 3958 domi
479 3911 603 3967 manent,
617 3919 653 3957 ne
667 3900 791 3957 comitati
804 3907 832 3955 et
845 3898 976 3974 amicitiae
997 3888 1097 3954 deesse
1116 3894 1230 3952 videan-

143 4012 194 4059 tur.
237 4003 271 4060 Si
285 4003 321 4058 sit
339 4000 455 4059 facultas
478 3999 628 4057 ecclesiam
649 3997 781 4064 adeundi,
796 4007 824 4053 et
843 3995 979 4054 redeundi
993 3994 1028 4051 ad
1041 3994 1232 4071 hospitii-jura

144 4101 310 4177 praestanda,
330 4101 421 4173 liquet
441 4101 563 4158 Missam
584 4116 643 4157 non
663 4114 748 4174 posse
771 4094 878 4172 negligi
891 4095 925 4152 ab
944 4092 1086 4161 omnihus,
1100 4095 1231 4166 quamvis

145 4201 246 4275 aliquis
257 4200 337 4260 domi
349 4200 442 4278 possit
454 4217 569 4259 manere
582 4196 722 4257 comitatis
736 4210 837 4253 causa:
852 4191 903 4250 sed
912 4193 961 4250 vix
974 4211 1125 4252 censemus
1132 4212 1233 4255 omues
