2744 4980
35 430 41 443 .
68 406 71 411 .
116 372 133 457 ,ἱ
164 397 182 450 s
359 390 418 454 ue
439 392 625 455 numana
645 394 809 454 nonunt
831 391 1032 453 anricus.

16 580 19 587 ·
79 546 81 548 ’
163 558 276 632 proprie
300 557 432 618 humanae
454 558 592 627 dicuntur,
607 580 670 633 quae
694 579 731 617 ex
745 562 885 618 voluntate
907 559 1057 617 deliberata
1076 555 1253 633 procedunt:

163 656 189 711 si
202 673 265 726 quta
281 669 372 717 autern
388 659 449 715 aliae
471 660 594 717 actiones
608 660 717 717 homini
740 660 917 725 conveniant,
932 668 1051 735 possunt
1065 656 1120 712 dici
1135 654 1255 726 quidem

164 753 289 811 hominis
304 759 437 823 actioneS,
452 756 502 812 sed
514 776 570 814 non
581 759 694 833 proprie
705 758 846 823 humanae,
862 777 927 816 eum
941 776 998 814 non
1012 757 1069 812 sint
1082 754 1208 811 hominis
1224 754 1256 811 in

165 863 301 924 quantum
328 867 371 912 est
393 849 530 913 hom0.'’¹
571 855 791 932 ltatngelicus
815 857 933 923 Ductor,
961 874 1009 912 eas
1036 854 1159 911 actiones
1188 871 1255 924 quae

165 959 252 1007 “non
266 952 421 1028 procedunt
434 972 471 1010 ex
485 953 683 1012 deliberatione
704 956 828 1022 rationis,
843 975 905 1027 quae
926 964 969 1010 est
988 953 1134 1030 proprium
1148 951 1256 1026 princi·

164 1051 244 1125 pium
255 1049 443 1110 humanorum
455 1045 608 1110 actuum’‘²
620 1062 695 1109 recte
706 1070 812 1129 negans
821 1072 884 1110 esse
895 1054 1044 1110 humanas.
1079 1050 1157 1108 Dum
1167 1049 1256 1125 igitur

165 1147 200 1203 de
213 1150 339 1207 moribus
354 1152 473 1226 agimus,
489 1150 663 1226 intelligendi
676 1170 775 1209 sumus
789 1152 824 1208 de
839 1153 944 1209 actibus
959 1169 1024 1207 vere
1044 1149 1188 1214 humanis,
1204 1148 1256 1219 qui

165 1245 334 1305 deliberante
348 1249 454 1305 ratione
469 1249 548 1305 fiunt.

206 1351 234 1402 3.
258 1346 326 1422 Agit
348 1347 436 1404 homo
460 1357 574 1423 propter
594 1346 692 1415 finem,
715 1348 764 1418 qui
784 1347 901 1423 proinde
924 1347 996 1404 actui
1018 1347 1142 1422 speeiem
1170 1363 1255 1402 suam

165 1445 266 1510 tribuit,
282 1463 347 1503 nam
370 1445 534 1521 “possibile
556 1455 600 1501 est
613 1446 689 1517 quod
708 1465 781 1502 unus
802 1456 879 1502 actus
894 1442 1049 1501 secundum
1064 1445 1190 1520 speciem
1204 1462 1254 1500 na-

165 1552 231 1599 turae
246 1542 389 1601 ordinetur
401 1543 437 1599 ad
457 1542 583 1601 diversos
607 1544 678 1600 fines
700 1545 869 1601 voluntatis:
892 1546 965 1600 sicut
984 1543 1038 1600 hoc
1059 1544 1153 1618 ipsum
1175 1539 1255 1613 quod

164 1652 207 1697 est
228 1641 356 1699 occidere
381 1643 538 1709 hominem,
554 1642 630 1713 quod
650 1654 693 1699 est
713 1641 788 1700 idem
810 1642 964 1700 secundum
986 1642 1112 1716 speciem
1133 1652 1251 1706 natiuae,

164 1749 257 1813 potest
283 1739 414 1806 ordinari,
436 1741 508 1797 sieut
529 1742 559 1798 in
578 1740 676 1808 finem,
701 1741 736 1798 ad
760 1741 1000 1798 conservationem
1018 1740 1144 1815 justitias,
1168 1749 1197 1794 et
1217 1736 1254 1794 ad

164 1838 392 1897 satisfaciendum
413 1840 471 1904 irae,
487 1849 564 1895 etex
578 1839 633 1896 hoo
654 1849 734 1896 erunt
747 1838 850 1895 diversi
864 1849 941 1895 aetus
955 1837 1110 1894 seeundum
1125 1837 1253 1913 speciem

164 1936 261 2001 moris,
277 1937 344 2007 quia
356 1955 414 1993 uno
429 1935 513 1994 modo
527 1938 579 1992 erit
592 1946 670 1994 acuis
684 1937 802 2003 virtutis,
817 1937 871 1994 alio
885 1936 971 1994 modo
984 1937 1037 1992 erit
1050 1947 1127 1993 actus
1142 1928 1254 1992 vitii.”³

204 2037 233 2090 4.
257 2034 337 2091 Finis
350 2034 466 2092 ultimus
480 2052 566 2105 quem
581 2034 668 2092 homo
682 2034 791 2111 agendo
812 2036 865 2092 sibi
885 2035 1018 2110 proponit
1037 2033 1177 2091 beatitudo
1191 2043 1251 2098 θεὶς

128 2124 130 2129 ’
164 2133 202 2187 ita
215 2133 292 2190 enim
307 2150 405 2190 sumus
420 2141 517 2189 natrrra
536 2135 699 2209 comparati,
714 2143 745 2189 ut
764 2134 877 2190 nonnisi
898 2133 970 2191 beati
990 2151 1053 2189 esse
1067 2133 1139 2188 velle
1160 2132 1253 2206 possi-

164 2248 238 2297 mus,
254 2229 330 2304 quod
345 2231 539 2289 animadvertit
551 2233 619 2290 olim
635 2232 827 2307 Augustinus:
851 2233 990 2288 “Verum
1005 2241 1048 2287 est
1061 2230 1138 2303 quod
1151 2247 1253 2288 omnes

165 2328 297 2386 homines
311 2347 374 2386 esse
387 2331 460 2388 beati
474 2330 570 2398 velint,
585 2330 670 2402 idque
685 2349 773 2388 unum
788 2328 984 2388 ardentissimo
998 2349 1093 2386 amore
1107 2337 1251 2406 appetant,

165 2437 193 2482 et
205 2438 319 2502 propter
332 2429 387 2485 hoc
401 2438 500 2486 catera
513 2448 699 2500 quaecumque
714 2425 892 2505 appetant.’'¹
933 2430 967 2486 In
982 2447 1017 2485 eo
1038 2438 1130 2484 autem
1151 2429 1253 2485 huma-

165 2543 219 2582 nus
233 2537 348 2601 apparet
361 2545 446 2594 error,
462 2526 539 2597 quod
552 2547 607 2600 qua
621 2528 650 2584 in
670 2547 699 2585 re
714 2526 853 2585 beatitudo
868 2528 904 2583 sit
923 2530 1024 2603 posita,
1046 2527 1172 2602 plerique
1194 2544 1254 2583 non

166 2623 330 2700 intelligant,
345 2624 415 2682 adeo
428 2635 459 2681 nt
472 2644 534 2683 eam
549 2626 700 2698 quaerendo
714 2626 783 2682 fiant
795 2627 965 2683 miseriores.
1008 2625 1042 2682 In
1054 2625 1157 2681 divitiis
1168 2624 1253 2701 pleri·

166 2740 221 2794 que
235 2741 298 2781 cam
313 2734 457 2795 querunt:
480 2742 542 2794 quae
560 2735 653 2782 tamen
661 2725 774 2782 nonnisi
789 2726 899 2800 magnis
914 2725 1054 2781 laboribus
1066 2735 1094 2779 et
1107 2723 1253 2780 conatibus

166 2821 334 2895 plerumque
348 2833 413 2880 sunt
426 2823 632 2900 comparandae,
647 2833 675 2880 et
688 2841 763 2897 saepe
774 2833 939 2895 sequentem
954 2823 1083 2898 lugiunt3
1105 2839 1253 2898 possesso·

166 2937 226 2976 rem
235 2919 300 2976 verb
312 2922 454 2979 solicitum
465 2922 579 2989 iaciunt,
588 2923 790 2993 etinquietum.
834 2922 967 2980 Honores
979 2940 1130 2979 munerave
1141 2919 1255 2997 publica

166 3017 235 3074 alios
250 3018 390 3076 alliciunt:
413 3039 484 3093 quos
499 3020 601 3077 videris
616 3021 650 3077 ad
664 3020 777 3077 culmen
791 3021 841 3078 niti
850 3039 901 3097 per
909 3039 1008 3096 aspera
1018 3038 1137 3091 quaeque
1152 3018 1253 3075 anxios

166 3125 193 3171 et
206 3114 344 3192 fatigatos,
360 3119 389 3175 in
403 3119 466 3194 ipso
480 3137 573 3176 rerum
588 3119 699 3194 fastigio
719 3119 848 3193 plurimis
869 3118 1092 3176 solicitudinibus
1112 3116 1251 3174 infelices.

167 3213 273 3286 Utique
288 3216 364 3273 nulla
378 3217 442 3273 inde
454 3217 594 3274 derivatur
607 3217 746 3292 voluptas,
762 3237 824 3288 quae
838 3236 904 3274 vera
925 3217 970 3282 sit,
985 3217 1041 3273 nisi
1060 3235 1097 3272 ex
1111 3216 1212 3272 virtute
1227 3224 1255 3272 et

165 3314 251 3371 animi
265 3317 424 3389 praestantia
437 3314 585 3373 derivetur.
629 3316 718 3374 Fama
732 3335 798 3372 aura
817 3317 888 3373 levis
909 3324 992 3371 estet
1013 3315 1185 3380 inconstans,
1200 3331 1253 3369 neo

165 3413 288 3470 animam
309 3413 404 3488 explet
423 3415 605 3473 esurientem.
655 3416 784 3471 Potestas
811 3433 873 3486 quae
902 3414 1054 3470 rectoribus
1082 3411 1253 3489 populorum

165 3510 309 3586 competit,
324 3521 432 3570 metum
446 3511 523 3570 haud
537 3511 652 3588 depellit
665 3513 769 3578 mumo,
786 3512 836 3569 sed
850 3512 943 3587 potius
957 3512 1031 3568 curis
1045 3512 1153 3568 obruit:
1177 3509 1254 3583 quod

166 3606 283 3665 Boetius
310 3609 427 3684 pulchre
458 3611 671 3668 animadvertit:
705 3610 866 3667 “Potestas
886 3611 1013 3668 humana
1041 3610 1254 3667 solicitudinum

165 3724 276 3763 morsus
292 3707 444 3783 expellere,
459 3709 642 3767 formidinum
657 3707 769 3765 aculeos
790 3709 876 3766 vitare
897 3707 1091 3780 nequit.’'-“
1102 3709 1253 3764 Potentem

165 3822 274 3871 censes,
289 3807 335 3863 cui
349 3807 482 3863 satellites
503 3807 573 3864 latus
595 3807 741 3865 ambiunt!
763 3808 813 3880 qui
835 3828 907 3879 quos
928 3816 1012 3864 terret
1033 3807 1095 3882 ipse
1116 3806 1180 3881 plus
1194 3823 1255 3863 me·

164 3897 275 3959 tuitt”⁶
316 3905 373 3971 Qui
387 3914 527 3981 reponunt
539 3906 739 3964 beatitudinem
753 3907 782 3963 in
797 3905 943 3964 affectibus
958 3907 1060 3978 quibus
1075 3905 1208 3962 homines
1222 3922 1254 3961 se

164 4002 286 4061 invicem
314 4014 529 4081 prosequuntur,
553 4013 581 4061 et
600 4006 755 4081 praesertim
775 4006 929 4081 conjugum
949 4006 1022 4062 inter
1041 4023 1082 4073 se,
1104 4013 1253 4080 parentum

199 4192 241 4257 (1)
264 4195 285 4241 l.
297 4197 321 4241 2.
334 4210 375 4257 qu.
387 4195 406 4244 1.
420 4203 462 4244 ort.
475 4194 495 4243 1.
507 4193 583 4260 Κεφ.
797 4195 839 4258 (2)
859 4193 959 4254 ibidem,
972 4193 1014 4244 Ad
1024 4193 1135 4245 tertium.

199 4276 241 4342 (³)
261 4276 353 4329 Ibidem
369 4275 642 4329 multidinum.
800 4280 840 4344 (4)
858 4277 888 4327 L.
900 4278 991 4328 xiiide
1003 4277 1140 4331 Trimov.

513 4364 556 4428 (⁵)
576 4361 606 4410 L.
618 4362 652 4411 iii.
661 4362 690 4412 do
702 4363 792 4412 consol.
803 4376 876 4427 prosa
887 4378 909 4412 v.
