2744 4980
161 407 218 462 132
435 400 492 459 DE
514 396 702 459 SEPTIMO
723 392 975 456 PRAECEPTO.

163 586 226 625 eam
247 565 333 633 tollat,
357 565 413 622 nisi
430 563 583 640 prevideat
602 580 639 619 ex
666 563 752 636 petita
770 560 886 618 licentia
912 557 1094 616 occasionem
1120 557 1256 614 orituram

164 684 248 724 omne
270 666 323 721 sibi
342 662 499 721 subsidium
519 659 712 719 subtrahendi.
755 659 788 716 Si
810 678 856 716 res
869 659 965 732 magni
987 657 1091 714 valoris
1117 655 1201 713 alicui
1222 654 1257 713 ad

163 764 249 821 vitam
263 761 428 820 servandam
443 763 556 837 penitus
569 757 730 816 necessaria
742 759 788 824 sit,
806 758 881 824 licet,
891 759 975 833 juxta
988 756 1083 832 plures
1097 754 1257 831 theologos,

164 881 228 921 eam
248 862 328 919 diviti
349 861 500 936 surripere,
522 856 679 915 dummodo
699 875 734 913 55
753 857 851 923 ablata,
865 856 968 913 similis
981 856 1136 912 necessitas
1149 854 1259 911 nonsit

165 960 247 1019 diviti
266 960 417 1017 nascitura.
460 955 658 1015 Nihilominus
677 953 759 1012 dives
779 974 837 1012 non
858 966 967 1012 tenetur
979 971 1050 1029 opes
1063 972 1129 1010 suas
1143 951 1257 1028 prolun-

165 1058 231 1116 dere
246 1059 331 1115 etiam
346 1059 381 1114 iis
395 1058 444 1129 qui
458 1066 586 1113 extrema
598 1053 727 1112 laborant
748 1055 925 1120 necessitate,
940 1071 1026 1125 quum
1049 1052 1170 1109 charitas
1191 1070 1257 1109 cum

165 1167 242 1214 tanto
256 1174 350 1213 rerum
365 1173 479 1212 suarum
493 1154 661 1210 detrimento
675 1172 732 1210 non
756 1152 869 1229 obliget.
912 1152 968 1218 Qui
987 1169 1049 1209 rem
1063 1151 1184 1207 alienam
1198 1168 1259 1207 sur·

165 1255 253 1332 ripuit
266 1265 294 1311 et
307 1254 492 1330 consumpsit,
501 1264 628 1310 extrema
641 1270 757 1327 pressus
771 1252 950 1317 necessitate,
965 1269 1023 1309 nou
1035 1249 1146 1307 videtur
1159 1258 1259 1324 postea

166 1353 201 1412 ad
215 1352 416 1411 restituendum
432 1354 530 1419 teneri,
545 1353 570 1408 si
590 1350 716 1419 absolute
739 1369 848 1427 pauper
870 1349 952 1406 luerit
974 1359 1034 1406 tum
1050 1367 1092 1415 re,
1106 1358 1165 1406 tum
1187 1366 1256 1423 spe:

167 1470 252 1510 secus
265 1453 289 1508 si
304 1451 339 1507 ad
353 1461 465 1526 tempus
479 1460 585 1507 tantum
598 1451 765 1506 necessitate
779 1449 954 1516 laboraverit,
969 1448 1094 1519 alioquin
1108 1446 1199 1513 dives,
1213 1445 1259 1503 vel

167 1560 270 1608 certam
292 1568 374 1626 spem
397 1549 556 1606 divitiarum
576 1548 703 1615 habens3
725 1558 791 1606 tunc
811 1548 887 1604 enim
908 1548 998 1604 mutui
1018 1548 1105 1604 instar
1123 1564 1184 1603 rem
1204 1545 1259 1602 sibi

166 1649 298 1724 sumpsit.
350 1648 440 1705 Fures
467 1649 497 1704 in
523 1657 649 1703 extrema
674 1648 840 1705 necessitate
867 1655 1067 1703 consumentes
1089 1663 1152 1716 quse
1177 1654 1260 1700 antea

167 1748 273 1825 injuste
282 1757 459 1822 acceperant,
471 1745 505 1802 ad
518 1745 722 1803 restituendum
737 1746 826 1803 teneri
839 1745 935 1820 plures
949 1746 1097 1802 affirmant.

212 1849 279 1902 155.
301 1845 335 1904 lu
349 1848 427 1921 gravi
440 1845 618 1910 necessitate,
633 1844 746 1916 qualern
760 1844 887 1922 plerique
901 1845 1044 1919 patiuntur
1053 1860 1205 1918 pauperes,
1213 1859 1260 1897 res

169 1944 276 2003 alienas
290 1945 430 2021 surripere
443 1944 602 2001 nullatenus
615 1942 691 2010 lieet,
706 1963 793 2016 quum
813 1962 907 2000 rerum
920 1942 1089 2000 divisionem
1105 1942 1167 2017 jam
1181 1941 1260 1998 insti·

167 2052 254 2100 tutam
268 2043 374 2112 absque
388 2043 556 2117 gravissima
568 2060 656 2099 causa
674 2043 775 2100 violari
788 2043 859 2101 ratio
872 2051 963 2099 vetet:
988 2050 1162 2118 quapropter
1174 2040 1262 2098 lnno·

169 2141 278 2198 centius
292 2140 347 2197 xl.
368 2140 511 2197 damnavit
529 2141 769 2216 propositionem:
793 2140 1002 2199 “Permissum
1021 2151 1065 2199 est
1083 2140 1180 2205 furari,
1202 2157 1261 2196 non

168 2238 263 2297 solum
277 2240 306 2296 in
320 2251 448 2297 extrema
461 2240 637 2306 necessitate,
651 2241 702 2297 sed
716 2243 800 2298 etiam
814 2240 842 2296 in
856 2235 961 2317 gravi.¹

212 2341 278 2395 156.
300 2338 345 2395 Ad
361 2340 469 2415 justam
483 2339 527 2394 sui
541 2340 800 2414 compensationem
813 2357 858 2395 res
878 2340 983 2396 alienas
1002 2322 1154 2416 surripere,
1167 2339 1193 2395 si
1208 2336 1263 2394 alia

168 2435 243 2495 desit
254 2439 325 2495 ratio
335 2438 385 2513 jus
399 2454 481 2495 suurn
495 2438 697 2512 prosequendi,
712 2439 788 2496 nulla
801 2437 909 2495 videtur
922 2438 1023 2512 culpa:
1045 2456 1078 2495 r:
1100 2456 1134 2513 g:
1157 2438 1181 2494 si
1196 2436 1262 2508 quis

168 2516 330 2599 me'medem
344 2554 430 2607 quarn
444 2536 573 2610 promisit
586 2535 656 2593 nolit
670 2536 796 2594 reddere.
839 2536 986 2594 Praeterire
1006 2546 1099 2595 autem
1117 2535 1262 2612 legitimas

164 2616 291 2697 monis
314 2633 416 2705 quibus
430 2633 499 2691 illud
513 2636 648 2708 prosequi
661 2637 726 2706 quis
739 2636 839 2707 valeat,
854 2637 971 2693 venialis
990 2636 1089 2692 saltem
1103 2644 1147 2691 est
1166 2633 1261 2710 culpa,

167 2728 364 2807 nisiexpensae
373 2752 509 2805 moraque
512 2732 695 2808 judiciorum,
705 2735 793 2792 aliave
802 2735 894 2810 gravis
903 2736 1095 2793 causaobstet.
1117 2732 1261 2791 Caeterum

169 2831 328 2889 cavendum
342 2851 377 2889 ne
392 2834 457 2903 quis
471 2832 551 2889 sacile
566 2844 593 2888 et
606 2833 677 2890 salso
690 2835 744 2890 sibi
757 2833 924 2909 persuadeat
936 2833 1041 2905 aliquid
1053 2832 1159 2890 deberi.
1182 2832 1261 2889 Hinc

164 2931 230 3007 jure
250 2931 409 3002 meritoque
431 2931 577 2989 damnavit
595 2930 778 2989 Innocentius
792 2933 846 2990 XI.
861 2933 1096 3010 propositionem,
1118 2939 1138 2967 ‘⁶
1150 2931 1262 2988 Famuli

169 3038 199 3085 et
211 3027 324 3085 lamule>
338 3028 503 3086 domesticae
516 3041 637 3104 possunt
649 3030 759 3088 occulte
772 3031 849 3088 heris
862 3033 922 3088 suis
930 3030 1076 3107 subripere
1085 3029 1120 3088 ad
1128 3048 1263 3106 compen·

168 3124 286 3184 saudam
308 3146 424 3203 operam
452 3147 544 3195 suam,
566 3146 652 3200 quam
672 3131 810 3205 majorem
826 3130 956 3206 judicant
974 3130 1076 3187 salario
1096 3129 1173 3202 quod
1192 3130 1263 3187 reci·

168 3217 301 3302 piunt.’'²
327 3228 492 3302 Propositio
503 3226 692 3305 haecjudicr‘o
706 3229 874 3286 famulorum
890 3229 986 3286 omnia
998 3230 1166 3305 permittens
1181 3229 1262 3286 furtis

165 3327 285 3403 januam
300 3327 449 3403 pandebat.

213 3430 280 3483 157.
302 3427 417 3484 Famuli
430 3428 615 3502 surripientes
629 3429 703 3485 bona
725 3427 904 3487 dominorum
919 3430 985 3486 surti
1003 3430 1044 3487 rei
1062 3438 1261 3505 agnoscuntur.

167 3522 353 3580 Excusantur
367 3535 461 3582 autem
475 3546 492 3582 a
505 3527 584 3600 gravi
597 3525 699 3584 delicto
713 3529 738 3584 si
746 3528 891 3585 esculenta
900 3539 928 3586 et
936 3528 1088 3605 poculenta
1099 3528 1264 3585 communie

169 3621 198 3678 iu
213 3639 280 3677 suos
294 3633 502 3690 usossumant,
517 3625 672 3698 praesertim
685 3626 709 3681 si
722 3626 856 3683 dominus
869 3646 926 3684 non
941 3628 1064 3702 praebeat
1083 3628 1126 3684 eis
1140 3625 1262 3683 debitam

170 3721 414 3777 sustentationem.
459 3721 603 3778 Caetemm
617 3724 641 3779 si
655 3743 689 3780 ea
702 3742 718 3780 e
731 3724 817 3781 dorno
840 3726 968 3793 efferant,
988 3736 1018 3783 et
1037 3726 1200 3802 largiantur,
1218 3725 1265 3782 rel

170 3818 302 3887 vendant,
317 3821 363 3878 vel
377 3821 402 3878 si
417 3820 593 3877 delicatiores
606 3830 635 3878 et
647 3823 765 3899 majoris
779 3825 861 3898 pretii
872 3826 950 3882 cibos
964 3844 1037 3897 quos
1050 3826 1105 3881 sibi
1117 3836 1266 3882 servarunt

169 3916 289 3987 domini,
311 3933 434 3987 sumant,
462 3920 496 3977 ad
521 3920 724 3979 restituendum
754 3922 897 3999 obligandi
917 3935 1008 3982 erunt.
1050 3924 1148 3990 Quum
1169 3933 1264 3981 autem

169 4017 336 4090 plerumque
350 4021 392 4077 eis
406 4038 463 4078 nou
477 4030 609 4096 suppetat
620 4021 783 4079 restituendi
797 4024 878 4090 ratio,
892 4022 995 4081 debent
1007 4023 1107 4080 saltem
1125 4032 1264 4095 quantum

168 4117 289 4189 possint,
303 4117 448 4177 laboribus
471 4131 499 4177 et
517 4122 663 4192 obsequiis
683 4122 839 4198 majoribus
852 4140 1047 4199 compensare.
1090 4121 1164 4181 Haec
1177 4123 1264 4181 etiam

332 4308 375 4371 (l)
395 4308 469 4374 Prop.
481 4311 566 4359 xrxri.
853 4313 894 4378 (2)
914 4309 987 4378 Prop.
999 4310 1092 4363 xxxvii.
