2744 4980
379 402 436 461 DE
458 399 630 460 octavo
652 400 904 462 PRAEOEPTO.
1144 406 1197 460 141

100 562 224 623 seruntur
250 565 359 624 scilicet
372 585 403 624 se
417 566 573 624 excusandi
597 587 691 635 causa,
705 566 751 625 vel
774 568 900 626 utilitatis
924 585 982 624 suar
1005 576 1053 623 aut
1077 567 1197 634 alienae3

99 672 125 717 ct
135 662 270 722 dicuntur
283 663 389 724 idcirco
401 666 548 725 officiosa:
570 668 606 725 dc
626 668 729 740 quibus
748 666 818 726 olim
839 666 1032 742 disceptatum
1047 676 1090 723 est
1103 676 1198 723 utrum

100 761 250 833 aliquando
262 764 374 823 liceant
416 766 544 823 Fuerunt
556 774 684 842 tempore
697 767 853 844 Augustini
866 766 916 840 qui
930 764 1112 832 affirmarent,
1128 782 1198 839 pra·

103 862 196 918 sertim
222 865 248 921 si
275 862 421 940 Religioni
446 865 550 924 utilitas
576 865 642 923 inde
662 868 840 942 proveniret:
868 875 1039 941 quapropter
1064 863 1198 941 putabant
1289 914 1306 929 ,

102 957 183 1016 licere
196 979 229 1019 se
244 963 349 1040 fingere
359 982 376 1021 c
386 975 463 1022 secta
471 965 760 1033 Priscillianistarum,
772 985 829 1038 quo
843 964 954 1022 facilius
964 973 1083 1039 possent
1096 980 1197 1019 arcana

102 1076 160 1128 quae
174 1062 329 1136 pejerando
342 1063 373 1122 hi
385 1067 535 1123 servabant
547 1063 691 1141 detegere.
733 1065 769 1123 In
788 1064 931 1123 mendacii
945 1071 1079 1138 patronos
1094 1079 1197 1138 magna

101 1175 162 1214 cum
177 1161 205 1216 vi
228 1160 382 1220 insurrexit
403 1164 590 1241 Augustinus,
604 1165 784 1236 ostenditque
807 1164 885 1221 nullo
905 1180 1033 1234 unquam
1058 1162 1088 1218 in
1102 1178 1196 1217 rerum

100 1270 201 1316 eventu
228 1260 407 1320 mendacium
427 1281 491 1321 esse
512 1263 596 1338 culpa
622 1265 768 1321 immune:
790 1281 876 1335 quem
900 1271 957 1319 tota
979 1258 1199 1317 catholicorum

99 1353 246 1416 doctorum
262 1362 339 1419 natio
353 1360 489 1438 deinceps
502 1373 600 1420 secuta
612 1372 665 1420 est.

138 1460 207 1514 174.
231 1458 360 1527 Grotius,
381 1461 453 1519 adeo
473 1462 591 1520 celebris
611 1464 684 1521 inter
703 1464 854 1538 scriptores
874 1461 1108 1524 Protestantioos,
1131 1476 1198 1515 cen·

93 1555 153 1611 suit
162 1556 248 1615 licere
263 1557 366 1617 salsum
378 1561 514 1637 proferre,
529 1570 548 1596 “
560 1564 671 1632 quoties
684 1580 779 1619 sermo
792 1561 827 1618 ad
840 1581 906 1619 eum
920 1561 1062 1635 dirigitur,
1077 1557 1195 1631 quinon

89 1651 246 1730 decipitur,
257 1659 368 1716 etiamsi
383 1661 479 1717 tertius
492 1660 557 1719 inde
572 1661 671 1720 salsam
684 1661 795 1719 hauriat
804 1657 1053 1736 persuasionem,”
1068 1666 1097 1714 ct
1109 1673 1193 1732 nega·

89 1753 135 1809 vit
150 1764 169 1787 “
178 1755 461 1817 mandaciumstricte
470 1759 587 1826 dictum,
598 1760 627 1817 id
637 1770 680 1818 cst
688 1758 880 1835 injuriosum'’
892 1756 1041 1821 committi,
1055 1755 1196 1827 “quoties

85 1866 206 1912 certum
219 1868 343 1914 osteum
357 1857 392 1915 ad
405 1877 491 1929 quern
504 1877 598 1917 sermo
612 1870 665 1925 ast,
678 1858 813 1916 libertatis
824 1876 882 1914 suae
893 1858 923 1914 in
932 1853 1088 1933 judicando
1101 1853 1193 1910 loesio·

87 1968 165 2009 nem
180 1972 240 2012 non
261 1973 333 2031 oegre
354 1955 485 2023 laturum,
500 1959 559 2015 imo
579 1960 681 2033 gratias
701 1956 862 2014 habitumm
877 1956 1053 2018 eonomine,
1068 1953 1105 2010 ob
1119 1969 1197 2008 com·

92 2050 219 2110 modurn
242 2053 366 2126 aliquod,
390 2055 467 2127 quod
489 2056 556 2114 inde
576 2053 769 2129 assequitur.'’
811 2055 944 2112 Excusat
966 2053 1050 2109 etiam
1073 2071 1090 2108 a
1112 2050 1198 2127 culpa

94 2150 250 2219 mendacii,
267 2162 286 2188 ‘⁶
297 2155 409 2227 quoties
423 2155 471 2225 qui
485 2155 569 2212 habet
576 2157 626 2232 jus
640 2154 857 2231 supereminens
871 2155 901 2211 in
915 2152 1012 2211 omnia
1027 2152 1093 2227 jura
1106 2149 1196 2207 alteri-

99 2268 144 2314 us,
158 2269 194 2308 eo
203 2252 270 2327 jure
282 2253 358 2311 bono
372 2254 473 2329 ipsius,
488 2256 549 2313 sive
562 2258 688 2332 proprio,
699 2255 760 2311 sivo
774 2254 889 2329 publico
902 2249 1019 2309 utitur.'’
1062 2249 1195 2320 Denique

101 2357 119 2382 “
131 2352 242 2420 quotics
255 2353 312 2408 vita
334 2353 505 2423 innocentis,
529 2362 577 2411 aut
596 2373 646 2429 par
667 2351 775 2425 aliquid
797 2352 877 2409 aliter
896 2350 1012 2416 servari,
1027 2358 1056 2406 et
1078 2347 1148 2404 alter
1164 2347 1198 2404 ab

102 2449 221 2525 improbi
234 2449 366 2510 facinoris
380 2452 554 2529 perfectione
568 2453 647 2511 aliter
659 2453 748 2510 averti
767 2470 825 2509 uon
845 2459 938 2527 potest
948 2448 979 2515 ;'’
1000 2447 1197 2520 falsiloquium

103 2549 186 2624 culpa
205 2568 304 2608 vacare
326 2546 495 2611 coutendit¹
537 2552 681 2610 Henricus
701 2551 737 2608 B.
751 2549 787 2607 L.
802 2550 847 2608 De
863 2548 992 2613 Cocceii,
1008 2547 1104 2605 Grotii
1123 2564 1196 2621 opus

103 2646 255 2715 illustrans,
273 2649 361 2708 dicit:
384 2660 404 2687 ⁴‘
417 2652 481 2710 Nos
494 2650 673 2710 mendacium
687 2635 784 2729 perse
797 2669 856 2708 non
876 2667 939 2706 esse
954 2645 1088 2705 delictum
1103 2646 1200 2703 statui·

104 2766 174 2814 mus,
190 2747 241 2805 sed
260 2768 321 2808 rem
343 2751 561 2819 indifferentem,
576 2770 639 2824 quar
662 2749 813 2823 aliquando
835 2750 920 2813 bonu,
935 2747 1005 2819 quin
1024 2745 1196 2810 necessaria,

101 2846 248 2918 aliquando
262 2850 337 2906 mala
348 2869 411 2908 esse
425 2842 567 2928 potost.”²
606 2848 779 2909 Puffcndors
784 2850 881 2905 statuit
891 2846 978 2903 licere
992 2863 1079 2902 sensa
1092 2853 1190 2900 nostra

104 2944 262 3019 falsiloquio
276 2950 352 3021 quod
365 2950 443 3008 alteri
457 2968 515 3007 non
528 2959 630 3008 noceat
642 2950 744 3017 celare,
766 2948 877 3021 quoties
891 2947 961 3004 alter
979 2945 1028 3021 jus
1041 2962 1100 3001 non
1114 2942 1200 2999 habet

102 3062 134 3100 ea
146 3039 310 3104 noscendi³
349 3048 368 3106 J
370 3051 489 3107 eremias
504 3049 615 3126 Taylor
627 3048 710 3106 docet
721 3048 806 3106 licere
820 3046 934 3104 mentiri
952 3063 990 3101 ex
1003 3061 1146 3103 consensu
1161 3059 1196 3098 eo

103 3144 209 3202 scilicet
222 3144 299 3218 quod
312 3150 407 3206 statuit
427 3149 545 3207 Grotius
559 3157 651 3224 paeto,
672 3166 729 3219 quo
742 3147 811 3204 alter
823 3144 928 3203 fraudis
948 3163 1005 3201 non
1018 3143 1152 3200 conscius
1167 3141 1196 3195 in

104 3260 226 3303 errorem
253 3245 409 3315 inducatur,
437 3246 591 3306 dummodo
610 3247 646 3304 ob
672 3247 822 3304 innoxium
841 3245 928 3301 tinem
954 3241 999 3298 vel
1020 3241 1110 3315 pium,
1130 3238 1195 3293 frat:

102 3341 156 3400 iruo
170 3354 300 3421 oportere
314 3347 436 3414 mentiri,
451 3347 477 3404 si
490 3365 563 3424 opus
577 3346 613 3404 sit
633 3345 668 3402 ad
682 3345 796 3402 ulterius
811 3344 897 3400 vitant
911 3338 1089 3404 servandam,
1103 3335 1149 3392 vel
1163 3333 1198 3391 ad

134 3532 177 3596 (1)
197 3532 298 3584 Grotius
308 3535 401 3601 dejure
413 3534 478 3586 Belli
489 3552 517 3585 uc
527 3536 603 3601 pucis,
616 3536 631 3584 l.
642 3534 677 3584 iii.
688 3550 709 3583 e.
722 3534 739 3583 i.
752 3537 766 3592 §
781 3532 815 3581 ir.
828 3538 852 3581 et
863 3547 919 3595 seq.

134 3613 176 3681 (2)
197 3618 298 3668 Dissert.
311 3619 415 3670 Prooem.
427 3620 469 3670 xii.
482 3620 529 3668 lv.
540 3635 562 3668 c.
573 3634 596 3666 v.
609 3623 623 3678 ς
636 3619 653 3668 i.
665 3618 716 3668 xiii.
727 3633 755 3683 p.
768 3615 825 3667 531.

135 3700 178 3765 (3)
197 3701 284 3752 “Dirc
303 3719 353 3753 une
364 3703 486 3772 saussete,
499 3703 589 3755 c'ssts’
606 3703 727 3769 exprimet
743 3702 773 3751 de
783 3702 838 3751 tells
856 3698 971 3759 manidrs,
988 3713 1041 3762 quc
1059 3713 1122 3747 ceux
1134 3696 1203 3759 aqui

102 3782 148 3835 l'on
157 3786 224 3850 psrlo
235 3789 369 3840 ostendent
380 3799 448 3841 autre
459 3789 532 3840 chose
549 3805 596 3854 que
613 3805 642 3839 co
658 3787 735 3852 qu'on
753 3805 767 3838 a
789 3788 851 3837 dans
871 3784 971 3851 l'esprit.
1005 3784 1040 3831 Or
1057 3780 1108 3830 s‘ils
1120 3778 1145 3829 n'
1159 3786 1203 3828 ont

102 3885 180 3920 aucun
198 3871 262 3921 droit
278 3873 309 3922 ds
326 3876 452 3925 connaitrs
470 3891 516 3925 nos
527 3875 641 3940 perisses,
659 3880 684 3923 st
700 3871 775 3938 qu'en
795 3873 830 3921 les
847 3871 901 3920 leur
918 3866 1028 3925 mebant,
1046 3880 1080 3913 ou
1095 3862 1133 3913 las
1150 3862 1203 3912 laur

101 3953 238 4017 dfsslfifflssl,
250 3972 284 4010 ou
295 3975 327 4009 us
339 3961 401 4010 fasso
419 3967 466 4011 tort
482 3956 499 4009 d
516 3974 638 4025 personne
653 3977 660 4018 ς
673 3961 700 4026 js
717 3974 749 4008 ns
765 3957 819 4006 vois
835 3971 878 4020 pas
895 3949 1024 4018 pourquol,
1036 3950 1084 3999 lors
1096 3945 1202 4011 qu'ony

101 4044 183 4091 house
201 4057 248 4092 son
266 4051 396 4108 sunago,
406 4061 439 4095 on
450 4045 543 4095 demit
554 4045 632 4110 parler
645 4044 676 4093 da
687 4043 712 4093 la
723 4040 833 4092 ninnium
841 4038 915 4102 qu’ils
927 4037 949 4086 le
963 4032 1109 4089 souhaitsnt,
1120 4029 1203 4097 plutdt

103 4139 148 4188 ΨΘ
158 4140 256 4176 commo
267 4142 300 4176 on
311 4128 334 4177 la
342 4131 402 4194 jugo
412 4127 429 4177 d
440 4144 529 4194 propos
540 4125 696 4180 soi-moms.”
731 4125 767 4175 Le
775 4123 849 4174 Droit
857 4119 887 4172 de
896 4118 921 4170 Io
932 4118 1031 4169 Nature
1039 4119 1062 4169 tt
1069 4114 1112 4167 dea
1127 4115 1204 4175 Gens,

100 4208 195 4262 troducit
205 4209 241 4262 du
251 4211 330 4264 Latin
338 4229 391 4281 por
402 4213 575 4283 Barbeyrac,l.
587 4214 619 4264 iv.
630 4228 652 4264 c.
664 4213 680 4262 i.
693 4217 707 4272 ς
721 4210 771 4260 viii.
781 4225 805 4274 p.
816 4205 877 4257 437.
