2744 4980
171 424 232 481 266
516 409 574 469 DE
595 407 710 468 LEGE
730 405 872 467 CIVILI.

171 595 232 650 tur;
259 583 406 640 firmantur
426 596 491 637 cum
510 575 636 634 moribus
650 572 789 629 utendum
808 564 1046 648 approbantur.”¹
1087 569 1239 636 lastinianus

172 698 285 756 quoque
299 679 356 736 ait:
379 685 400 712 “
410 676 489 752 leges
503 673 580 731 nulla
593 673 649 729 alia
662 688 701 728 ex
714 687 801 727 causa
818 688 872 728 nos
886 678 991 736 terrem,
1007 685 1094 740 quam
1107 670 1178 741 quod
1186 674 1241 747 iudi.

171 781 215 839 cio
228 777 328 856 populi
342 786 464 851 receptae
478 762 594 830 sunt''²
634 769 670 826 ln
683 769 804 843 imperio
818 768 950 826 Romano
964 767 1144 843 imperatoris
1156 767 1242 831 decnu

170 881 230 937 vim
242 876 316 952 legis
338 874 500 933 obtinebant
519 888 556 927 ex
578 867 725 944 potestatis
746 865 922 943 plenitudine
943 883 1008 937 quae
1028 865 1188 925 censebatur
1203 872 1243 928 eir

169 975 278 1055 populo
293 991 442 1038 concessa,
458 986 546 1041 quum
566 965 602 1024 ad
622 965 775 1041 imperium
795 964 978 1031 eveheretur3
1001 962 1120 1029 “Quod
1139 964 1241 1044 Principi

170 1070 309 1152 placuit‚”
326 1072 419 1142 inquit
430 1068 619 1131 Justinianus,
636 1062 985 1140 “legishabetvigorem:
1008 1079 1099 1134 quum
1108 1064 1170 1140 lege
1178 1069 1244 1142 regia,

172 1191 236 1246 quae
250 1170 284 1228 de
298 1171 361 1247 ejus
376 1166 497 1244 imperio
509 1165 565 1221 lata
581 1173 635 1230 est,
650 1162 773 1238 populus
794 1162 821 1219 ei
843 1171 873 1218 et
885 1162 915 1218 in
934 1179 1000 1219 eum
1016 1178 1104 1219 omne
1118 1162 1245 1238 imperium

169 1289 255 1329 suum
268 1277 297 1326 et
311 1276 479 1344 potestatem
493 1253 677 1321 coucedat.”³
718 1258 864 1319 Caurum
880 1261 1008 1318 libertate
1021 1259 1164 1318 sentiendi
1170 1260 1217 1319 hac
1226 1265 1247 1320 in

167 1387 198 1426 re
212 1368 318 1432 relicta,
340 1367 409 1423 satis
431 1361 529 1421 babuit
549 1357 713 1418 Alexander
734 1359 804 1417 vll.
827 1357 961 1416 damnare
974 1377 1076 1417 eorum
1091 1362 1248 1429 cenenum,

169 1468 217 1539 qui
231 1464 372 1542 populum
386 1463 493 1534 absque
507 1459 565 1517 ulla
585 1476 671 1515 causa
690 1435 868 1535 refrcientem
888 1458 1027 1534 principis
1045 1457 1144 1534 legem
1157 1477 1173 1515 a
1184 1461 1250 1535 culpa

167 1564 348 1622 eximebant:
371 1570 390 1598 “
401 1559 523 1638 populus
537 1576 596 1615 non
605 1566 713 1632 peccat,
729 1558 839 1615 etiamsi
854 1558 961 1628 absque
973 1555 1032 1614 ulla
1051 1574 1140 1613 causa
1152 1574 1206 1614 uon
1221 1576 1251 1615 re

169 1663 276 1738 cipiant
299 1661 395 1737 legem
421 1680 438 1716 a
464 1657 594 1734 principe
620 1649 877 1733 promulgatam.”⁴
917 1655 963 1712 Λᾶ
985 1673 1039 1713 nos
1060 1653 1141 1727 quod
1162 1657 1252 1723 attinet,

168 1780 258 1834 quum
274 1761 304 1818 in
317 1759 463 1836 republica
476 1755 624 1832 degamus,
636 1773 698 1825 quae
709 1753 791 1830 juxta
804 1755 938 1830 scriptam
950 1752 1205 1812 donatianorum
1216 1775 1253 1833 gn·

168 1858 313 1918 bemanda
328 1868 380 1926 est,
387 1857 468 1933 leges
476 1855 534 1912 vim
542 1872 623 1911 suam
633 1870 747 1913 omnem
757 1854 987 1912 obtineutstatim
995 1863 1137 1911 acacoetn
1145 1854 1253 1930 publico,

168 1960 215 2016 cui
228 1957 258 2016 id
272 1957 399 2016 muneris
413 1975 430 2011 a
442 1954 550 2031 populo
565 1949 765 2011 demandatum
779 1962 832 2020 est,
851 1951 914 2009 latae
934 1951 1049 2020 suerint,
1071 1961 1102 2008 et
1123 1952 1254 2012 Guberna-

167 2057 230 2123 tori,
245 2074 296 2113 seu
306 2052 433 2131 prasidi,
447 2071 499 2129 pro
519 2051 615 2130 legum
640 2059 748 2120 natura,
769 2051 873 2109 suerint
885 2052 1018 2127 probate.
1061 2050 1192 2127 Populus
1205 2055 1255 2126 qui·

166 2153 232 2212 dem
246 2163 377 2212 censetur
390 2169 554 2227 supremam
568 2157 736 2226 potestatem
751 2149 826 2226 apud
846 2169 878 2208 se
890 2151 1024 2218 retinere,
1038 2148 1166 2222 ideoque
1179 2169 1254 2237 posse

166 2255 197 2312 in
211 2254 321 2311 irritum
344 2253 455 2311 mittere
476 2269 539 2324 quae
557 2247 678 2326 delegati
700 2250 734 2306 ab
754 2267 789 2307 eo
803 2250 856 2307 viri
879 2267 1029 2326 perperam
1050 2249 1178 2318 tulerint,
1192 2250 1257 2323 quod

166 2362 260 2410 tamen
275 2354 303 2409 vi
317 2362 345 2410 et
359 2350 479 2408 tumultu
494 2368 552 2408 non
566 2357 610 2405 est
624 2346 805 2406 laciendum:
828 2347 879 2406 sed
899 2348 963 2425 lege
983 2347 1076 2406 semel
1089 2349 1156 2416 lata,
1177 2368 1256 2408 reme·

165 2449 245 2509 dium
259 2459 400 2526 superest,
415 2457 446 2505 nt
458 2447 597 2523 proximis
611 2446 737 2505 comitiis
750 2446 889 2524 eligantur
902 2446 949 2504 alii
962 2446 1011 2520 qui
1025 2464 1090 2506 eam
1104 2447 1230 2526 religant.

208 2552 254 2604 10.
276 2549 371 2624 Leges
385 2545 484 2603 civiles
498 2555 576 2603 actus
589 2553 723 2601 externos
737 2556 875 2622 spectant,
889 2564 965 2611 nam,
979 2556 1011 2602 ut
1023 2547 1061 2604 ait
1075 2546 1109 2603 S.
1125 2546 1257 2607 Thomas.

165 2654 185 2681 ‘⁴
196 2645 232 2704 de
246 2645 292 2704 his
306 2655 400 2722 potest
420 2643 508 2700 homo
520 2644 615 2719 legem
632 2642 735 2710 sacere,
750 2641 785 2700 de
800 2645 903 2715 quibus
916 2654 1010 2720 potest
1026 2643 1176 2722 judicare:
1193 2645 1259 2723 judi·

164 2747 241 2804 cium
264 2755 357 2802 autem
378 2743 505 2801 hominis
526 2760 666 2799 essenon
688 2752 781 2816 potest
800 2740 835 2799 de
859 2743 1039 2801 interioribus
1063 2745 1191 2802 motibus
1216 2746 1256 2819 qui

164 2847 261 2912 latent,
277 2843 328 2901 sed
341 2843 434 2901 solum
449 2839 483 2898 de
497 2841 682 2898 exterioribus
698 2841 805 2898 actibus
819 2842 868 2912 qui
882 2835 1026 2917 patent.'’⁸
1068 2842 1137 2900 “ln
1151 2845 1186 2901 iis
1200 2862 1255 2916 qua

162 2945 308 3019 pertinent
320 2941 354 2998 ad
368 2941 531 2998 interiorem
555 2950 661 2996 motum
675 2940 838 3008 voluntatis,
853 2939 941 2999 homo
955 2959 1013 2998 non
1027 2951 1140 2999 tenetur
1153 2942 1256 3001 homini

163 3040 287 3107 obedire,
303 3039 354 3097 sed
369 3038 461 3096 solum
476 3037 558 3094 Deo:
581 3047 689 3094 tenetur
709 3049 802 3096 autem
823 3037 910 3097 homo
930 3039 1040 3098 homini
1054 3040 1174 3100 obedire
1187 3043 1216 3100 in
1229 3042 1258 3099 iis

163 3160 226 3212 quae
239 3139 364 3197 exterius
381 3155 432 3213 per
449 3155 551 3212 corpus
566 3154 649 3192 suum
663 3146 729 3194 sunt
741 3130 899 3214 agenda.”⁶
1091 3127 1095 3133 ⁴

206 3244 252 3295 ll.
274 3236 320 3295 De
338 3237 422 3295 rebus
445 3235 656 3311 temporalibus
672 3255 734 3307 quoe
749 3233 782 3292 ad
796 3233 925 3293 ordinem
940 3237 1086 3312 publicum
1100 3248 1130 3296 et
1143 3239 1255 3297 salutem

162 3338 325 3415 reipublicae
336 3335 486 3412 pertinent,
501 3333 627 3391 seruntur
636 3333 714 3410 leges
728 3334 836 3392 civiles:
853 3353 915 3408 quae
926 3333 1033 3394 idcirco
1046 3345 1174 3396 statuunt
1186 3337 1253 3395 ordi·

163 3435 420 3512 nemjudiciomm,
433 3433 583 3490 criminum
594 3451 703 3509 poenas,
712 3442 906 3491 contractuum
917 3434 1109 3503 conditiones,
1122 3437 1256 3494 etcivium

163 3534 341 3608 singulorum
350 3534 426 3609 jura,
441 3541 469 3587 et
483 3532 694 3605 magistratuum
709 3533 814 3589 munia.
857 3532 990 3590 Moribus
1012 3533 1120 3591 civium
1142 3534 1177 3592 ad
1191 3547 1255 3593 tran·

162 3630 330 3704 quillitatem
348 3637 376 3685 et
398 3629 575 3685 securitatem
589 3629 731 3715 publicam
750 3628 943 3698 moderantur,
957 3642 1063 3688 naturae
1087 3633 1168 3711 leges
1181 3652 1255 3692 sanc·

162 3731 285 3789 tionibus
299 3727 382 3786 novis
397 3725 580 3783 inculcantes.
624 3726 721 3784 Recta
735 3746 886 3803 pueromm
907 3730 1078 3789 institutioni
1092 3734 1179 3790 etiam
1194 3732 1255 3810 legi·

163 3832 215 3887 bris
234 3824 439 3886 consulendum
459 3833 511 3888 est,
529 3821 595 3880 inde
616 3825 693 3882 enim
714 3826 837 3883 maxime
858 3826 964 3902 pendet
983 3829 1075 3886 futura
1095 3831 1255 3906 reipublice

162 3929 296 3987 conditio.
339 3925 519 3996 Ubicumque
529 3921 598 3981 olim
609 3922 704 3982 divina
717 3925 838 3983 innotuit
849 3926 993 3995 revelatio,
1005 3927 1143 3988 Ecclesia
1156 3929 1254 4006 magis·

264 4151 306 4212 (l)
327 4148 389 4212 Cap.
401 4147 430 4196 ln
443 4147 502 4204 istis,
513 4145 566 4195 dist.
582 4146 613 4194 iv.
847 4146 889 4213 (2)
910 4147 941 4196 Ο.
952 4148 987 4197 iii.
997 4151 1012 4207 ἐ
1024 4149 1055 4199 de
1067 4148 1130 4214 Lag.

264 4233 306 4294 (³)
326 4231 386 4279 lust.
398 4231 412 4279 l.
424 4231 440 4279 i.
452 4231 488 4279 tit.
500 4231 524 4279 ii.
536 4245 561 4279 n.
570 4232 594 4278 o.
847 4231 889 4296 (4)
909 4231 983 4305 Ρωρξ
1029 4232 1036 4245 ‘
1056 4265 1063 4280 .

263 4316 303 4380 (ὅ)
328 4316 348 4361 1.
360 4317 383 4361 2.
396 4329 437 4376 qu.
449 4313 497 4363 xci.
508 4322 552 4362 art
564 4313 580 4362 i.
849 4313 891 4379 (6)
911 4318 935 4364 2.
946 4318 971 4365 2.
1050 4316 1082 4365 ’n
1094 4325 1140 4368 art.
1151 4332 1175 4366 r.
