2766 4996
393 424 450 483 DE
472 424 660 484 SEPTIMO
681 424 935 485 PRAEOEPTO.
1177 435 1233 490 166

137 609 187 668 per
200 589 354 657 intervalla,
376 598 422 648 aut
440 588 560 647 diversis
579 589 680 648 eodem
702 601 840 667 tempore,
854 592 1006 664 requiritur
1026 603 1054 649 et
1074 593 1179 653 sufficit
1197 594 1233 653 ad

137 690 282 748 materiam
297 707 411 764 gravem
425 688 561 764 simplum
574 707 640 746 curn
653 688 790 747 dimidio:
811 709 839 747 v.
855 710 890 766 g:
912 709 965 749 sex
984 690 1054 749 Julii
1074 691 1234 771 (sexaginta

137 786 236 865 oboli).
279 788 312 844 Si
326 806 393 845 vero
413 798 564 859 utrumque
585 798 743 857 concurrat,
764 807 869 866 nempe
890 791 998 849 sitiant
1016 809 1033 848 a
1052 790 1183 859 diversis,
1206 804 1233 849 et

137 886 377 955 diseontinuatim,
391 905 496 945 censeo
509 888 615 959 requiri
629 886 716 963 duplo
729 889 833 964 majus,
848 889 957 948 scilieet
968 885 1080 947 octo.”¹

180 989 247 1044 164.
269 985 384 1044 Minuta
397 987 469 1044 furta
482 1006 499 1043 a
510 986 639 1061 pluribus
659 986 744 1044 simul
764 987 837 1045 facta
853 989 974 1065 singulis
992 1007 1106 1065 gravem
1120 990 1233 1065 culpam

138 1085 284 1151 inducunt,
295 1086 320 1142 si
330 1086 399 1142 fiant
411 1085 557 1143 communi
572 1085 711 1142 consilio:
740 1104 824 1144 secus
838 1087 863 1143 si
877 1087 946 1144 fiant
963 1088 1112 1163 asingulis
1126 1089 1233 1160 absque

138 1184 258 1242 consilio
271 1197 301 1241 et
313 1185 412 1243 notitia
424 1195 601 1241 eaeteromm.
644 1184 677 1242 Si
697 1186 802 1262 singuli
823 1187 954 1244 noverint
966 1186 1037 1243 alios
1050 1187 1135 1245 simul
1149 1205 1235 1262 parva

139 1283 212 1340 furta
219 1294 339 1359 patrare,
347 1285 417 1356 quin
429 1301 579 1340 commune
590 1283 686 1340 ineant
694 1285 855 1351 consilium,
863 1286 1135 1361 plurestenentcum
1144 1286 1176 1342 S.
1186 1285 1234 1343 At·

140 1383 261 1457 pheneo,
269 1384 363 1440 levem
371 1392 479 1439 tantum
487 1381 600 1457 culpam
611 1382 765 1455 unicuique
773 1384 917 1459 imputari,
926 1385 1055 1457 quamvis
1063 1402 1148 1461 grave
1156 1384 1234 1442 darn·

140 1500 208 1539 num
221 1481 338 1541 domino
352 1481 507 1556 proveniat.
536 1480 600 1538 Etsi
614 1481 747 1557 exemplo
761 1490 924 1541 caeteromm
939 1483 1043 1559 singuli
1057 1492 1233 1549 moveantur,

140 1591 205 1637 sunt
218 1583 267 1653 qui
286 1581 385 1639 dicunt
403 1598 454 1637 eos
468 1598 585 1655 peccare
605 1579 720 1651 quidem
741 1583 862 1656 graviter
881 1592 977 1639 contra
997 1582 1170 1650 charitatem,
1184 1582 1235 1639 sed

140 1699 197 1738 uon
210 1691 309 1738 eontra
317 1679 467 1756 justitiam,
482 1674 604 1750 ideoque
615 1679 650 1737 ad
660 1679 866 1737 restituendum
881 1699 943 1753 quae
954 1680 1047 1737 caeteri
1062 1681 1235 1739 abstulemnt

140 1779 217 1836 nulla
229 1781 335 1837 ratione
350 1779 449 1836 teneri.
492 1776 564 1833 Haec
577 1796 636 1853 prae
650 1776 741 1835 oculis
755 1789 821 1836 sunt
840 1778 969 1836 habenda
980 1788 1011 1834 ut
1028 1777 1063 1835 de
1079 1780 1234 1854 juvenibus

140 1877 406 1935 sructuehortomm
419 1875 621 1942 auferentibus,
635 1875 681 1932 vel
700 1875 768 1931 alias
781 1895 827 1933 res
842 1878 967 1934 minores
987 1876 1145 1935 furantibus
1161 1874 1236 1953 judi·

142 1987 231 2034 cetur.
273 1978 405 2034 Attamen
430 1977 455 2034 si
479 1993 599 2051 magnus
617 1977 758 2052 iuvenum
781 1993 916 2034 numerus
937 1996 953 2032 a
975 1974 1110 2033 dulciario
1130 1978 1236 2052 pistore

143 2095 274 2152 magnam
288 2077 414 2133 cibomm
428 2077 540 2150 copiam
553 2074 639 2133 simul
652 2074 767 2142 auferat,
781 2076 886 2152 singuli
897 2074 1047 2134 frustulum
1061 2076 1235 2152 arripientes,

141 2175 207 2232 licet
219 2173 295 2234 lraud
308 2175 454 2232 communi
467 2175 598 2241 consilio,
618 2172 668 2230 sed
682 2192 740 2231 uno
752 2176 840 2232 veluti
854 2175 965 2252 spiritu,
979 2174 1048 2231 alter
1060 2175 1173 2232 alterius
1187 2192 1236 2230 ex·

141 2275 236 2350 emplo
250 2284 355 2341 motus,
371 2272 481 2330 videtur
494 2285 641 2349 peccatum
662 2291 725 2329 esse
746 2292 840 2349 grave,
857 2275 950 2331 sciunt
963 2274 1040 2330 enim
1054 2290 1138 2349 grave
1157 2271 1237 2328 dam·

144 2391 212 2429 num
226 2374 332 2439 inferri,
355 2390 493 2444 suamque
513 2391 629 2448 operam
649 2372 816 2430 conserunt:
844 2373 894 2429 sed
917 2370 1082 2431 restituendi
1104 2371 1237 2447 obligatio

144 2484 223 2542 entra
235 2486 344 2549 partem
357 2491 445 2544 quam
459 2472 523 2542 quis
537 2473 652 2548 arripuit
665 2491 722 2530 non
740 2464 927 2531 extenditur.²

185 2577 250 2631 165.
286 2572 437 2630 “Furtum
460 2571 551 2629 iacere
575 2570 714 2640 videntur,
742 2574 791 2645 qui
818 2573 891 2631 fietis
914 2571 1110 2642 simulatisque
1133 2566 1236 2636 verbis,

144 2673 228 2744 quive
241 2671 335 2730 fallaci
356 2670 536 2728 mendicitate
557 2672 708 2747 pecuniam
728 2681 907 2744 extorquent,
926 2688 1046 2741 quonum
1067 2687 1102 2726 eo
1123 2669 1237 2743 gravius

144 2781 187 2829 est
199 2781 359 2848 peecatum,
374 2769 450 2843 quod
464 2770 568 2827 surtum
589 2770 737 2829 mendacio
756 2763 947 2828 cumulant.'’³
988 2768 1030 2825 Ita
1049 2767 1238 2823 catechismus

145 2869 302 2928 Romanus.
345 2869 491 2942 Equidem
505 2870 554 2942 qui
568 2868 637 2926 salso
653 2879 846 2946 paupertatem
861 2876 1029 2943 praetexunt,
1049 2863 1177 2923 fraudem
1191 2862 1237 2919 de·

146 2969 213 3026 bent
225 2987 352 3043 reparare
366 2968 539 3027 restituendo
550 2986 613 3041 quae
628 2977 815 3046 acceperunt:
837 2966 887 3025 sed
900 2967 925 3023 si
936 2975 1043 3023 tantum
1052 2980 1239 3040 exaggerave-

147 3069 201 3125 rint
220 3085 288 3124 suas
308 3086 458 3135 aemmnas,
479 3085 616 3144 pauperes
638 3068 762 3142 alioquin
786 3078 813 3125 et
832 3066 990 3143 indigentes
1013 3062 1157 3129 subsidiis,
1182 3081 1239 3120 non

145 3167 276 3226 videntur
298 3168 442 3244 injustitiae
462 3167 513 3235 rei,
535 3186 623 3241 quum
645 3168 718 3227 adsit
739 3168 809 3225 ratio
822 3165 938 3243 petendi
959 3166 1072 3239 stipem,
1093 3174 1239 3219 eteorum

145 3268 229 3324 verba
255 3266 424 3343 plerumque
451 3285 510 3325 uon
537 3265 651 3341 plenam
678 3270 830 3342 impetrent
854 3263 951 3320 fidem.
994 3262 1240 3328 Quotiescumque

145 3365 242 3424 fraude
256 3364 380 3424 adhibita
399 3368 470 3441 stips
490 3373 605 3440 accepta
625 3376 677 3432 est,
697 3361 870 3421 restituenda
889 3369 933 3416 est
952 3358 1135 3436 pauperibus,
1153 3373 1241 3427 quum

146 3464 295 3522 donatores
309 3465 447 3523 censendi
459 3467 518 3522 sint
531 3464 567 3522 iis
581 3462 705 3520 voluisse
725 3461 840 3519 donare.
882 3457 1005 3524 Quodsi
1019 3466 1129 3514 constet
1142 3473 1191 3511 eos
1205 3453 1240 3511 ad

146 3576 289 3641 petentem
309 3564 523 3638 eleemosynam
544 3562 734 3627 restrinxisse,
750 3561 785 3618 iis
805 3556 977 3617 restituenda
997 3557 1062 3615 erit.
1114 3554 1159 3613 De
1180 3573 1240 3613 om·

146 3664 229 3721 nibus
244 3664 293 3735 qui
313 3665 557 3738 circumvagantur
575 3661 719 3719 ementitis
741 3660 898 3718 rationibus
917 3658 994 3715 cives
1008 3656 1130 3734 pecunia
1142 3673 1241 3712 emun-

147 3772 245 3837 gentes
259 3761 335 3821 idem
348 3760 519 3820 dicendum:
540 3769 607 3817 sunt
626 3762 703 3818 eninr
714 3760 871 3819 interfures
891 3756 1070 3821 recensendi,
1084 3754 1242 3824 debentque

147 3861 358 3919 conserentibus
372 3878 507 3921 nummos
520 3858 648 3926 reddere,
658 3860 682 3917 si
695 3860 785 3918 velint
798 3878 857 3917 suae
871 3855 1022 3915 consulere
1035 3852 1129 3909 saluti.

189 3965 256 4019 166.
279 3960 356 4030 Quid
368 3978 435 4018 vero
448 3957 601 4017 dicendum
620 3957 656 4015 de
676 3959 846 4038 pauperibus
860 3957 910 4027 qui
930 3953 1083 4030 pecuniam
1098 3945 1240 4021 quandam

352 4160 395 4224 (l)
410 4158 436 4207 8.
450 4158 602 4222 Alphonrur,
614 4157 629 4206 l.
639 4155 674 4206 iii.
686 4171 712 4205 n.
723 4155 781 4202 5³0.

350 4245 394 4307 (2)
408 4242 472 4292 Vide
484 4243 568 4304 Mayol
580 4241 673 4303 Expos-
685 4238 725 4286 vii.
738 4252 809 4302 praee.
821 4251 863 4299 qu.
878 4237 899 4284 1.
911 4235 958 4286 col.
970 4235 1025 4287 862.

350 4329 394 4396 (6)
408 4326 464 4379 Par,
475 4327 509 4378 iii.
520 4325 551 4376 da
563 4324 604 4375 vii.
615 4330 744 4390 precepto,
755 4338 783 4373 n.
793 4320 856 4372 xvii.
