2744 4980
465 1359 799 1435 TRACTATUS
830 1362 880 1433 II.

410 1613 482 1676 DE
519 1612 934 1677 CONSCIENTIA.

377 2248 416 2288 DE
437 2247 642 2288 consensum
661 2247 740 2288 VERA
759 2248 800 2288 ET
819 2246 972 2288 ERRONEA.

171 2430 196 2483 1.
219 2425 429 2485 Conscrsnsrs
442 2436 487 2484 est
500 2424 641 2503 judicium
655 2425 743 2483 animi
762 2423 797 2482 de
820 2434 898 2483 acme
921 2426 1087 2484 honestate:
1111 2442 1162 2482 seu
1177 2437 1221 2482 est

127 2524 291 2582 intellectus
305 2534 386 2584 actus
401 2543 459 2597 quo
474 2525 539 2596 quis
554 2525 624 2597 quid
637 2525 693 2582 sibi
704 2525 800 2592 liccat,
820 2523 890 2596 quid
903 2525 971 2582 vero
991 2544 1050 2585 non
1073 2523 1168 2591 liceat,
1192 2525 1223 2581 in

126 2624 251 2699 singulis
261 2642 357 2682 rerum
367 2624 529 2691 eventibus,
540 2619 677 2699 judicat.¹
719 2623 851 2700 Respicit
860 2634 939 2680 actus
950 2642 1019 2682 mox
1031 2622 1221 2703 peragendos,

127 2740 192 2792 quae
205 2724 283 2781 enim
296 2722 416 2780 hebetur
428 2740 545 2799 semper
557 2722 630 2799 legis
648 2739 761 2780 morum
775 2723 934 2781 universim
948 2720 1061 2789 notitia}
1084 2741 1224 2792 συντηρησις

126 2819 299 2898 synderesis
310 2822 383 2880 solet
392 2820 563 2896 nuncupari.
607 2822 657 2879 Sic
667 2821 791 2892 quisque
801 2839 838 2879 cx
848 2821 1001 2896 synderesi
1013 2823 1094 2904 novit
1103 2822 1223 2897 injurias

125 2918 204 2975 haud
223 2920 400 2996 irrogandas,
418 2920 609 2979 creditoribus
631 2919 878 2987 satisfaciendum,
903 2921 972 2977 vitia
993 2919 1148 2997 fugiende:
1170 2920 1222 2978 scd

125 3019 310 3076 conscientiae
319 3019 463 3096 judicium
477 3028 531 3088 est,
545 3028 642 3076 utrum
655 3019 774 3078 inimico
785 3039 862 3078 nunc
877 3021 982 3096 probra
990 3021 1111 3096 jactanti
1126 3022 1221 3096 ignos-

126 3116 251 3175 cendum
262 3119 316 3185 sit,
338 3129 433 3178 utrum
443 3137 482 3176 aes
497 3119 623 3177 alienum
637 3117 810 3177 solvendum
824 3119 871 3185 sit,
887 3118 954 3176 filiis
968 3119 1121 3196 neglectis.

163 3222 193 3272 2.
215 3215 403 3276 Conscientia
415 3235 486 3276 vcra
495 3228 524 3275 et
534 3223 614 3275 recta
624 3216 735 3285 dicitur,
748 3219 860 3289 quoties
871 3219 936 3294 ejus
946 3217 1091 3295 judicium
1110 3218 1221 3274 veritati

125 3324 169 3369 est
181 3333 363 3374 consonum:
385 3317 428 3374 sic
442 3316 507 3389 quis
521 3334 587 3373 vere
603 3315 716 3391 judicat
736 3335 795 3374 non
809 3315 866 3372 sibi
878 3315 965 3372 licere
980 3316 1095 3391 ignaros
1112 3333 1221 3391 paupe·

125 3431 217 3480 resve,
232 3415 318 3472 etiam
332 3417 556 3483 consentientes,
571 3412 713 3480 fraudare,
729 3432 818 3485 quum
832 3431 933 3471 eornm
947 3431 1107 3472 consensus
1123 3431 1221 3471 errore

128 3514 239 3579 nitatur,
259 3513 306 3570 vel
328 3524 416 3572 metu.
458 3511 648 3572 Conscientia
670 3528 795 3570 erroneo
817 3522 845 3569 et
854 3509 945 3591 falsa
967 3523 1020 3580 est,
1035 3531 1098 3585 que
1113 3512 1222 3585 aliquid

126 3610 210 3666 licere
224 3609 320 3677 dictet,
331 3612 407 3683 quod
420 3629 521 3671 revera
532 3631 591 3671 non
604 3612 690 3679 licet,
712 3613 758 3669 vel
778 3630 794 3669 e
816 3620 916 3670 contra
938 3611 1218 3702 illicitumuostendit

128 3707 294 3778 quodnulla
315 3710 379 3787 lege
399 3719 517 3770 vetatur.
560 3709 691 3770 Erronea
713 3720 758 3769 est
779 3711 956 3771 conscicntia
979 3713 1042 3789 ejus
1066 3713 1117 3783 qui
1141 3720 1221 3788 putat

128 3807 210 3864 licere
234 3808 417 3869 mendacium
448 3811 576 3888 proferre
607 3809 642 3867 ad
661 3810 832 3869 servandam
854 3811 943 3869 vitam
957 3812 1092 3876 alienam,
1116 3810 1162 3866 vel
1182 3827 1218 3866 ne

128 3905 265 3982 flagitium
279 3909 438 3968 innotescat
450 3929 517 3968 cum
530 3909 692 3986 Religionis
707 3908 888 3968 detrimento.

162 4093 203 4155 (l)
224 4091 287 4142 Haec
298 4095 452 4144 conscientie
470 4095 537 4144 notio
549 4111 596 4159 pre
614 4096 668 4145 eliis
686 4097 799 4159 probatur
810 4094 922 4144 Jeremie
935 4092 1042 4155 Teylor:
1061 4099 1077 4122 ⁸⁴
1088 4091 1143 4142 Itis
1154 4106 1221 4142 more

127 4175 265 4224 reasonable
276 4175 358 4226 which
370 4178 483 4241 Aquinas
494 4178 542 4227 end
554 4178 595 4226 the
606 4179 746 4228 schoolmen
759 4177 883 4240 generally
896 4191 947 4234 uss,
959 4176 1012 4225 that
1022 4175 1166 4226 conscience
1177 4177 1200 4226 is
1209 4193 1224 4224 s

126 4259 283 4322 conjunction
300 4259 330 4308 of
349 4259 390 4310 tlre
407 4260 530 4311 univmssl
547 4261 660 4327 practicel
671 4263 719 4311 lew
735 4261 796 4311 with
813 4260 855 4310 the
874 4259 1005 4326 particolar
1021 4261 1098 4310 morel
1115 4259 1224 4311 sction.”

128 4341 222 4393 Ductor
234 4341 325 4401 Dubii,
335 4344 351 4395 Ι.
362 4343 378 4394 'n
390 4359 413 4394 e
423 4343 439 4396 i.
449 4359 472 4409 p.
485 4346 508 4393 9.

656 4441 693 4496 ὅ*
