<?xml version="1.0" encoding="UTF-8"?>
<!DOCTYPE html PUBLIC "-//W3C//DTD XHTML 1.0 Transitional//EN"
    "http://www.w3.org/TR/xhtml1/DTD/xhtml1-transitional.dtd">
<html xmlns="http://www.w3.org/1999/xhtml" xml:lang="en" lang="en">
 <head>
  <title>
</title>
<meta http-equiv="Content-Type" content="text/html;charset=utf-8" />
  <meta name='ocr-system' content='tesseract 3.04.00' />
  <meta name='ocr-capabilities' content='ocr_page ocr_carea ocr_par ocr_line ocrx_word'/>
</head>
<body>
  <div class='ocr_page' id='page_1' title='image "./theologiaemoral00kenrgoog_0359.png"; bbox 0 0 2766 4996; ppageno 0'>
   <div class='ocr_carea' id='block_1_1' title="bbox 209 429 1139 519">
    <p class='ocr_par' dir='ltr' id='par_1_1' title="bbox 209 429 1139 519">
     <span class='ocr_line' id='line_1_1' title="bbox 209 429 1139 519; baseline 0 -26"><span class='ocrx_word' id='word_1_1' title='bbox 209 438 268 495; x_wconf 77' lang='grc'>338</span> <span class='ocrx_word' id='word_1_2' title='bbox 379 433 437 495; x_wconf 88' lang='lat' dir='ltr'>DE</span> <span class='ocrx_word' id='word_1_3' title='bbox 458 431 819 497; x_wconf 59' lang='lat' dir='ltr'>OBLleTlONlBUS</span> <span class='ocrx_word' id='word_1_4' title='bbox 840 429 1139 519; x_wconf 61' lang='lat' dir='ltr'>cbeqtcottttat.</span> 
     </span>
    </p>
   </div>
   <div class='ocr_carea' id='block_1_2' title="bbox 207 580 1298 2055">
    <p class='ocr_par' dir='ltr' id='par_1_2' title="bbox 210 580 1298 1071">
     <span class='ocr_line' id='line_1_2' title="bbox 212 580 1298 676; baseline -0.003 -17"><span class='ocrx_word' id='word_1_5' title='bbox 212 602 291 661; x_wconf 89' lang='lat' dir='ltr'>verbi</span> <span class='ocrx_word' id='word_1_6' title='bbox 303 600 400 676; x_wconf 80' lang='lat' dir='ltr'>gratia,</span> <span class='ocrx_word' id='word_1_7' title='bbox 414 618 451 657; x_wconf 85' lang='lat' dir='ltr'>ex</span> <span class='ocrx_word' id='word_1_8' title='bbox 465 618 501 657; x_wconf 91' lang='lat' dir='ltr'>eo</span> <span class='ocrx_word' id='word_1_9' title='bbox 514 598 591 670; x_wconf 90' lang='lat' dir='ltr'>quod</span> <span class='ocrx_word' id='word_1_10' title='bbox 604 598 708 657; x_wconf 89' lang='lat' dir='ltr'>oblitus</span> <span class='ocrx_word' id='word_1_11' title='bbox 720 580 913 666; x_wconf 82' lang='lat' dir='ltr'>sitBreriarii,</span> <span class='ocrx_word' id='word_1_12' title='bbox 926 599 974 657; x_wconf 83' lang='lat' dir='ltr'>vel</span> <span class='ocrx_word' id='word_1_13' title='bbox 985 599 1059 658; x_wconf 88' lang='lat' dir='ltr'>illud</span> <span class='ocrx_word' id='word_1_14' title='bbox 1072 602 1212 667; x_wconf 86' lang='lat' dir='ltr'>amiserit,</span> <span class='ocrx_word' id='word_1_15' title='bbox 1224 600 1298 658; x_wconf 86' lang='lat' dir='ltr'>debet</span> 
     </span>
     <span class='ocr_line' id='line_1_3' title="bbox 211 696 1295 772; baseline -0.003 -14"><span class='ocrx_word' id='word_1_16' title='bbox 211 712 348 772; x_wconf 88' lang='lat' dir='ltr'>quatenus</span> <span class='ocrx_word' id='word_1_17' title='bbox 370 708 463 772; x_wconf 86' lang='lat' dir='ltr'>potest</span> <span class='ocrx_word' id='word_1_18' title='bbox 481 697 592 756; x_wconf 89' lang='lat' dir='ltr'>muneri</span> <span class='ocrx_word' id='word_1_19' title='bbox 608 696 779 764; x_wconf 69' lang='lat' dir='ltr'>satisfacere,</span> <span class='ocrx_word' id='word_1_20' title='bbox 803 716 867 768; x_wconf 84' lang='lat' dir='ltr'>quar</span> <span class='ocrx_word' id='word_1_21' title='bbox 889 699 1031 756; x_wconf 85' lang='lat' dir='ltr'>memoria</span> <span class='ocrx_word' id='word_1_22' title='bbox 1051 708 1132 757; x_wconf 89' lang='lat' dir='ltr'>tenet</span> <span class='ocrx_word' id='word_1_23' title='bbox 1150 698 1295 758; x_wconf 68' lang='lat' dir='ltr'>molendo.</span> 
     </span>
     <span class='ocr_line' id='line_1_4' title="bbox 211 794 1298 873; baseline -0.002 -15"><span class='ocrx_word' id='word_1_24' title='bbox 211 795 316 858; x_wconf 84' lang='lat' dir='ltr'>Mariti</span> <span class='ocrx_word' id='word_1_25' title='bbox 329 797 415 873; x_wconf 79' lang='lat' dir='ltr'>igitur</span> <span class='ocrx_word' id='word_1_26' title='bbox 427 794 560 855; x_wconf 86' lang='lat' dir='ltr'>damnata</span> <span class='ocrx_word' id='word_1_27' title='bbox 571 807 615 854; x_wconf 92' lang='lat' dir='ltr'>est</span> <span class='ocrx_word' id='word_1_28' title='bbox 627 797 663 853; x_wconf 86' lang='lat' dir='ltr'>ab</span> <span class='ocrx_word' id='word_1_29' title='bbox 684 794 849 854; x_wconf 80' lang='lat' dir='ltr'>Innocentio</span> <span class='ocrx_word' id='word_1_30' title='bbox 870 795 926 854; x_wconf 83' lang='lat' dir='ltr'>xl.</span> <span class='ocrx_word' id='word_1_31' title='bbox 943 797 1122 873; x_wconf 75' lang='lat' dir='ltr'>propoeitio:</span> <span class='ocrx_word' id='word_1_32' title='bbox 1146 806 1168 833; x_wconf 88' lang='grc'>“</span> <span class='ocrx_word' id='word_1_33' title='bbox 1178 797 1235 864; x_wconf 71' lang='lat' dir='ltr'>Qui</span> <span class='ocrx_word' id='word_1_34' title='bbox 1247 816 1298 856; x_wconf 92' lang='lat' dir='ltr'>non</span> 
     </span>
     <span class='ocr_line' id='line_1_5' title="bbox 210 893 1296 974; baseline -0.001 -19"><span class='ocrx_word' id='word_1_35' title='bbox 210 907 304 974; x_wconf 88' lang='lat' dir='ltr'>potest</span> <span class='ocrx_word' id='word_1_36' title='bbox 314 896 432 955; x_wconf 85' lang='lat' dir='ltr'>recitare</span> <span class='ocrx_word' id='word_1_37' title='bbox 446 895 622 954; x_wconf 88' lang='lat' dir='ltr'>Matutinum</span> <span class='ocrx_word' id='word_1_38' title='bbox 634 903 664 952; x_wconf 89' lang='lat' dir='ltr'>et</span> <span class='ocrx_word' id='word_1_39' title='bbox 675 893 799 960; x_wconf 77' lang='lat' dir='ltr'><strong>Laudes,</strong></span> <span class='ocrx_word' id='word_1_40' title='bbox 813 904 1009 970; x_wconf 86' lang='lat' dir='ltr'>potestantem</span> <span class='ocrx_word' id='word_1_41' title='bbox 1020 895 1152 969; x_wconf 81' lang='lat' dir='ltr'>reliquas</span> <span class='ocrx_word' id='word_1_42' title='bbox 1165 897 1259 964; x_wconf 83' lang='lat' dir='ltr'>boras,</span> <span class='ocrx_word' id='word_1_43' title='bbox 1267 895 1296 954; x_wconf 85' lang='lat' dir='ltr'>ad</span> 
     </span>
     <span class='ocr_line' id='line_1_6' title="bbox 211 992 1119 1071; baseline -0.001 -17"><span class='ocrx_word' id='word_1_44' title='bbox 211 996 284 1055; x_wconf 88' lang='lat' dir='ltr'>nihil</span> <span class='ocrx_word' id='word_1_45' title='bbox 297 1004 418 1063; x_wconf 88' lang='lat' dir='ltr'>tenetur,</span> <span class='ocrx_word' id='word_1_46' title='bbox 432 995 501 1068; x_wconf 88' lang='lat' dir='ltr'>qnia</span> <span class='ocrx_word' id='word_1_47' title='bbox 512 995 603 1071; x_wconf 85' lang='lat' dir='ltr'>major</span> <span class='ocrx_word' id='word_1_48' title='bbox 615 1011 681 1070; x_wconf 89' lang='lat' dir='ltr'>pars</span> <span class='ocrx_word' id='word_1_49' title='bbox 695 992 779 1051; x_wconf 82' lang='lat' dir='ltr'>trahit</span> <span class='ocrx_word' id='word_1_50' title='bbox 790 994 824 1052; x_wconf 90' lang='lat' dir='ltr'>ad</span> <span class='ocrx_word' id='word_1_51' title='bbox 842 1011 874 1051; x_wconf 89' lang='lat' dir='ltr'>sa</span> <span class='ocrx_word' id='word_1_52' title='bbox 888 992 1066 1053; x_wconf 82' lang='lat' dir='ltr'>minoren.”</span> <span class='ocrx_word' id='word_1_53' title='bbox 1116 1020 1119 1025; x_wconf 95' lang='lat'>·</span> 
     </span>
    </p>

    <p class='ocr_par' dir='ltr' id='par_1_3' title="bbox 209 1091 1298 1447">
     <span class='ocr_line' id='line_1_7' title="bbox 252 1091 1298 1170; baseline -0.001 -17"><span class='ocrx_word' id='word_1_54' title='bbox 252 1099 304 1154; x_wconf 94' lang='lat' dir='ltr'>2l.</span> <span class='ocrx_word' id='word_1_55' title='bbox 326 1094 501 1169; x_wconf 90' lang='lat' dir='ltr'>Dispensare</span> <span class='ocrx_word' id='word_1_56' title='bbox 524 1094 598 1150; x_wconf 85' lang='lat' dir='ltr'>valet</span> <span class='ocrx_word' id='word_1_57' title='bbox 618 1092 698 1167; x_wconf 86' lang='lat' dir='ltr'>Papa</span> <span class='ocrx_word' id='word_1_58' title='bbox 718 1092 752 1149; x_wconf 85' lang='lat' dir='ltr'>ab</span> <span class='ocrx_word' id='word_1_59' title='bbox 775 1091 831 1150; x_wconf 92' lang='lat' dir='ltr'>hoc</span> <span class='ocrx_word' id='word_1_60' title='bbox 850 1109 985 1161; x_wconf 69' lang='lat' dir='ltr'>muneret</span> <span class='ocrx_word' id='word_1_61' title='bbox 1005 1091 1059 1150; x_wconf 87' lang='lat' dir='ltr'>sed</span> <span class='ocrx_word' id='word_1_62' title='bbox 1078 1102 1109 1150; x_wconf 87' lang='lat' dir='ltr'>et</span> <span class='ocrx_word' id='word_1_63' title='bbox 1128 1094 1298 1170; x_wconf 84' lang='lat' dir='ltr'>episcopiis</span> 
     </span>
     <span class='ocr_line' id='line_1_8' title="bbox 211 1191 1298 1269; baseline -0.001 -17"><span class='ocrx_word' id='word_1_64' title='bbox 211 1195 325 1253; x_wconf 89' lang='lat' dir='ltr'>casibus</span> <span class='ocrx_word' id='word_1_65' title='bbox 338 1193 541 1269; x_wconf 72' lang='lat' dir='ltr'>singularibus,</span> <span class='ocrx_word' id='word_1_66' title='bbox 554 1191 592 1249; x_wconf 91' lang='lat' dir='ltr'>ob</span> <span class='ocrx_word' id='word_1_67' title='bbox 603 1209 715 1263; x_wconf 83' lang='lat' dir='ltr'>requam</span> <span class='ocrx_word' id='word_1_68' title='bbox 726 1208 860 1257; x_wconf 68' lang='lat' dir='ltr'>cansam</span> <span class='ocrx_word' id='word_1_69' title='bbox 881 1208 939 1249; x_wconf 89' lang='lat' dir='ltr'>non</span> <span class='ocrx_word' id='word_1_70' title='bbox 948 1201 1043 1249; x_wconf 88' lang='lat' dir='ltr'>autern</span> <span class='ocrx_word' id='word_1_71' title='bbox 1057 1203 1187 1267; x_wconf 79' lang='lat' dir='ltr'>possum</span> <span class='ocrx_word' id='word_1_72' title='bbox 1197 1194 1298 1251; x_wconf 69' lang='lat' dir='ltr'>unirer</span> 
     </span>
     <span class='ocr_line' id='line_1_9' title="bbox 210 1288 1296 1363; baseline 0.002 -15"><span class='ocrx_word' id='word_1_73' title='bbox 210 1294 264 1349; x_wconf 90' lang='lat' dir='ltr'>sim</span> <span class='ocrx_word' id='word_1_74' title='bbox 278 1293 404 1350; x_wconf 82' lang='lat' dir='ltr'>eximere</span> <span class='ocrx_word' id='word_1_75' title='bbox 420 1291 543 1363; x_wconf 85' lang='lat' dir='ltr'>aliquem</span> <span class='ocrx_word' id='word_1_76' title='bbox 556 1290 636 1348; x_wconf 89' lang='lat' dir='ltr'>abeo</span> <span class='ocrx_word' id='word_1_77' title='bbox 650 1307 746 1355; x_wconf 86' lang='lat' dir='ltr'>onere,</span> <span class='ocrx_word' id='word_1_78' title='bbox 761 1288 839 1360; x_wconf 90' lang='lat' dir='ltr'>quod</span> <span class='ocrx_word' id='word_1_79' title='bbox 851 1288 1019 1348; x_wconf 78' lang='lat' dir='ltr'>universalis</span> <span class='ocrx_word' id='word_1_80' title='bbox 1032 1288 1182 1349; x_wconf 73' lang='lat' dir='ltr'>Ecclesiae</span> <span class='ocrx_word' id='word_1_81' title='bbox 1189 1309 1296 1350; x_wconf 87' lang='lat' dir='ltr'>consus·</span> 
     </span>
     <span class='ocr_line' id='line_1_10' title="bbox 209 1389 429 1447; baseline -0.014 0"><span class='ocrx_word' id='word_1_82' title='bbox 209 1389 306 1447; x_wconf 86' lang='lat' dir='ltr'>tudine</span> <span class='ocrx_word' id='word_1_83' title='bbox 324 1389 429 1446; x_wconf 87' lang='lat' dir='ltr'>nititur.</span> 
     </span>
    </p>

    <p class='ocr_par' dir='ltr' id='par_1_4' title="bbox 207 1484 1296 2055">
     <span class='ocr_line' id='line_1_11' title="bbox 247 1484 1296 1564; baseline 0.001 -19"><span class='ocrx_word' id='word_1_84' title='bbox 247 1491 297 1545; x_wconf 88' lang='lat'>22.</span> <span class='ocrx_word' id='word_1_85' title='bbox 321 1485 498 1543; x_wconf 84' lang='lat' dir='ltr'>Beneficium</span> <span class='ocrx_word' id='word_1_86' title='bbox 512 1484 739 1543; x_wconf 85' lang='lat' dir='ltr'>ecclesiasticum</span> <span class='ocrx_word' id='word_1_87' title='bbox 753 1484 932 1561; x_wconf 71' lang='lat' dir='ltr'>possidentes</span> <span class='ocrx_word' id='word_1_88' title='bbox 945 1495 1080 1545; x_wconf 75' lang='lat' dir='ltr'>tenentur</span> <span class='ocrx_word' id='word_1_89' title='bbox 1092 1486 1128 1544; x_wconf 88' lang='lat' dir='ltr'>ad</span> <span class='ocrx_word' id='word_1_90' title='bbox 1142 1489 1296 1564; x_wconf 79' lang='lat' dir='ltr'>persolven-</span> 
     </span>
     <span class='ocr_line' id='line_1_12' title="bbox 209 1580 1295 1660; baseline 0.002 -17"><span class='ocrx_word' id='word_1_91' title='bbox 209 1583 279 1645; x_wconf 88' lang='lat' dir='ltr'>dum</span> <span class='ocrx_word' id='word_1_92' title='bbox 292 1585 420 1645; x_wconf 82' lang='lat' dir='ltr'>divinum</span> <span class='ocrx_word' id='word_1_93' title='bbox 432 1582 571 1649; x_wconf 84' lang='lat' dir='ltr'>officium,</span> <span class='ocrx_word' id='word_1_94' title='bbox 584 1585 638 1642; x_wconf 89' lang='lat' dir='ltr'>sub</span> <span class='ocrx_word' id='word_1_95' title='bbox 650 1603 736 1660; x_wconf 74' lang='lat' dir='ltr'>pena</span> <span class='ocrx_word' id='word_1_96' title='bbox 755 1603 812 1642; x_wconf 92' lang='lat' dir='ltr'>non</span> <span class='ocrx_word' id='word_1_97' title='bbox 835 1585 958 1643; x_wconf 81' lang='lat' dir='ltr'>faciendi</span> <span class='ocrx_word' id='word_1_98' title='bbox 977 1584 1090 1645; x_wconf 82' lang='lat' dir='ltr'>smctrts</span> <span class='ocrx_word' id='word_1_99' title='bbox 1108 1580 1209 1645; x_wconf 88' lang='lat' dir='ltr'>suos.¹</span> <span class='ocrx_word' id='word_1_100' title='bbox 1245 1587 1295 1653; x_wconf 80' lang='lat' dir='ltr'>Qui</span> 
     </span>
     <span class='ocr_line' id='line_1_13' title="bbox 209 1681 1294 1752; baseline 0 -8"><span class='ocrx_word' id='word_1_101' title='bbox 209 1682 298 1744; x_wconf 83' lang='lat' dir='ltr'>ebore</span> <span class='ocrx_word' id='word_1_102' title='bbox 311 1683 488 1750; x_wconf 76' lang='lat' dir='ltr'>addicunutr,</span> <span class='ocrx_word' id='word_1_103' title='bbox 503 1681 606 1741; x_wconf 92' lang='lat' dir='ltr'>debent</span> <span class='ocrx_word' id='word_1_104' title='bbox 625 1683 772 1749; x_wconf 86' lang='lat' dir='ltr'>interesse,</span> <span class='ocrx_word' id='word_1_105' title='bbox 791 1693 820 1740; x_wconf 87' lang='lat' dir='ltr'>et</span> <span class='ocrx_word' id='word_1_106' title='bbox 832 1702 943 1752; x_wconf 89' lang='lat' dir='ltr'>canere,</span> <span class='ocrx_word' id='word_1_107' title='bbox 959 1702 1011 1742; x_wconf 91' lang='lat' dir='ltr'>seu</span> <span class='ocrx_word' id='word_1_108' title='bbox 1029 1685 1088 1743; x_wconf 89' lang='lat' dir='ltr'>alta</span> <span class='ocrx_word' id='word_1_109' title='bbox 1100 1703 1174 1743; x_wconf 83' lang='lat' dir='ltr'>roca</span> <span class='ocrx_word' id='word_1_110' title='bbox 1188 1687 1294 1744; x_wconf 82' lang='lat' dir='ltr'>recitare</span> 
     </span>
     <span class='ocr_line' id='line_1_14' title="bbox 211 1773 1294 1854; baseline 0 -13"><span class='ocrx_word' id='word_1_111' title='bbox 211 1781 339 1845; x_wconf 85' lang='lat' dir='ltr'>divinum</span> <span class='ocrx_word' id='word_1_112' title='bbox 353 1773 507 1843; x_wconf 71' lang='lat' dir='ltr'>officium.²</span> <span class='ocrx_word' id='word_1_113' title='bbox 547 1780 690 1840; x_wconf 79' lang='lat' dir='ltr'>Ceterum</span> <span class='ocrx_word' id='word_1_114' title='bbox 700 1800 787 1854; x_wconf 90' lang='lat' dir='ltr'>quum</span> <span class='ocrx_word' id='word_1_115' title='bbox 799 1782 909 1841; x_wconf 89' lang='lat' dir='ltr'>nullum</span> <span class='ocrx_word' id='word_1_116' title='bbox 922 1782 959 1840; x_wconf 88' lang='lat' dir='ltr'>sit</span> <span class='ocrx_word' id='word_1_117' title='bbox 970 1782 1146 1842; x_wconf 87' lang='lat' dir='ltr'>beneficium</span> <span class='ocrx_word' id='word_1_118' title='bbox 1161 1784 1211 1842; x_wconf 83' lang='lat' dir='ltr'>vel</span> <span class='ocrx_word' id='word_1_119' title='bbox 1221 1785 1294 1843; x_wconf 88' lang='lat' dir='ltr'>colle·</span> 
     </span>
     <span class='ocr_line' id='line_1_15' title="bbox 208 1880 1294 1959; baseline -0.002 -18"><span class='ocrx_word' id='word_1_120' title='bbox 208 1882 288 1957; x_wconf 81' lang='lat' dir='ltr'>glum</span> <span class='ocrx_word' id='word_1_121' title='bbox 310 1882 510 1941; x_wconf 87' lang='lat' dir='ltr'>canonicorum</span> <span class='ocrx_word' id='word_1_122' title='bbox 533 1881 563 1938; x_wconf 91' lang='lat' dir='ltr'>in</span> <span class='ocrx_word' id='word_1_123' title='bbox 586 1880 633 1939; x_wconf 87' lang='lat' dir='ltr'>hia</span> <span class='ocrx_word' id='word_1_124' title='bbox 653 1881 819 1957; x_wconf 80' lang='lat' dir='ltr'>provinciis,</span> <span class='ocrx_word' id='word_1_125' title='bbox 841 1881 1013 1953; x_wconf 70' lang='lat' dir='ltr'>questiones</span> <span class='ocrx_word' id='word_1_126' title='bbox 1037 1882 1179 1959; x_wconf 89' lang='lat' dir='ltr'>plurimas</span> <span class='ocrx_word' id='word_1_127' title='bbox 1192 1882 1294 1942; x_wconf 86' lang='lat' dir='ltr'>silentio</span> 
     </span>
     <span class='ocr_line' id='line_1_16' title="bbox 207 1979 504 2055; baseline -0.01 -15"><span class='ocrx_word' id='word_1_128' title='bbox 207 1981 417 2055; x_wconf 79' lang='lat' dir='ltr'>pretermittere</span> <span class='ocrx_word' id='word_1_129' title='bbox 430 1979 504 2037; x_wconf 90' lang='lat' dir='ltr'>licat.</span> 
     </span>
    </p>
   </div>
   <div class='ocr_carea' id='block_1_3' title="bbox 558 2210 937 2286">
    <p class='ocr_par' dir='ltr' id='par_1_5' title="bbox 558 2210 937 2286">
     <span class='ocr_line' id='line_1_17' title="bbox 558 2210 937 2286; baseline -0.005 -16"><span class='ocrx_word' id='word_1_130' title='bbox 558 2210 641 2286; x_wconf 71' lang='lat' dir='ltr'>§lu</span> <span class='ocrx_word' id='word_1_131' title='bbox 670 2210 718 2271; x_wconf 86' lang='lat' dir='ltr'>Ds</span> <span class='ocrx_word' id='word_1_132' title='bbox 739 2228 937 2270; x_wconf 79' lang='lat' dir='ltr'>osanrarsrra.</span> 
     </span>
    </p>
   </div>
   <div class='ocr_carea' id='block_1_4' title="bbox 191 2393 1297 3754">
    <p class='ocr_par' dir='ltr' id='par_1_6' title="bbox 248 2393 1292 2471">
     <span class='ocr_line' id='line_1_18' title="bbox 248 2393 1292 2471; baseline 0.005 -20"><span class='ocrx_word' id='word_1_133' title='bbox 248 2398 299 2452; x_wconf 78' lang='lat'>2³.</span> <span class='ocrx_word' id='word_1_134' title='bbox 333 2394 391 2461; x_wconf 86' lang='lat' dir='ltr'>Qui</span> <span class='ocrx_word' id='word_1_135' title='bbox 417 2393 605 2453; x_wconf 89' lang='lat' dir='ltr'>sacerdotium</span> <span class='ocrx_word' id='word_1_136' title='bbox 632 2408 819 2471; x_wconf 88' lang='lat' dir='ltr'>susceperunt</span> <span class='ocrx_word' id='word_1_137' title='bbox 843 2393 1032 2453; x_wconf 88' lang='lat' dir='ltr'>obedientiam</span> <span class='ocrx_word' id='word_1_138' title='bbox 1067 2405 1097 2454; x_wconf 92' lang='lat' dir='ltr'>et</span> <span class='ocrx_word' id='word_1_139' title='bbox 1116 2399 1292 2456; x_wconf 84' lang='lat' dir='ltr'>reverentiam</span> 
     </span>
    </p>

    <p class='ocr_par' dir='ltr' id='par_1_7' title="bbox 208 2490 1292 2568">
     <span class='ocr_line' id='line_1_19' title="bbox 208 2490 1292 2568; baseline 0.006 -22"><span class='ocrx_word' id='word_1_140' title='bbox 208 2490 374 2547; x_wconf 88' lang='lat' dir='ltr'>solemniter</span> <span class='ocrx_word' id='word_1_141' title='bbox 386 2490 505 2566; x_wconf 85' lang='lat' dir='ltr'>polliciti</span> <span class='ocrx_word' id='word_1_142' title='bbox 518 2502 585 2548; x_wconf 84' lang='lat' dir='ltr'>sunt</span> <span class='ocrx_word' id='word_1_143' title='bbox 596 2492 744 2568; x_wconf 86' lang='lat' dir='ltr'>episcopo,</span> <span class='ocrx_word' id='word_1_144' title='bbox 759 2493 804 2551; x_wconf 90' lang='lat' dir='ltr'>cni</span> <span class='ocrx_word' id='word_1_145' title='bbox 817 2493 1011 2568; x_wconf 87' lang='lat' dir='ltr'>obtemperare</span> <span class='ocrx_word' id='word_1_146' title='bbox 1024 2492 1133 2554; x_wconf 85' lang='lat' dir='ltr'>debent</span> <span class='ocrx_word' id='word_1_147' title='bbox 1145 2498 1175 2555; x_wconf 92' lang='lat' dir='ltr'>in</span> <span class='ocrx_word' id='word_1_148' title='bbox 1189 2498 1223 2554; x_wconf 87' lang='lat' dir='ltr'>iis</span> <span class='ocrx_word' id='word_1_149' title='bbox 1236 2514 1292 2568; x_wconf 83' lang='lat' dir='ltr'>qnae</span> 
     </span>
    </p>

    <p class='ocr_par' dir='ltr' id='par_1_8' title="bbox 191 2578 1296 2962">
     <span class='ocr_line' id='line_1_20' title="bbox 191 2578 1296 2670; baseline 0.006 -27"><span class='ocrx_word' id='word_1_150' title='bbox 191 2587 352 2665; x_wconf 80' lang='lat' dir='ltr'>,pertinent</span> <span class='ocrx_word' id='word_1_151' title='bbox 364 2585 399 2643; x_wconf 89' lang='lat' dir='ltr'>ad</span> <span class='ocrx_word' id='word_1_152' title='bbox 411 2597 544 2645; x_wconf 89' lang='lat' dir='ltr'>morasat</span> <span class='ocrx_word' id='word_1_153' title='bbox 555 2587 591 2644; x_wconf 91' lang='lat' dir='ltr'>ad</span> <span class='ocrx_word' id='word_1_154' title='bbox 605 2586 786 2664; x_wconf 79' lang='lat' dir='ltr'>disciplinam</span> <span class='ocrx_word' id='word_1_155' title='bbox 801 2591 1031 2660; x_wconf 86' lang='lat' dir='ltr'>ecclesiasticam,</span> <span class='ocrx_word' id='word_1_156' title='bbox 1039 2593 1128 2670; x_wconf 83' lang='lat' dir='ltr'>juxta</span> <span class='ocrx_word' id='word_1_157' title='bbox 1141 2578 1261 2653; x_wconf 76' lang='lat' dir='ltr'>mnonm</span> <span class='ocrx_word' id='word_1_158' title='bbox 1270 2605 1296 2651; x_wconf 91' lang='lat' dir='ltr'>at</span> 
     </span>
     <span class='ocr_line' id='line_1_21' title="bbox 208 2680 1295 2770; baseline 0.003 -24"><span class='ocrx_word' id='word_1_159' title='bbox 208 2686 368 2766; x_wconf 75' lang='lat' dir='ltr'>legitimum</span> <span class='ocrx_word' id='word_1_160' title='bbox 375 2685 546 2745; x_wconf 86' lang='lat' dir='ltr'>auctoritatis</span> <span class='ocrx_word' id='word_1_161' title='bbox 559 2680 752 2747; x_wconf 81' lang='lat' dir='ltr'>exercitium.³</span> <span class='ocrx_word' id='word_1_162' title='bbox 766 2687 874 2747; x_wconf 83' lang='lat' dir='ltr'>Clerici</span> <span class='ocrx_word' id='word_1_163' title='bbox 884 2690 1032 2749; x_wconf 77' lang='lat' dir='ltr'>inferiores</span> <span class='ocrx_word' id='word_1_164' title='bbox 1040 2692 1181 2770; x_wconf 88' lang='lat' dir='ltr'>episcopo</span> <span class='ocrx_word' id='word_1_165' title='bbox 1189 2692 1295 2751; x_wconf 87' lang='lat' dir='ltr'>obedire</span> 
     </span>
     <span class='ocr_line' id='line_1_22' title="bbox 210 2785 1295 2868; baseline 0.003 -23"><span class='ocrx_word' id='word_1_166' title='bbox 210 2792 326 2861; x_wconf 80' lang='lat' dir='ltr'>qaoque</span> <span class='ocrx_word' id='word_1_167' title='bbox 349 2796 471 2864; x_wconf 81' lang='lat' dir='ltr'>oportet,</span> <span class='ocrx_word' id='word_1_168' title='bbox 488 2804 526 2844; x_wconf 88' lang='lat' dir='ltr'>ex</span> <span class='ocrx_word' id='word_1_169' title='bbox 549 2787 613 2863; x_wconf 90' lang='lat' dir='ltr'>ipsa</span> <span class='ocrx_word' id='word_1_170' title='bbox 632 2785 741 2846; x_wconf 84' lang='lat' dir='ltr'>Christi</span> <span class='ocrx_word' id='word_1_171' title='bbox 759 2787 832 2865; x_wconf 83' lang='lat' dir='ltr'>lege,</span> <span class='ocrx_word' id='word_1_172' title='bbox 853 2807 918 2861; x_wconf 89' lang='lat' dir='ltr'>qua,</span> <span class='ocrx_word' id='word_1_173' title='bbox 932 2788 1051 2847; x_wconf 89' lang='lat' dir='ltr'>docente</span> <span class='ocrx_word' id='word_1_174' title='bbox 1065 2791 1219 2868; x_wconf 82' lang='lat' dir='ltr'>Apostolo,</span> <span class='ocrx_word' id='word_1_175' title='bbox 1232 2809 1295 2867; x_wconf 78' lang='lat' dir='ltr'>pra·</span> 
     </span>
     <span class='ocr_line' id='line_1_23' title="bbox 209 2885 579 2962; baseline 0 -19"><span class='ocrx_word' id='word_1_176' title='bbox 209 2888 312 2962; x_wconf 80' lang='lat' dir='ltr'>positis</span> <span class='ocrx_word' id='word_1_177' title='bbox 325 2885 514 2944; x_wconf 87' lang='lat' dir='ltr'>obediendum</span> <span class='ocrx_word' id='word_1_178' title='bbox 526 2895 579 2943; x_wconf 89' lang='lat' dir='ltr'>est.</span> 
     </span>
    </p>

    <p class='ocr_par' dir='ltr' id='par_1_9' title="bbox 205 2982 1297 3754">
     <span class='ocr_line' id='line_1_24' title="bbox 248 2982 1296 3065; baseline 0.003 -25"><span class='ocrx_word' id='word_1_179' title='bbox 248 2988 298 3040; x_wconf 78' lang='lat'>24.</span> <span class='ocrx_word' id='word_1_180' title='bbox 320 2983 494 3042; x_wconf 76' lang='lat' dir='ltr'>subdiaconi</span> <span class='ocrx_word' id='word_1_181' title='bbox 514 2983 555 3042; x_wconf 85' lang='lat' dir='ltr'>ad</span> <span class='ocrx_word' id='word_1_182' title='bbox 572 2982 696 3042; x_wconf 82' lang='lat' dir='ltr'>titulum</span> <span class='ocrx_word' id='word_1_183' title='bbox 716 2984 873 3043; x_wconf 78' lang='lat' dir='ltr'>mistionis</span> <span class='ocrx_word' id='word_1_184' title='bbox 895 2982 1027 3054; x_wconf 89' lang='lat' dir='ltr'>ordinati,</span> <span class='ocrx_word' id='word_1_185' title='bbox 1049 2984 1081 3045; x_wconf 91' lang='lat' dir='ltr'>in</span> <span class='ocrx_word' id='word_1_186' title='bbox 1106 2987 1162 3046; x_wconf 89' lang='lat' dir='ltr'>hac</span> <span class='ocrx_word' id='word_1_187' title='bbox 1186 2989 1296 3065; x_wconf 79' lang='lat' dir='ltr'>regione</span> 
     </span>
     <span class='ocr_line' id='line_1_25' title="bbox 205 3080 1297 3162; baseline 0.002 -24"><span class='ocrx_word' id='word_1_188' title='bbox 205 3082 292 3160; x_wconf 88' lang='lat' dir='ltr'>jurati</span> <span class='ocrx_word' id='word_1_189' title='bbox 315 3080 484 3157; x_wconf 82' lang='lat' dir='ltr'>pollicentur</span> <span class='ocrx_word' id='word_1_190' title='bbox 506 3098 538 3138; x_wconf 88' lang='lat' dir='ltr'>se</span> <span class='ocrx_word' id='word_1_191' title='bbox 558 3083 743 3141; x_wconf 87' lang='lat' dir='ltr'>missionibus</span> <span class='ocrx_word' id='word_1_192' title='bbox 763 3082 894 3141; x_wconf 85' lang='lat' dir='ltr'>dioecesis</span> <span class='ocrx_word' id='word_1_193' title='bbox 913 3084 943 3140; x_wconf 92' lang='lat' dir='ltr'>in</span> <span class='ocrx_word' id='word_1_194' title='bbox 963 3102 1049 3155; x_wconf 87' lang='lat' dir='ltr'>quarn</span> <span class='ocrx_word' id='word_1_195' title='bbox 1069 3096 1234 3162; x_wconf 87' lang='lat' dir='ltr'>coaptantur</span> <span class='ocrx_word' id='word_1_196' title='bbox 1246 3085 1297 3142; x_wconf 82' lang='lat' dir='ltr'>sub</span> 
     </span>
     <span class='ocr_line' id='line_1_26' title="bbox 208 3178 1295 3261; baseline -0.002 -21"><span class='ocrx_word' id='word_1_197' title='bbox 208 3179 371 3240; x_wconf 88' lang='lat' dir='ltr'>obedientia</span> <span class='ocrx_word' id='word_1_198' title='bbox 383 3178 527 3239; x_wconf 89' lang='lat' dir='ltr'>Ordinarii</span> <span class='ocrx_word' id='word_1_199' title='bbox 540 3179 676 3257; x_wconf 79' lang='lat' dir='ltr'>perpetui</span> <span class='ocrx_word' id='word_1_200' title='bbox 685 3182 888 3240; x_wconf 83' lang='lat' dir='ltr'>inservituros:</span> <span class='ocrx_word' id='word_1_201' title='bbox 913 3181 951 3238; x_wconf 88' lang='lat' dir='ltr'>ita</span> <span class='ocrx_word' id='word_1_202' title='bbox 969 3182 1046 3239; x_wconf 88' lang='lat' dir='ltr'>enim</span> <span class='ocrx_word' id='word_1_203' title='bbox 1056 3184 1147 3261; x_wconf 86' lang='lat' dir='ltr'>jussit</span> <span class='ocrx_word' id='word_1_204' title='bbox 1156 3184 1188 3241; x_wconf 86' lang='lat' dir='ltr'>S.</span> <span class='ocrx_word' id='word_1_205' title='bbox 1197 3182 1295 3248; x_wconf 80' lang='lat' dir='ltr'>Sedes,</span> 
     </span>
     <span class='ocr_line' id='line_1_27' title="bbox 208 3279 1296 3358; baseline 0.001 -20"><span class='ocrx_word' id='word_1_206' title='bbox 208 3280 322 3340; x_wconf 90' lang='lat' dir='ltr'>titulum</span> <span class='ocrx_word' id='word_1_207' title='bbox 335 3281 411 3339; x_wconf 91' lang='lat' dir='ltr'>buno</span> <span class='ocrx_word' id='word_1_208' title='bbox 433 3279 565 3356; x_wconf 89' lang='lat' dir='ltr'>probans.</span> <span class='ocrx_word' id='word_1_209' title='bbox 607 3279 758 3338; x_wconf 86' lang='lat' dir='ltr'>&#39;l&#39;enentur</span> <span class='ocrx_word' id='word_1_210' title='bbox 777 3282 872 3358; x_wconf 82' lang='lat' dir='ltr'>igitur,</span> <span class='ocrx_word' id='word_1_211' title='bbox 887 3280 1024 3356; x_wconf 87' lang='lat' dir='ltr'>episcopo</span> <span class='ocrx_word' id='word_1_212' title='bbox 1039 3281 1171 3357; x_wconf 88' lang='lat' dir='ltr'>jubente,</span> <span class='ocrx_word' id='word_1_213' title='bbox 1187 3281 1296 3340; x_wconf 88' lang='lat' dir='ltr'>ordines</span> 
     </span>
     <span class='ocr_line' id='line_1_28' title="bbox 209 3377 1297 3456; baseline 0 -20"><span class='ocrx_word' id='word_1_214' title='bbox 209 3377 373 3438; x_wconf 86' lang='lat' dir='ltr'>diaconatus</span> <span class='ocrx_word' id='word_1_215' title='bbox 387 3388 416 3437; x_wconf 91' lang='lat' dir='ltr'>et</span> <span class='ocrx_word' id='word_1_216' title='bbox 428 3379 639 3456; x_wconf 85' lang='lat' dir='ltr'>presbyteratus</span> <span class='ocrx_word' id='word_1_217' title='bbox 652 3381 808 3455; x_wconf 86' lang='lat' dir='ltr'>suscipere,</span> <span class='ocrx_word' id='word_1_218' title='bbox 819 3390 847 3436; x_wconf 88' lang='lat' dir='ltr'>et</span> <span class='ocrx_word' id='word_1_219' title='bbox 859 3380 889 3437; x_wconf 93' lang='lat' dir='ltr'>in</span> <span class='ocrx_word' id='word_1_220' title='bbox 901 3396 969 3437; x_wconf 89' lang='lat' dir='ltr'>eum</span> <span class='ocrx_word' id='word_1_221' title='bbox 981 3377 1077 3438; x_wconf 89' lang='lat' dir='ltr'>locum</span> <span class='ocrx_word' id='word_1_222' title='bbox 1091 3380 1250 3439; x_wconf 68' lang='lat' dir='ltr'>dioeceseos</span> <span class='ocrx_word' id='word_1_223' title='bbox 1268 3397 1297 3437; x_wconf 86' lang='lat' dir='ltr'>se</span> 
     </span>
     <span class='ocr_line' id='line_1_29' title="bbox 208 3476 1297 3554; baseline 0.005 -22"><span class='ocrx_word' id='word_1_224' title='bbox 208 3477 349 3545; x_wconf 79' lang='lat' dir='ltr'>conferre,</span> <span class='ocrx_word' id='word_1_225' title='bbox 371 3479 401 3534; x_wconf 90' lang='lat' dir='ltr'>in</span> <span class='ocrx_word' id='word_1_226' title='bbox 420 3495 478 3548; x_wconf 90' lang='lat' dir='ltr'>quo</span> <span class='ocrx_word' id='word_1_227' title='bbox 501 3479 564 3554; x_wconf 89' lang='lat' dir='ltr'>ipse</span> <span class='ocrx_word' id='word_1_228' title='bbox 586 3478 730 3535; x_wconf 86' lang='lat' dir='ltr'>censuerit</span> <span class='ocrx_word' id='word_1_229' title='bbox 748 3496 797 3536; x_wconf 91' lang='lat' dir='ltr'>eos</span> <span class='ocrx_word' id='word_1_230' title='bbox 810 3478 935 3536; x_wconf 87' lang='lat' dir='ltr'>laborare</span> <span class='ocrx_word' id='word_1_231' title='bbox 948 3476 1050 3536; x_wconf 87' lang='lat' dir='ltr'>debere</span> <span class='ocrx_word' id='word_1_232' title='bbox 1063 3480 1093 3537; x_wconf 87' lang='lat' dir='ltr'>in</span> <span class='ocrx_word' id='word_1_233' title='bbox 1107 3480 1230 3539; x_wconf 87' lang='lat' dir='ltr'>salutem</span> <span class='ocrx_word' id='word_1_234' title='bbox 1243 3480 1297 3538; x_wconf 88' lang='lat' dir='ltr'>ani·</span> 
     </span>
     <span class='ocr_line' id='line_1_30' title="bbox 206 3573 1296 3652; baseline 0.012 -25"><span class='ocrx_word' id='word_1_235' title='bbox 206 3586 330 3628; x_wconf 87' lang='lat' dir='ltr'>marum.</span> <span class='ocrx_word' id='word_1_236' title='bbox 373 3573 488 3631; x_wconf 88' lang='lat' dir='ltr'>Debent</span> <span class='ocrx_word' id='word_1_237' title='bbox 499 3577 585 3633; x_wconf 90' lang='lat' dir='ltr'>etiam</span> <span class='ocrx_word' id='word_1_238' title='bbox 599 3594 651 3652; x_wconf 89' lang='lat' dir='ltr'>per</span> <span class='ocrx_word' id='word_1_239' title='bbox 664 3584 749 3634; x_wconf 88' lang='lat' dir='ltr'>totam</span> <span class='ocrx_word' id='word_1_240' title='bbox 764 3579 851 3635; x_wconf 89' lang='lat' dir='ltr'>vitam</span> <span class='ocrx_word' id='word_1_241' title='bbox 864 3577 895 3635; x_wconf 89' lang='lat' dir='ltr'>in</span> <span class='ocrx_word' id='word_1_242' title='bbox 914 3573 1012 3634; x_wconf 88' lang='lat' dir='ltr'>eadem</span> <span class='ocrx_word' id='word_1_243' title='bbox 1033 3577 1153 3636; x_wconf 86' lang='lat' dir='ltr'>dioecesi</span> <span class='ocrx_word' id='word_1_244' title='bbox 1167 3596 1296 3642; x_wconf 72' lang='lat' dir='ltr'>maneret</span> 
     </span>
     <span class='ocr_line' id='line_1_31' title="bbox 205 3670 1296 3754; baseline 0.007 -27"><span class='ocrx_word' id='word_1_245' title='bbox 205 3670 535 3746; x_wconf 89' lang='lat' dir='ltr'>etcontrajuramentum</span> <span class='ocrx_word' id='word_1_246' title='bbox 547 3683 674 3747; x_wconf 87' lang='lat' dir='ltr'>peccant,</span> <span class='ocrx_word' id='word_1_247' title='bbox 685 3675 721 3741; x_wconf 90' lang='lat' dir='ltr'>si,</span> <span class='ocrx_word' id='word_1_248' title='bbox 735 3686 767 3731; x_wconf 88' lang='lat' dir='ltr'>ut</span> <span class='ocrx_word' id='word_1_249' title='bbox 778 3694 809 3732; x_wconf 90' lang='lat' dir='ltr'>se</span> <span class='ocrx_word' id='word_1_250' title='bbox 823 3673 979 3734; x_wconf 87' lang='lat' dir='ltr'>subducant</span> <span class='ocrx_word' id='word_1_251' title='bbox 987 3676 1118 3754; x_wconf 87' lang='lat' dir='ltr'>episcopi</span> <span class='ocrx_word' id='word_1_252' title='bbox 1132 3677 1296 3744; x_wconf 85' lang='lat' dir='ltr'>auctoritati,</span> 
     </span>
    </p>
   </div>
   <div class='ocr_carea' id='block_1_5' title="bbox 76 3765 1299 3849">
    <p class='ocr_par' dir='ltr' id='par_1_10' title="bbox 76 3765 1299 3849">
     <span class='ocr_line' id='line_1_32' title="bbox 76 3765 1299 3849; baseline 0.011 -30"><span class='ocrx_word' id='word_1_253' title='bbox 76 3800 88 3819; x_wconf 89' lang='lat'>.</span> <span class='ocrx_word' id='word_1_254' title='bbox 207 3778 236 3829; x_wconf 92' lang='lat' dir='ltr'>et</span> <span class='ocrx_word' id='word_1_255' title='bbox 250 3769 366 3828; x_wconf 83' lang='lat' dir='ltr'>veniam</span> <span class='ocrx_word' id='word_1_256' title='bbox 375 3765 541 3826; x_wconf 87' lang='lat' dir='ltr'>discedendi</span> <span class='ocrx_word' id='word_1_257' title='bbox 555 3779 755 3841; x_wconf 83' lang='lat' dir='ltr'>extorqueant,</span> <span class='ocrx_word' id='word_1_258' title='bbox 770 3782 843 3829; x_wconf 88' lang='lat' dir='ltr'>artes</span> <span class='ocrx_word' id='word_1_259' title='bbox 856 3773 1006 3832; x_wconf 81' lang='lat' dir='ltr'>adhibeant</span> <span class='ocrx_word' id='word_1_260' title='bbox 1013 3773 1170 3849; x_wconf 87' lang='lat' dir='ltr'>dolosque:</span> <span class='ocrx_word' id='word_1_261' title='bbox 1192 3777 1237 3835; x_wconf 85' lang='lat' dir='ltr'>vel</span> <span class='ocrx_word' id='word_1_262' title='bbox 1250 3793 1299 3833; x_wconf 88' lang='lat' dir='ltr'>sna</span> 
     </span>
    </p>
   </div>
   <div class='ocr_carea' id='block_1_6' title="bbox 206 3867 1297 3950">
    <p class='ocr_par' dir='ltr' id='par_1_11' title="bbox 206 3867 1297 3950">
     <span class='ocr_line' id='line_1_33' title="bbox 206 3867 1297 3950; baseline 0 -19"><span class='ocrx_word' id='word_1_263' title='bbox 206 3871 319 3931; x_wconf 91' lang='lat' dir='ltr'>ratione</span> <span class='ocrx_word' id='word_1_264' title='bbox 332 3869 433 3948; x_wconf 72' lang='lat' dir='ltr'>agend</span> <span class='ocrx_word' id='word_1_265' title='bbox 446 3867 646 3929; x_wconf 83' lang='lat' dir='ltr'>necessitatem</span> <span class='ocrx_word' id='word_1_266' title='bbox 659 3885 690 3926; x_wconf 88' lang='lat' dir='ltr'>se</span> <span class='ocrx_word' id='word_1_267' title='bbox 706 3867 865 3931; x_wconf 85' lang='lat' dir='ltr'>dimittendi</span> <span class='ocrx_word' id='word_1_268' title='bbox 885 3873 1050 3950; x_wconf 79' lang='lat' dir='ltr'>imponant:</span> <span class='ocrx_word' id='word_1_269' title='bbox 1071 3892 1140 3935; x_wconf 86' lang='lat' dir='ltr'>narn</span> <span class='ocrx_word' id='word_1_270' title='bbox 1153 3874 1223 3935; x_wconf 87' lang='lat' dir='ltr'>dum</span> <span class='ocrx_word' id='word_1_271' title='bbox 1236 3875 1297 3948; x_wconf 91' lang='lat' dir='ltr'>quis</span> 
     </span>
    </p>
   </div>
   <div class='ocr_carea' id='block_1_7' title="bbox 200 4071 1296 4307">
    <p class='ocr_par' dir='ltr' id='par_1_12' title="bbox 200 4071 1296 4307">
     <span class='ocr_line' id='line_1_34' title="bbox 236 4071 1038 4140; baseline 0.004 -16"><span class='ocrx_word' id='word_1_272' title='bbox 236 4077 279 4140; x_wconf 78' lang='lat' dir='ltr'>(l)</span> <span class='ocrx_word' id='word_1_273' title='bbox 297 4075 376 4127; x_wconf 82' lang='lat' dir='ltr'>Cone.</span> <span class='ocrx_word' id='word_1_274' title='bbox 386 4073 441 4125; x_wconf 82' lang='lat' dir='ltr'>bat.</span> <span class='ocrx_word' id='word_1_275' title='bbox 452 4089 475 4124; x_wconf 82' lang='lat' dir='ltr'>r.</span> <span class='ocrx_word' id='word_1_276' title='bbox 486 4072 554 4124; x_wconf 79' lang='lat' dir='ltr'>Sess-</span> <span class='ocrx_word' id='word_1_277' title='bbox 565 4072 599 4123; x_wconf 84' lang='lat' dir='ltr'>ix.</span> <span class='ocrx_word' id='word_1_278' title='bbox 610 4079 637 4125; x_wconf 67' lang='lat' dir='ltr'>d</span> <span class='ocrx_word' id='word_1_279' title='bbox 646 4071 752 4125; x_wconf 74' lang='lat' dir='ltr'>Onstit</span> <span class='ocrx_word' id='word_1_280' title='bbox 764 4073 803 4122; x_wconf 88' lang='lat' dir='ltr'>Pii</span> <span class='ocrx_word' id='word_1_281' title='bbox 815 4074 847 4124; x_wconf 80' lang='lat' dir='ltr'>V.</span> <span class='ocrx_word' id='word_1_282' title='bbox 866 4075 907 4125; x_wconf 79' lang='lat' dir='ltr'>Er</span> <span class='ocrx_word' id='word_1_283' title='bbox 918 4075 1038 4140; x_wconf 86' lang='lat' dir='ltr'>proximo.</span> 
     </span>
     <span class='ocr_line' id='line_1_35' title="bbox 235 4155 1296 4222; baseline 0.007 -15"><span class='ocrx_word' id='word_1_284' title='bbox 235 4159 278 4222; x_wconf 85' lang='lat'>(2)</span> <span class='ocrx_word' id='word_1_285' title='bbox 298 4158 329 4208; x_wconf 84' lang='grc' dir='ltr'>Ο.</span> <span class='ocrx_word' id='word_1_286' title='bbox 340 4157 372 4207; x_wconf 80' lang='lat' dir='ltr'>ix.</span> <span class='ocrx_word' id='word_1_287' title='bbox 384 4158 440 4208; x_wconf 87' lang='lat' dir='ltr'>dist.</span> <span class='ocrx_word' id='word_1_288' title='bbox 450 4157 508 4221; x_wconf 57' lang='lat' dir='ltr'>nii.</span> <span class='ocrx_word' id='word_1_289' title='bbox 518 4165 544 4208; x_wconf 85' lang='lat' dir='ltr'>st</span> <span class='ocrx_word' id='word_1_290' title='bbox 562 4155 632 4208; x_wconf 75' lang='lat' dir='ltr'>Teu.</span> <span class='ocrx_word' id='word_1_291' title='bbox 643 4157 720 4209; x_wconf 85' lang='lat' dir='ltr'>Cone.</span> <span class='ocrx_word' id='word_1_292' title='bbox 731 4158 798 4209; x_wconf 79' lang='lat' dir='ltr'>Sese.</span> <span class='ocrx_word' id='word_1_293' title='bbox 809 4161 909 4211; x_wconf 69' lang='lat' dir='ltr'>nine.</span> <span class='ocrx_word' id='word_1_294' title='bbox 927 4159 969 4210; x_wconf 87' lang='lat' dir='ltr'>xii.</span> <span class='ocrx_word' id='word_1_295' title='bbox 985 4160 1018 4211; x_wconf 84' lang='lat' dir='ltr'>da</span> <span class='ocrx_word' id='word_1_296' title='bbox 1036 4160 1133 4213; x_wconf 72' lang='lat' dir='ltr'>raam.</span> <span class='ocrx_word' id='word_1_297' title='bbox 1150 4170 1176 4213; x_wconf 82' lang='lat' dir='ltr'>st</span> <span class='ocrx_word' id='word_1_298' title='bbox 1192 4162 1296 4214; x_wconf 73' lang='lat' dir='ltr'>constit.</span> 
     </span>
     <span class='ocr_line' id='line_1_36' title="bbox 200 4237 613 4307; baseline 0.01 -21"><span class='ocrx_word' id='word_1_299' title='bbox 200 4237 328 4292; x_wconf 84' lang='lat' dir='ltr'>Benedicti</span> <span class='ocrx_word' id='word_1_300' title='bbox 338 4241 410 4291; x_wconf 81' lang='lat' dir='ltr'>xtv.</span> <span class='ocrx_word' id='word_1_301' title='bbox 435 4240 500 4293; x_wconf 86' lang='lat' dir='ltr'>Cum</span> <span class='ocrx_word' id='word_1_302' title='bbox 512 4257 613 4307; x_wconf 84' lang='lat' dir='ltr'>semper.</span> 
     </span>
    </p>
   </div>
   <div class='ocr_carea' id='block_1_8' title="bbox 236 4315 1106 4395">
    <p class='ocr_par' dir='ltr' id='par_1_13' title="bbox 236 4315 1106 4395">
     <span class='ocr_line' id='line_1_37' title="bbox 236 4315 1106 4395; baseline 0.009 -22"><span class='ocrx_word' id='word_1_303' title='bbox 236 4322 279 4389; x_wconf 78' lang='grc'>(3)</span> <span class='ocrx_word' id='word_1_304' title='bbox 299 4321 362 4388; x_wconf 77' lang='lat' dir='ltr'>Gap.</span> <span class='ocrx_word' id='word_1_305' title='bbox 375 4323 444 4384; x_wconf 84' lang='lat' dir='ltr'>Quis</span> <span class='ocrx_word' id='word_1_306' title='bbox 454 4315 535 4384; x_wconf 81' lang='lat' dir='ltr'>irater,</span> <span class='ocrx_word' id='word_1_307' title='bbox 549 4325 591 4375; x_wconf 80' lang='lat' dir='ltr'>vii.</span> <span class='ocrx_word' id='word_1_308' title='bbox 602 4341 644 4391; x_wconf 80' lang='lat' dir='ltr'>qu.</span> <span class='ocrx_word' id='word_1_309' title='bbox 656 4327 682 4381; x_wconf 81' lang='lat' dir='ltr'>ti.</span> <span class='ocrx_word' id='word_1_310' title='bbox 693 4336 719 4378; x_wconf 86' lang='lat' dir='ltr'>et</span> <span class='ocrx_word' id='word_1_311' title='bbox 728 4342 782 4393; x_wconf 83' lang='lat' dir='ltr'>esp.</span> <span class='ocrx_word' id='word_1_312' title='bbox 793 4326 882 4379; x_wconf 79' lang='lat' dir='ltr'>xvtus</span> <span class='ocrx_word' id='word_1_313' title='bbox 892 4326 955 4379; x_wconf 81' lang='lat' dir='ltr'>otiis.</span> <span class='ocrx_word' id='word_1_314' title='bbox 963 4328 1017 4395; x_wconf 84' lang='lat' dir='ltr'>jud.</span> <span class='ocrx_word' id='word_1_315' title='bbox 1028 4328 1106 4381; x_wconf 85' lang='lat' dir='ltr'>ordin.</span> 
     </span>
    </p>
   </div>
   <div class='ocr_carea' id='block_1_9' title="bbox 0 0 1388 4996">
    <p class='ocr_par' dir='ltr' id='par_1_14' title="bbox 0 0 1388 4996">
     <span class='ocr_line' id='line_1_38' title="bbox 0 0 1388 4996; baseline 0 0"><span class='ocrx_word' id='word_1_316' title='bbox 0 0 1388 4996; x_wconf 95' lang='lat' dir='ltr'> </span> 
     </span>
    </p>
   </div>
  </div>
 </body>
</html>
