2744 4980
432 353 489 414 DE
511 354 672 416 TERTIO
692 278 944 417 PRAEchTO.
1192 367 1230 421 el

135 522 184 578 his
199 538 256 579 non
269 519 381 596 probari
401 518 602 596 obligationem
622 518 699 579 diem
720 521 800 579 illum
820 516 975 588 servandi‚¹
994 539 1057 594 quie
1081 532 1175 582 tamen
1193 542 1232 585 ex

136 620 279 678 Ecclesiae
300 618 448 677 traditione
480 627 509 675 et
534 619 738 677 consuetudine
764 628 808 676 est
832 619 993 695 explorata:
1025 622 1055 678 iu
1080 619 1231 683 maeonii

134 718 246 775 scilicet
258 727 287 774 et
298 717 512 774 resurrectionis
522 717 689 775 memoriam
699 717 760 775 dies
776 718 794 775 J
797 718 881 776 ustiui
902 728 981 776 aemte
1000 728 1096 777 sancte
1109 721 1232 795 celebrov

138 807 247 874 batua'
1222 803 1224 808 ¹

174 918 225 971 64.
247 913 373 971 Gravem
387 931 449 970 esse
459 913 534 971 hanc
547 914 748 989 obligationem
761 924 879 983 constat,
889 933 1010 988 eamque
1023 918 1094 974 serre
1107 926 1139 974 ut
1150 919 1228 991 quis-

131 1031 192 1083 que
205 1013 305 1070 Missae
319 1012 459 1070 sacrificio
472 1007 587 1080 adstet,⁸
607 1022 636 1069 et
647 1013 682 1069 ab
695 1013 829 1088 operibus
851 1014 1000 1072 servilibus
1019 1034 1051 1072 ae
1065 1013 1228 1074 abstineret

132 1109 365 1168 Commendandi
378 1109 533 1169 admodum
554 1120 620 1168 sunt
638 1112 699 1207 qui„
707 1112 818 1187 pietatis
838 1114 972 1188 operibus
992 1115 1132 1190 integrum
1153 1115 1231 1177 diem

130 1209 313 1284 impendunt,
328 1209 484 1284 praesertim
498 1209 689 1286 suscipiendis
707 1213 899 1278 sacramentis,
918 1213 1102 1271 concionibus
1116 1212 1233 1271 audien·

129 1305 189 1375 dis,
210 1307 391 1382 vespertinis
411 1309 543 1383 precibus
563 1307 749 1365 adsistendis:
770 1308 822 1366 sed
843 1310 934 1367 “sola
947 1311 1041 1368 Missa
1052 1321 1098 1368 est
1109 1310 1145 1368 de
1159 1330 1229 1387 pree·

129 1400 267 1480 cepto.”⁵
286 1405 332 1462 De
342 1424 376 1462 ea
385 1405 526 1465 audienda
538 1417 665 1465 occurret
672 1408 858 1482 opportunior
867 1409 1001 1468 uocandi
1010 1410 1101 1476 locus,
1112 1409 1226 1482 qudo

128 1502 168 1561 de
182 1506 334 1581 preceptis
348 1503 488 1562 Ecclesiae
503 1514 611 1582 agetur.

174 1607 223 1660 65.
244 1605 270 1661 A
284 1601 378 1661 media
390 1614 472 1661 nocte
487 1603 522 1661 ad
532 1603 655 1661 mediam
667 1621 757 1675 usque
770 1615 884 1662 noctem
894 1608 998 1664 servari
1007 1608 1156 1664 consuevit
1165 1606 1226 1666 dies

128 1700 297 1769 Dominica‚
311 1703 441 1774 quamvis
455 1702 530 1779 apud
542 1701 660 1760 Judaecs
681 1722 698 1759 a
717 1721 838 1778 vespera
857 1703 893 1760 ad
911 1722 1061 1780 vesperam
1081 1706 1226 1764 sabbatum

127 1801 303 1858 serrabatur.
344 1800 419 1857 Sunt
437 1803 467 1859 in
487 1802 541 1858 hac
560 1802 677 1877 regione
691 1802 764 1857 inter
778 1801 921 1877 Baptistas
935 1805 985 1875 qui
997 1802 1100 1860 horum
1114 1818 1222 1861 morem

127 1899 287 1964 imitantur,
299 1908 327 1956 et
338 1899 484 1958 sabbatum
497 1901 593 1976 ipsum
606 1918 663 1975 prae
677 1898 722 1957 die
738 1899 1010 1967 Dominicaeolunt
1024 1901 1157 1978 septimae
1167 1901 1227 1960 diei

129 1988 429 2074 Baptictae‚⁶idcirco
443 1999 607 2074 nuncupati.
1268 1995 1273 2001 ’

173 2099 223 2153 66.
238 2094 347 2154 Omnes
360 2096 494 2172 baptizati
507 2099 556 2171 qui
570 2097 685 2153 rationis
695 2105 762 2154 sunt
773 2106 931 2172 compotes,
945 2097 1042 2171 quales
1051 2118 1067 2155 a
1077 2100 1226 2174 septennio

129 2194 262 2269 plerique
275 2178 434 2265 censeiitur,
449 2195 484 2253 ad
497 2185 573 2254 diem
587 2195 770 2252 Dominicom
783 2195 950 2252 servandam
964 2205 1110 2255 tenentur:
1132 2206 1226 2255 utrum

130 2304 227 2350 autem
241 2312 276 2350 ea
286 2293 349 2370 lege
363 2293 569 2370 adstringantur
581 2294 631 2367 qui
651 2293 824 2369 baptismum
846 2312 904 2351 non
919 2303 1105 2369 susceperunt
1115 2303 1226 2353 contro·

128 2393 262 2458 vertitur3
276 2392 479 2451 affirmantibus
493 2395 542 2466 qui
557 2401 657 2468 putant
670 2403 842 2470 preceptum
857 2392 984 2451 divinum
999 2392 1067 2451 olim
1081 2393 1177 2451 datum
1190 2392 1226 2451 de

129 2491 246 2546 sabbato
260 2489 398 2547 servando
411 2491 503 2548 adhuc
516 2493 622 2567 vigere,
636 2490 697 2547 sola
709 2491 766 2550 diei
779 2493 933 2550 mutatione
947 2491 1078 2550 inducta:
1100 2493 1226 2569 neganti·

129 2589 183 2644 bus
198 2588 341 2662 plerisque
355 2590 403 2661 qui
417 2589 452 2646 ad
460 2571 605 2647 ¹Ecclesiae
619 2591 853 2648 consuetudinem
867 2601 895 2647 et
907 2591 1000 2666 legem
1018 2591 1225 2648 observantiam

129 2685 203 2742 hanc
216 2686 359 2743 referunt:
381 2706 434 2745 nec
447 2689 523 2745 enim
537 2688 647 2765 legibus
661 2688 859 2746 ecclesiasticis
879 2688 1000 2763 ligantur
1013 2688 1063 2761 qui
1080 2689 1110 2748 in
1123 2688 1226 2746 Eccle-

127 2786 201 2841 siam
216 2803 267 2860 per
279 2786 413 2861 baptismi
422 2788 541 2861 januam
556 2805 614 2844 non
628 2796 694 2843 sunt
707 2787 836 2861 ingressi.

169 2887 218 2941 67.
243 2883 348 2941 Utrum
362 2894 481 2959 peccent
494 2883 592 2943 fideles
613 2886 661 2957 qui
681 2883 756 2941 haud
775 2884 925 2959 baptizatis
945 2883 1109 2943 hominibus
1129 2883 1223 2960 injun-

128 2992 200 3056 gunt
212 3000 301 3064 opera
313 2983 426 3040 servilia
439 2983 598 3040 exercenda
611 2982 656 3039 die
678 2981 831 3049 dominica,
846 2982 930 3039 etiam
952 2982 1119 3060 disputatur,
1134 3000 1224 3056 quum

126 3081 277 3138 nonnullis
303 3081 450 3139 videantur
462 3081 560 3139 divino
581 3081 666 3138 cultui
699 3079 860 3148 detrahere;
891 3090 919 3137 et
943 3081 1078 3140 Israelitis
1104 3076 1224 3140 vetitufl

128 3191 272 3247 noscatur,
293 3198 329 3237 ne
352 3180 472 3238 famulos
493 3181 537 3238 vel
552 3179 667 3237 ancillas
687 3197 785 3236 eorum
804 3180 929 3236 laborare
943 3182 1057 3238 sabbato
1077 3181 1222 3237 sinerent:

127 3277 178 3335 sed
192 3297 282 3350 quum
296 3279 388 3336 verior
401 3281 438 3337 sit
449 3280 589 3337 sententia
610 3288 696 3335 totam
710 3276 768 3334 diei
787 3277 947 3333 Dominicoe
957 3276 1101 3333 servandac
1115 3276 1220 3352 obliga·

127 3378 235 3435 tionem
250 3397 288 3434 ex
302 3379 441 3435 Ecclesiae
454 3358 518 3455 lege
532 3358 662 3442 deriuari,
677 3393 739 3446 quae
753 3373 882 3432 infideles
896 3392 955 3431 non
963 3373 1041 3450 ligat,
1056 3392 1114 3432 non
1127 3373 1223 3432 viden·

125 3488 173 3533 tur
185 3496 316 3552 peccare,
331 3477 404 3535 sicut
417 3497 475 3535 non
497 3485 626 3553 peccant
638 3473 686 3546 qui
700 3471 800 3531 diebus
818 3472 987 3531 esurialibus
1008 3490 1106 3531 carnes
1129 3473 1165 3532 iis
1178 3474 1224 3532 tri·

164 3651 206 3715 (l)
227 3650 254 3698 ld
266 3651 354 3700 latetur
367 3650 451 3715 Paley.
461 3651 504 3714 qni
518 3657 588 3715 putat
599 3648 655 3698 inda
676 3647 757 3710 colligi
774 3647 884 3697 fidelium
901 3647 1111 3706 consuetudinem,
1129 3645 1176 3698 ud
1187 3661 1226 3697 co·

128 3734 195 3784 leodi
208 3751 293 3792 causa,
304 3735 343 3784 die
355 3736 433 3799 prima
444 3733 603 3785 hebdomadis
620 3732 796 3782 conveniendi:
813 3732 955 3782 nullatenus
972 3740 1053 3782 nmen
1065 3730 1123 3780 indo
1134 3730 1227 3792 liquere

128 3819 303 3868 abstinendum
315 3836 368 3868 ease
378 3822 407 3869 ab
419 3820 532 3884 operibus
543 3819 671 3868 servilibus
687 3833 730 3882 per
747 3824 825 3866 totum
845 3816 918 3865 diem.
952 3823 967 3846 ‘⁶
977 3816 1001 3864 A
1019 3815 1138 3864 esnatica
1160 3828 1227 3877 upon

127 3903 182 3952 that
193 3903 241 3966 day
255 3904 316 3952 from
337 3905 411 3964 labor,
422 3904 517 3968 beyond
529 3903 570 3953 tbe
587 3903 647 3952 tima
657 3903 686 3951 οἱ
699 3902 842 3951 attendance
853 3916 921 3966 upon
932 3900 1014 3965 public
1025 3898 1139 3962 worship,
1150 3897 1227 3948 isnot

127 3988 258 4038 intimated
269 3989 296 4037 in
308 4005 357 4052 any
369 4005 471 4053 passage
483 3988 512 4038 of
524 3987 566 4037 the
578 3985 641 4035 Now
652 3984 820 4036 Testament”
855 3985 934 4035 Moral
946 3983 1010 4034 Phil
1022 3984 1038 4033 l.
1049 3981 1083 4032 iii.
1094 3998 1119 4047 p.
1131 3984 1154 4032 2.
1166 3997 1188 4031 a.
1202 3985 1225 4031 7.

168 4073 209 4136 [2)
232 4073 304 4136 Apol.
314 4073 340 4121 ii.

168 4160 211 4222 (3)
232 4155 266 4205 0.
281 4155 428 4216 chillioa,
440 4156 471 4206 dc
482 4162 574 4219 uagus,
587 4163 613 4208 at
625 4154 654 4205 Si
665 4154 762 4222 quiade
773 4168 880 4203 consecr.
891 4151 948 4201 diat.
965 4153 981 4203 i.

169 4241 212 4305 (t)
233 4240 262 4290 G.
276 4242 292 4290 i.
305 4240 377 4291 Licet
388 4241 419 4290 de
428 4240 561 4292 servilibus.
731 4239 772 4303 (5)
793 4237 876 4302 Mayol
886 4236 980 4302 Expos.
991 4237 1026 4288 iii.
1037 4253 1106 4303 prae
1119 4248 1163 4290 art.
1175 4242 1191 4291 i.

172 4325 214 4389 (6)
234 4322 401 4392 Βωιηίᾒὼγ
413 4324 535 4391 Baptista
