2744 4980
208 371 266 429 DE
287 370 470 429 ACTUUM
492 369 773 431 HUMANORUM
794 372 955 433 MORALI
976 373 1138 435 SPECIE.
1180 382 1219 438 27

127 545 261 610 patretur,
276 553 335 591 non
354 533 425 591 adeo
444 534 547 592 efficax
566 536 716 594 voluntatis
737 540 914 613 propositum
934 542 1068 606 noscitur,
1090 559 1122 596 ac
1143 540 1219 599 illius

126 635 177 704 qui
191 652 252 690 rem
265 652 352 708 opere
365 627 543 709 complevit¹,
558 636 606 706 qui
616 646 645 692 et
654 635 857 694 diuturniorem
872 637 948 694 fovet
960 639 1068 713 peccati
1082 656 1217 706 amorem,

125 743 155 787 et
168 731 201 788 fit
221 730 255 786 ad
275 730 449 808 peccandum
470 733 640 808 proclivior:
663 735 770 792 “Mala
789 736 931 793 voluntate
952 736 996 793 vel
1016 735 1107 802 sola,”
1128 737 1219 808 inquit

125 831 318 905 Augustinus,
339 831 489 902 “quisque
509 832 602 891 miser
620 832 751 899 efficitur,
772 833 824 891 sed
846 836 976 892 miserior
995 844 1140 910 potestate,
1164 853 1218 908 qua

126 927 302 986 desiderium
310 929 391 985 male
401 928 551 987 voluntatis
565 925 746 1008 impletur.”²

170 1031 221 1083 41.
241 1026 297 1084 Ec
316 1026 428 1105 objecto
443 1028 519 1099 quod
533 1039 609 1088 actus
630 1031 739 1106 attingit
759 1031 844 1090 modo
864 1032 968 1109 regulae
986 1051 1096 1090 momm
1117 1050 1219 1090 conve·

127 1128 234 1191 niente,
248 1126 293 1183 rel
307 1136 491 1203 repugnante,
504 1128 613 1185 bonitas
626 1128 671 1185 vel
686 1130 790 1187 malitia
802 1142 880 1188 actus
893 1131 1034 1207 imprimis
1054 1130 1218 1187 desumitur.

129 1226 280 1301 Objcctum
288 1224 453 1304 physicum
467 1226 605 1284 amorali
615 1227 843 1304 distinguendum
854 1239 907 1297 est,
917 1249 982 1287 nam
997 1228 1072 1301 quod
1086 1228 1162 1287 idem
1176 1235 1221 1286 est

127 1324 260 1399 physice,
274 1342 353 1400 saepe
366 1333 410 1381 est
421 1324 563 1383 diversum
576 1326 675 1384 morali
687 1337 827 1403 respectu.
849 1328 961 1386 Eadem
971 1328 1077 1384 semina
1090 1346 1107 1382 a
1119 1328 1219 1384 marito

125 1422 240 1489 dilecta,
253 1433 283 1478 ct
295 1424 330 1480 ab
342 1423 445 1489 alieno,
459 1433 503 1480 est
515 1425 656 1501 objectum
670 1424 812 1484 diversum
833 1427 948 1494 morale,
962 1426 1088 1502 conjugii
1100 1436 1129 1482 et
1142 1425 1219 1483 adul·

127 1523 201 1579 terii.
244 1521 384 1579 Primana
396 1524 508 1597 species
522 1524 635 1581 moralis
645 1525 679 1580 ab
692 1526 803 1601 objecto
822 1526 988 1591 desumitur,
1003 1525 1126 1601 primum
1140 1525 1219 1582 enim

125 1622 250 1677 occurrit
262 1622 351 1678 menti
365 1621 501 1679 moralem
520 1623 583 1698 ejus
602 1632 729 1681 naturam
748 1624 946 1682 consideranti.
989 1624 1039 1680 Sic
1060 1623 1220 1697 eleemosy-

126 1738 229 1776 narum
241 1718 353 1795 largitio
365 1720 563 1778 misericordia
577 1739 644 1795 erga
656 1721 830 1798 indigentem
852 1724 1018 1780 exercitium
1033 1721 1124 1797 primb
1138 1721 1221 1778 offert

125 1816 385 1874 considerandum:
406 1817 509 1876 furtum
522 1820 563 1876 rei
577 1820 675 1876 alienae
688 1820 822 1895 injustam
846 1821 1014 1877 ablationem
1026 1812 1115 1875 menti
1127 1820 1221 1875 statim

124 1916 240 1991 objicit,
254 1925 286 1971 ut
292 1917 375 1992 juxta
385 1935 494 1974 morum
507 1918 602 1994 legem
615 1915 650 1972 de
664 1936 698 1973 ca
706 1916 856 1992 judicetur.
899 1918 944 1974 De
965 1917 1099 1974 Israelitis
1114 1915 1147 1972 ad
1162 1915 1221 1973 ido·

125 2014 222 2071 lorum
235 2014 341 2071 cultum
356 2013 478 2092 delapsis
491 2015 559 2074 dicit
579 2014 672 2073 Osee:
696 2025 715 2050 “
724 2015 790 2073 sacti
809 2025 875 2073 sunt
887 2014 1087 2074 abominabiles
1101 2015 1174 2072 sicut
1186 2033 1221 2073 ea

128 2130 193 2184 quae
206 2107 416 2169 dilexemnt.”⁴

168 2215 219 2267 42.
240 2210 363 2288 Exfine
376 2223 454 2270 actus
466 2213 576 2271 bouitas
589 2213 635 2270 vel
653 2213 760 2271 malitia
782 2215 868 2272 etiam
886 2215 1097 2273 determinatur.
1139 2211 1220 2268 Finis

131 2309 313 2367 intrinsecus
328 2310 374 2366 ille
388 2320 432 2368 est
444 2310 479 2367 ad
492 2330 577 2384 quem
590 2322 668 2369 actus
682 2331 733 2368 sua
746 2321 843 2369 natura
857 2313 960 2370 tendit:
983 2331 1017 2368 v:
1033 2330 1067 2386 g:
1083 2309 1220 2367 eleemos·

131 2425 198 2481 §nar
230 2406 264 2464 ad
285 2410 417 2484 pauperis
438 2409 585 2477 levamen:
611 2410 708 2485 legum
730 2410 797 2467 latio
824 2410 859 2467 ad
884 2410 1044 2487 reipublice
1070 2407 1219 2466 ordinem:

131 2504 196 2561 linis
208 2507 396 2564 extrinsecus
409 2517 453 2564 est
464 2526 550 2580 quem
563 2526 650 2584 agens
663 2509 717 2565 sibi
730 2510 878 2585 proponit:
900 2529 934 2566 v:
949 2529 984 2585 g:
1000 2520 1030 2565 ut
1041 2507 1164 2572 laudem,
1174 2507 1221 2563 vel

130 2603 298 2678 popularem
311 2624 407 2664 auram
420 2615 521 2681 captet.
548 2607 637 2665 Actus
650 2625 702 2683 per
713 2625 745 2664 sc
759 2606 849 2664 malus
862 2626 1018 2680 numquam
1031 2614 1124 2682 potest
1136 2606 1221 2662 insito

130 2701 181 2757 sibi
200 2703 271 2760 sitio
291 2704 394 2779 privari
413 2722 451 2760 ex
471 2706 578 2780 agentis
598 2705 761 2772 intentione,
783 2704 958 2780 proindeque
980 2702 1160 2760 mendacium
1186 2700 1221 2757 ad

130 2799 213 2857 citam
227 2800 344 2858 alterius
353 2800 520 2859 servandam
530 2811 676 2878 peccatum
686 2813 747 2858 est:
762 2811 942 2878 quapropter,
953 2802 1045 2873 inquit
1054 2799 1220 2874 Apostolus,

130 2905 148 2931 ‘⁶
158 2915 215 2954 non
229 2897 319 2976 (sicut
329 2899 567 2976 blasphemamur,
581 2910 609 2956 et
621 2901 694 2956 sicut
706 2901 783 2956 aiunt
801 2899 916 2971 quidam
935 2917 988 2956 nos
1008 2893 1123 2974 dicere,)
1138 2896 1221 2954 sacia·

130 3012 191 3051 mus
204 2997 292 3064 mala,
306 3006 338 3054 ut
351 2999 462 3071 veniapt
473 2998 571 3056 bona:
587 3016 707 3069 quorum
720 2996 862 3055 damnatio
871 2999 949 3074 justa
965 2992 1056 3053 est'’⁴
1097 2995 1220 3053 Pulchre

130 3094 323 3167 Augustinus:
346 3082 495 3161 “Interest
507 3096 621 3168 quidem
636 3096 798 3171 plurimum,
813 3114 869 3167 qua
888 3115 982 3162 causa,
1003 3113 1061 3167 quo
1080 3095 1148 3160 fine,
1163 3112 1220 3166 qua

130 3190 285 3250 intentione
305 3193 373 3265 quid
393 3195 455 3252 fiat:
476 3194 528 3252 sed
547 3214 581 3251 ea
603 3213 665 3266 quae
687 3203 796 3251 constat
814 3212 878 3250 esse
897 3202 1022 3268 peccata,
1043 3190 1120 3248 nullo
1140 3193 1221 3247 bonoe

132 3306 220 3344 causae
235 3293 361 3359 obtentu,
384 3293 462 3370 nullo
484 3293 565 3366 quasi
584 3293 660 3348 bono
685 3292 752 3356 fine,
773 3290 850 3345 nulla
869 3291 945 3346 velut
968 3290 1042 3345 bona
1067 3289 1221 3344 intentione

132 3383 260 3444 facienda
281 3385 395 3447 sunt’'⁵
435 3391 520 3457 Quod
539 3399 633 3447 autem
653 3388 816 3445 obstetrices
837 3387 1019 3464 AEgyptiacac
1040 3387 1222 3463 prtemiuma

134 3483 194 3541 Deo
207 3490 378 3565 acceperint,
391 3488 458 3547 licet
470 3488 617 3546 mendacio
631 3505 734 3562 pueros
747 3487 928 3553 servaverint,
939 3487 1056 3563 contigit
1065 3487 1101 3544 ob
1114 3486 1222 3543 miseri·

133 3583 255 3645 cordiam
268 3606 355 3660 quam
368 3588 563 3656 exhibuerunt,
578 3605 641 3660 que
654 3586 771 3661 premio
784 3585 837 3644 luit
855 3585 956 3663 digna:
977 3585 1029 3642 sed
1041 3585 1222 3643 mendacium

166 3783 210 3848 (1)
230 3791 244 3815 ‘⁴
253 3783 394 3850 Generally,
405 3802 421 3835 a
437 3785 523 3847 denigo
543 3793 568 3834 to
580 3791 714 3847 transgress
726 3783 747 3833 is
758 3790 802 3834 not
814 3799 841 3833 so
853 3785 956 3846 flagrant
967 3799 999 3833 an
1011 3783 1132 3847 enormity
1145 3799 1172 3832 aa
1183 3782 1223 3830 tbs

135 3870 210 3919 muel
222 3871 412 3934 completiones
423 3871 476 3923 tha:
486 3871 580 3933 design.
615 3870 665 3920 For
676 3871 731 3930 evil,
743 3869 785 3919 the
804 3886 889 3919 nearer
909 3886 946 3918 we
964 3868 1086 3933 approach
1106 3868 1133 3926 it,
1144 3867 1165 3915 is
1184 3865 1225 3916 the

135 3968 197 4002 more
205 3953 368 4015 ‹lissgreeablc
376 3952 565 4017 sudshoffliug:
577 3971 605 4004 so
614 3954 666 4004 that
676 3956 696 4004 it
705 3954 812 4019 requires
823 3969 890 4005 more
901 3953 1026 4014 obstinacy
1037 3952 1063 4000 in
1072 3950 1224 4000 wiclednces

136 4045 158 4085 tc
168 4047 309 4102 perpetuata
320 4055 351 4088 an
364 4038 484 4090 unlawsul
496 4040 584 4102 action,
604 4039 665 4090 than
684 4039 765 4104 barely
786 4046 812 4088 to
832 4036 952 4087 entertain
969 4034 1010 4085 the
1020 4035 1126 4099 thought
1137 4037 1166 4086 of
1180 4034 1222 4086 it.”

137 4121 281 4174 Blaclistons
293 4127 309 4175 l.
322 4125 354 4177 iv.
368 4142 393 4175 n.
408 4129 447 4175 15.

169 4211 211 4274 (2)
231 4207 262 4258 1..
275 4210 327 4259 xiii.
341 4209 372 4259 ‹le
383 4209 504 4264 Trinilalc
515 4227 536 4262 c.
548 4227 572 4262 v,
738 4206 782 4273 (³)
802 4207 866 4256 Osee
877 4207 910 4258 ix.
923 4204 961 4254 lc·
1159 4264 1173 4291 ι

169 4293 210 4361 (t)
231 4293 345 4344 Romiii.
359 4298 383 4346 8.
741 4293 783 4358 (5)
801 4289 1190 4350 L.contmmsnuaeium,n.1s.

1295 4312 1302 4343 l
