2744 4980
698 170 716 203 ὲ

311 437 368 496 ΒΕ
389 435 599 497 peccaris
620 437 909 500 Gaetulusue.
1097 447 1155 502 ³15

56 601 161 659 veteris
174 601 247 678 legis
260 599 403 678 redarguit
414 601 522 661 lsaias:
545 611 565 640 ‘⁸
576 601 707 663 saeesdos
720 612 748 660 et
769 603 910 681 propheta
922 607 1085 664 nescierunt
1096 626 1154 684 pree

55 700 202 766 ebrietate,
225 699 349 776 absorpb'
369 710 471 759 sunta
492 701 570 769 rino,
595 711 758 760 erraverunt
777 702 807 759 in
829 704 972 772 ebrietate,
993 705 1157 767 nescierunt

55 797 211 865 ridentem,
225 799 425 875 ignoraverunt
432 792 623 876 judicium.”¹
664 800 819 877 Apostolus
840 803 946 879 sepius
969 814 1068 863 mouet
1080 806 1155 881 epis·
1252 852 1264 871 .

55 915 162 972 copum
187 903 273 954 “uon
293 889 506 956 vinolentum”¹
523 916 590 957 esse
612 899 724 967 debere,
747 897 884 960 diaconos
906 901 1037 960 similiter
1067 910 1154 963 “uon

56 995 147 1053 multo
155 995 224 1054 vino
232 990 392 1053 deditos.''⁸
411 996 556 1070 Equidem
568 997 733 1065 Timotheo,
745 997 864 1058 infirme
876 999 1046 1059 valetudinis
1056 1019 1153 1069 causa,

54 1094 183 1169 injunxit
194 1104 225 1150 ut
243 1094 309 1151 vino
322 1092 437 1154 modico
451 1104 583 1164 uteretur,
598 1096 765 1154 abstinentia
780 1116 866 1170 quam
880 1099 1009 1157 servabat
1028 1100 1155 1174 aliquan·

57 1190 147 1248 tulum
161 1193 296 1249 remissa:
320 1193 421 1251 “Noli
444 1193 537 1251 adbuc
559 1213 662 1267 aquam
675 1195 782 1264 bibere,
796 1196 848 1254 sed
867 1196 981 1255 modico
995 1198 1062 1256 rino
1074 1209 1179 1258 utere.
1287 1240 1294 1255 .
1356 1179 1359 1187 ¹

55 1301 174 1366 propter
186 1289 364 1349 stomachum
379 1302 469 1360 tuum,
481 1293 680 1366 etfrequentes
691 1303 752 1350 tuas
762 1291 989 1352 infirmitates.’'⁴
1009 1293 1154 1355 Ceterum

56 1389 216 1464 perieulum
229 1406 315 1447 omne
328 1408 466 1449 excessus
479 1390 578 1450 sedulo
598 1391 755 1450 cavendum
776 1402 834 1449 est:
856 1400 876 1428 ‘⁶
888 1393 1042 1452 Ebrietas”
1063 1395 1156 1466 inquit

55 1486 89 1544 S.
101 1486 205 1545 Petrus
217 1484 430 1565 chrysologus,
445 1498 464 1526 ‘⁶
475 1499 520 1547 est
531 1488 644 1548 demon
656 1487 787 1557 blandus,
801 1509 943 1549 vencnum
955 1490 1048 1557 dulos,
1062 1493 1154 1551 rabies

55 1584 222 1652 voluntaria,
246 1586 379 1646 invitatus
403 1587 506 1655 hostis,
520 1588 652 1647 illecebra
673 1587 840 1656 honestatis,
854 1598 884 1647 ct
901 1589 1018 1665 pudoris
1032 1591 1151 1668 injuria:

56 1683 131 1742 banc
145 1684 239 1742 nullus
250 1687 362 1744 noverit
374 1685 557 1746 Christianus
569 1706 577 1755 ;
598 1706 635 1746 us
648 1686 744 1745 auditu
758 1686 876 1759 quidem
883 1687 1016 1745 sacerdos
1029 1689 1154 1765 attingat,

55 1799 93 1838 ne
116 1782 167 1854 qui
189 1793 234 1840 est
253 1784 344 1843 forma
366 1786 511 1854 virtutum,
535 1787 667 1844 vitiorum
686 1784 752 1843 inde
765 1785 814 1842 liat
833 1794 863 1844 et
876 1786 1036 1844 inveniatur
1054 1805 1152 1845 exem·

56 1874 187 1956 plum.‘’⁵
227 1883 387 1941 “Ebrietas
407 1886 437 1943 in
457 1884 512 1942 alio
526 1886 634 1943 crimen
650 1893 703 1951 est,
718 1883 748 1942 in
761 1883 908 1942 sacerdote
920 1878 1153 1960 sacrilegium.“⁶

57 1987 76 2014 ‘⁶
89 1978 260 2052 Numquam
272 1981 360 2059 ego,”
373 1983 469 2056 'inquit
491 1983 699 2059 Hieronymus,
715 1982 852 2041 “ebrium
866 1990 976 2040 castum
997 1975 1152 2059 putabo.’‘⁷

58 2086 76 2112 “
88 2079 116 2137 A
129 2079 246 2156 crapula
262 2092 291 2138 et
309 2081 473 2150 ebrietate,'’
494 2082 590 2140 statuit
606 2081 760 2139 concilium
783 2080 974 2138 Lateranense
987 2081 1041 2139 sub
1064 2080 1152 2139 Inno-

56 2177 154 2235 centio
176 2177 242 2246 ΙΙΙ.,
264 2189 395 2237 “omnes
409 2181 503 2239 clerici
519 2180 668 2257 diligenter
686 2179 861 2246 abstineant3
884 2176 960 2237 unda
984 2179 1082 2237 viuum
1097 2178 1153 2235 sibi

57 2285 226 2352 temperent,
241 2287 269 2335 et
289 2297 321 2335 se
342 2279 427 2346 vino;
454 2298 507 2337 nec
530 2276 565 2336 ad
587 2276 741 2335 bibendum
762 2278 907 2354 quispiam
929 2277 1073 2344 incitetur,
1088 2293 1156 2334 cum

58 2375 178 2432 ebrietas
197 2386 235 2436 ‚et
259 2377 362 2435 mentis
391 2376 506 2434 inducat
529 2375 659 2441 exilium,
685 2384 714 2431 et
738 2365 865 2432 libidinis
891 2382 1027 2451 provocet
1053 2374 1152 2433 iucen-

61 2465 202 2533 divum-”⁸
1073 2480 1076 2485 ·

97 2574 147 2628 83.
171 2570 255 2628 Gula
269 2569 425 2628 remedium
440 2571 616 2646 precipuum
629 2569 659 2626 in
672 2567 769 2627 studio
790 2571 984 2648 temperantiae
1003 2571 1156 2631 iuvenitur.

59 2656 105 2725 Ad
117 2686 182 2727 eam
195 2669 322 2726 hortatur
341 2668 580 2726 Ecclesiasticus:
603 2675 720 2743 “supra
742 2686 872 2728 mensam
892 2687 1024 2745 magnam
1038 2670 1155 2728 sedisti!

60 2766 130 2825 Non
143 2767 254 2842 aperias
267 2784 354 2842 super
374 2767 451 2825 illam
471 2767 582 2825 faucem
602 2773 679 2823 tuam
701 2767 830 2840 prior...
844 2764 958 2823 .Oessa
976 2768 1054 2842 prior
1073 2785 1158 2824 causa

59 2863 236 2941 discipline:
258 2876 287 2921 et
308 2864 368 2921 noli
391 2864 496 2922 nimius
518 2882 594 2930 esse,
608 2881 645 2920 ne
659 2863 730 2920 sorte
744 2862 883 2923 offendas.
926 2863 1002 2922 Etsi
1015 2865 1046 2923 in
1059 2863 1156 2922 medio

59 2964 213 3021 multorum
235 2962 342 3030 sedisti,
366 2963 444 3039 prior
465 2963 520 3020 illis
542 2980 580 3020 ne
602 2960 739 3019 extendas
761 2981 877 3021 manum
897 2972 984 3029 tuam,
1006 2981 1058 3020 nec
1081 2962 1158 3038 prior

60 3080 163 3137 poscas
183 3051 327 3118 bibere.’'⁸
367 3060 512 3134 Equidem
531 3062 650 3138 ebriosis
669 3060 719 3117 vix
741 3061 830 3119 ullum
852 3059 977 3139 proderit
988 3059 1156 3126 remedium,

59 3162 117 3218 uisi
130 3160 166 3217 ab
180 3161 258 3216 omni
272 3158 350 3232 quod
363 3160 502 3218 inebriare
515 3160 616 3235 possit,
631 3177 663 3216 se
677 3160 789 3235 penitus
798 3160 972 3225 abstineant,
994 3168 1069 3217 tanta
1081 3159 1158 3216 enim

59 3259 231 3336 plerumque
245 3268 291 3315 est
302 3257 515 3316 consuetudinis
529 3277 621 3334 prave
636 3258 689 3323 vis,
703 3267 734 3318 ut
742 3267 870 3333 gustatus
884 3255 973 3314 semel
987 3256 1082 3327 liquor
1094 3274 1159 3331 pro·

59 3359 187 3434 positum
207 3358 365 3415 sobrietatis
385 3365 506 3415 evertat:
529 3355 606 3428 quod
626 3355 661 3412 de
675 3355 710 3412 iis
724 3355 773 3427 qui
787 3365 903 3413 utuntur
915 3353 1072 3426 liquoribus
1086 3371 1158 3425 quos

59 3467 164 3514 uocant
177 3455 316 3514 ardentes
330 3456 486 3531 presertim
500 3473 597 3513 verum
612 3462 664 3510 est.
693 3452 792 3510 Liceat
804 3472 869 3512 cum
883 3438 1077 3528 Hieronymo,
1092 3470 1156 3509 eam

59 3573 124 3627 quse
149 3554 298 3613 Nazaraeia
324 3556 452 3631 injuncta
476 3564 519 3610 est
554 3552 752 3610 abstinentiam
778 3549 1010 3618 commendante,
1043 3550 1156 3608 dicere:

61 3651 178 3711 “Dicat
200 3655 323 3726 quisque
344 3651 421 3727 quod
443 3652 529 3718 volet,
549 3670 603 3728 ego
622 3651 723 3724 loquor
743 3652 945 3709 conscientiam
966 3668 1078 3715 meam;
1099 3649 1160 3706 scio

202 3888 242 3953 (i)
256 3888 325 3936 lraioe
338 3887 421 3937 xxviii.
434 3893 459 3936 7.
661 3883 704 3950 (9)
724 3883 815 3933 lu'im.
830 3884 863 3932 iii.
872 3881 896 3932 ³.
913 3882 963 3932 'rit
976 3882 991 3929 i.
1004 3886 1029 3930 7.

200 3972 243 4038 (3)
260 3975 270 4022 l
284 3972 350 4023 Tim.
364 3972 396 4021 ii'a
409 3977 434 4020 8.
666 3970 705 4033 (t)
723 3968 826 4025 Ibidem,
838 3982 859 4013 v·
871 3965 914 4016 23.

200 4060 243 4123 (5)
257 4058 336 4107 Serra.
348 4057 414 4107 xxvi.
660 4055 703 4118 (6)
723 4052 823 4108 ibidem,
841 4050 926 4100 xxxvi.

199 4149 237 4202 (7)
258 4143 285 4191 [ιι
298 4159 318 4192 c.
332 4141 397 4205 isp.
410 4142 440 4190 ad
452 4130 549 4190 Titum.

201 4225 246 4291 (8)
262 4227 325 4289 Gap.
362 4227 384 4274 A
397 4223 511 4291 crapula,
523 4235 597 4273 satra.
608 4221 639 4271 de
651 4221 699 4270 rita
709 4228 734 4269 ot
743 4219 868 4268 honestate
880 4218 1029 4268 clericorum.

202 4315 244 4379 (9)
260 4314 330 4363 Eccl.
340 4313 410 4365 xxxi.
429 4311 466 4371 12,
479 4309 518 4360 20.
