2744 4980
189 394 250 450 400
609 385 666 444 DE
687 383 867 443 CIVIBUS.

187 560 237 634 jus
249 554 412 620 dicendum,
427 553 471 610 vel
485 551 609 611 adalind
623 571 727 612 munus
741 551 897 629 publicum,
912 561 1031 626 peccant
1046 549 1178 627 indignis
1192 549 1293 607 suffra·

191 655 296 734 gando,
319 673 356 712 ex
382 654 503 728 partium
529 651 634 720 studio,
655 653 700 710 vel
725 651 829 729 dignos
851 649 1017 727 rejiciendo.
1068 649 1291 727 Legumlatores

195 754 338 812 Catholici
348 771 407 812 non
416 752 522 810 debent
531 751 592 809 suis
605 750 749 828 suffragiis
762 751 879 827 probare
890 748 1030 823 quidquid
1039 748 1179 808 doctrinm
1193 747 1293 807 Eccle-

192 854 242 912 sia
262 853 444 910 adversatur:
466 869 503 907 v:
524 869 562 927 g:
583 850 660 923 quod
681 849 834 908 divortium
854 869 872 906 a
891 848 1006 907 vinculo
1019 848 1199 907 matrimonii
1213 847 1293 905 detur

191 952 228 1009 ob
241 951 421 1017 adulterium,
435 950 481 1007 vel
493 968 608 1007 causam
622 949 725 1007 aliam:
747 967 801 1006 nec
823 948 948 1008 haereses
971 948 1103 1025 probare,
1126 947 1175 1004 vel
1199 945 1293 1027 indis·

181 1047 412 1130 sererrtismum,
426 1049 472 1106 vel
491 1047 687 1106 haereticorum
706 1066 869 1124 praeconum
888 1057 1054 1123 usurpatum
1075 1047 1291 1105 ministerium:

192 1157 325 1207 cortermn
348 1147 480 1224 culpandi
502 1165 560 1206 non
583 1156 649 1204 sunt
667 1145 744 1220 quod
769 1146 881 1223 legibus
901 1145 1025 1204 ferendis
1051 1164 1135 1202 suam
1156 1155 1294 1221 praestant

192 1266 321 1324 operam,
336 1249 440 1322 quibus
453 1248 559 1306 civium
573 1247 703 1305 omnium
711 1247 778 1322 jura
785 1247 870 1321 juxta
884 1244 1128 1305 Constitutionem
1145 1242 1296 1304 vindicen-

194 1357 247 1404 lut.

489 1607 504 1679 §
518 1605 573 1664 111.
617 1606 665 1664 Dn
679 1624 796 1665 orvrnus
811 1623 979 1665 unrvnnsrs.

238 1819 305 1873 156.
326 1815 409 1873 Licet
431 1815 540 1872 civibus
559 1833 594 1873 ea
612 1817 709 1874 omnia
729 1833 863 1873 exercere
875 1816 1024 1892 privilegia
1037 1835 1103 1889 quae
1117 1817 1162 1874 eis
1177 1834 1217 1875 ex
1231 1834 1298 1874 con·

197 1915 341 1972 stitutione
364 1924 549 1989 competunt:
571 1914 623 1973 sed
641 1913 712 1972 ordo
734 1913 889 1972 servandus
913 1923 965 1981 est,
989 1925 1018 1972 et
1039 1914 1191 1973 charitatis
1215 1916 1297 1992 leges

194 2011 271 2071 haud
284 2012 472 2090 negligenda.
514 2012 548 2071 ln
567 2011 725 2089 deligendis
749 2013 962 2089 magistratibus
984 2014 1092 2072 utilitas
1106 2014 1228 2090 publica
1241 2032 1300 2089 prm

195 2112 285 2171 oculis
299 2110 428 2170 habenda
440 2122 495 2179 est,
509 2122 539 2170 et
551 2110 687 2188 suffragia
698 2110 792 2171 danda
812 2130 864 2187 pro
877 2113 989 2179 merito,
1003 2112 1075 2171 adeo
1093 2115 1193 2187 utqui
1207 2113 1301 2188 magis

196 2208 317 2269 idoneus
330 2219 358 2269 et
366 2211 444 2269 utilis
457 2209 569 2271 videtur
581 2209 754 2287 preferatur.
797 2209 843 2268 De
856 2210 892 2268 iis
906 2213 958 2284 qui
968 2229 1087 2269 munere
1101 2212 1223 2287 publico
1237 2211 1301 2269 fun·

196 2320 311 2386 guntur,
326 2328 384 2368 non
398 2319 503 2367 temere
525 2310 605 2382 loqui
628 2309 718 2376 decet,
733 2328 788 2367 nec
807 2309 932 2386 maligne
952 2328 1051 2368 eorum
1065 2329 1113 2369 res
1126 2321 1227 2386 gestas
1240 2329 1301 2368 car·

196 2425 265 2483 pere
276 2426 284 2473 ;
306 2409 437 2480 quamvis
450 2407 534 2465 liceat
546 2427 595 2466 eas
608 2409 739 2475 seruari,
759 2408 833 2467 etde
847 2408 883 2466 iis
897 2409 1010 2485 publice
1023 2409 1102 2481 loqui
1115 2419 1144 2464 et
1157 2410 1300 2474 scribere,

197 2515 336 2577 quatenus
350 2504 428 2580 leges
449 2507 624 2580 permittunt,
637 2516 669 2564 ut
688 2515 765 2563 recte
785 2506 821 2564 de
835 2507 871 2563 iis
886 2507 1040 2583 judicetur,
1054 2516 1083 2564 et
1095 2507 1212 2564 utilitati
1227 2508 1300 2582 pub·

196 2603 257 2660 licre
272 2603 467 2679 prospiciatur.
510 2603 696 2660 Obseruantia
717 2615 811 2662 autern
825 2603 948 2675 quadam
968 2604 1079 2662 colendi
1100 2615 1169 2663 sunt
1194 2608 1301 2680 magis·

197 2711 296 2768 tratus,
314 2701 421 2758 ratione
434 2702 560 2758 muneris
574 2700 650 2773 quod
664 2696 789 2777 gerunt¹
830 2701 924 2780 Leges
946 2712 1043 2760 sancte
1056 2703 1205 2761 servandae
1221 2715 1300 2769 sunt,

199 2818 254 2858 nec
268 2798 336 2871 quid
350 2799 513 2858 tentandum
528 2799 706 2876 singulorum
721 2800 833 2859 arbitrio
844 2811 941 2859 contra
950 2801 1047 2878 legum
1060 2804 1273 2860 auctoritatem.

242 2902 308 2958 157.
331 2899 465 2965 Peccant,
481 2899 575 2974 igitur,
586 2909 682 2955 contra
694 2899 800 2956 bonum
815 2899 971 2975 publicum,
986 2901 1036 2972 qui
1049 2902 1184 2977 pecunia,
1198 2902 1301 2977 gratia,

196 2994 274 3064 odio,
295 2997 412 3054 utilitate
432 2998 541 3074 privata
562 2995 638 3053 ducti
665 2996 800 3073 suffragia
819 2997 944 3074 indignis
967 2998 1126 3056 conserunt.
1170 2999 1302 3057 Peccant

198 3105 297 3153 contra
319 3096 485 3153 charitatem
508 3105 537 3152 et
552 3095 693 3173 justitiam
717 3097 766 3169 qui
786 3097 898 3155 occulta
917 3097 1077 3169 aliquorum
1096 3096 1210 3164 delicta,
1233 3117 1303 3170 quae

199 3194 262 3253 aliis
276 3212 333 3251 non
357 3204 468 3261 nocent,
482 3194 603 3269 publicis
616 3193 693 3252 loliis
715 3196 890 3264 annuntiant,
905 3196 951 3253 vel
964 3197 1149 3254 concionibus
1164 3198 1238 3265 suis,
1254 3197 1304 3253 vel

199 3293 362 3366 colloquiis,
376 3304 407 3350 ut
419 3313 469 3350 eos
489 3310 636 3351 amunere
652 3292 747 3367 aliquo
770 3294 916 3369 repellant.
959 3295 1015 3353 Rei
1034 3296 1138 3374 pariter
1158 3305 1229 3353 sunt
1250 3295 1304 3368 qui

198 3403 296 3452 contra
316 3394 497 3451 conscientiae
518 3411 577 3451 suae
595 3391 739 3470 judicium
760 3394 975 3469 magistratuum
999 3406 1061 3452 acta
1073 3405 1205 3473 carpunt,
1216 3408 1249 3453 ut
1263 3395 1303 3451 iis

199 3491 327 3550 conflent
352 3491 499 3550 invidiam.
552 3490 612 3550 Sed
634 3492 801 3568 gravissime
827 3512 947 3568 peccare
970 3492 1106 3552 censendi
1133 3504 1211 3562 sunt,
1233 3495 1299 3567 qni,

198 3590 297 3666 legum
311 3600 406 3665 spreta
419 3592 592 3658 auctoritate,
607 3609 773 3666 supremum
784 3593 891 3650 vitreae
905 3594 1005 3652 mortis
1015 3594 1064 3670 jus
1078 3593 1131 3650 sibi
1144 3605 1302 3670 usurpant,

200 3688 279 3747 nulla
292 3687 450 3763 praemissa,
465 3687 510 3745 vel
523 3689 600 3746 inani
609 3687 712 3763 judicii
725 3689 825 3748 forma.

241 3791 309 3844 158.
331 3786 433 3844 Patriae
447 3796 476 3842 et
488 3787 651 3844 concivium
668 3787 802 3844 utilitates
823 3790 951 3847 maxime
965 3791 1124 3864 quaerendte
1137 3799 1215 3856 sunt,
1230 3808 1303 3848 nam

200 3893 297 3962 “post
310 3885 404 3942 Deum
419 3895 463 3941 est
476 3886 563 3945 homo
573 3884 698 3944 maxime
711 3885 821 3945 debitor
834 3889 999 3962 parentibus
1013 3899 1041 3948 et
1064 3888 1158 3966 patrive
1161 3929 1248 3946 .....
1265 3888 1304 3947 In

199 3985 275 4042 cultu
293 3994 385 4042 antem
397 3986 494 4060 patriae
514 3986 678 4061 intelligitur
691 3986 782 4043 cultus
795 3989 924 4045 omnium
938 3989 1108 4056 concivium,
1123 3998 1151 4044 et
1163 3988 1302 4046 omnium

535 4203 577 4266 (l)
591 4205 614 4250 2.
627 4205 650 4251 2.
662 4217 702 4264 qu.
715 4200 751 4250 cii.
764 4209 807 4251 art.
820 4203 843 4252 ii.
874 4203 948 4270 Κεφ.
