2744 4980
186 411 225 467 28
267 406 324 465 DE
345 405 528 467 ncTUUM
550 407 832 466 HUMANORUM
852 407 1013 466 MORALI
1034 408 1198 469 SPECIE.

188 558 316 645 &amris
341 570 414 638 leve,
441 582 586 647 peceatum
609 572 677 628 tuit:
699 569 932 636 “Obstetrioes,’'
960 572 1052 644 inquit
1076 573 1108 630 S.
1136 574 1283 639 Thomas,

189 669 1285 747 ‘⁶habueruntbonamvoluntatemqnantumadliberationempuerorum3non

189 781 282 826 tamen
296 769 348 825 suit
360 788 456 826 earum
477 780 553 826 recta
566 769 694 826 voluntas
717 777 852 841 quantum
872 768 906 825 ad
929 769 994 836 hoc,
1009 769 1087 841 quod
1099 771 1284 829 mendacium

188 862 413 925 confixerunt.”¹
454 871 491 925 At
504 870 667 943 contingere
681 875 779 943 posset
789 876 822 923 ut
833 869 898 939 quis
912 878 990 924 actus
1010 867 1145 926 malitiam
1166 871 1195 926 in
1217 888 1284 945 spe·

189 967 305 1023 cialibus
319 985 411 1024 rerum
427 967 565 1044 adjunctis
578 985 635 1024 non
649 967 815 1042 perciperet,
825 965 944 1038 ideoque
953 985 990 1023 ex
1003 968 1077 1025 bona
1089 987 1146 1040 qua
1158 970 1216 1044 egit
1227 967 1283 1025 lide

190 1075 380 1122 excusaretur.
491 1042 496 1052 ’

231 1169 280 1220 43.
302 1164 411 1222 Pravus
424 1165 490 1222 finis
503 1166 622 1222 omnino
642 1165 721 1221 vitiat
740 1174 843 1230 actum,
865 1182 953 1235 quum
966 1164 1060 1222 cordis
1073 1166 1196 1223 consilia
1216 1164 1285 1222 Deo

190 1272 312 1339 pateant,
336 1274 364 1318 et
386 1266 528 1339 praecipue
549 1262 733 1328 attendantur,
754 1272 851 1337 utpote
875 1264 1019 1321 actionum
1039 1266 1129 1340 origo.
1171 1263 1285 1321 “Cum

191 1362 292 1432 aliquis
306 1361 366 1418 vult
378 1361 443 1418 dare
457 1361 670 1437 eleemosynam
683 1371 799 1438 propter
811 1363 926 1419 inanem
947 1363 1075 1437 gloriam,
1089 1363 1136 1421 hic
1150 1373 1194 1419 est
1207 1381 1284 1420 unus

191 1470 269 1518 actus
283 1459 445 1526 voluntatis,
466 1471 494 1518 et
513 1461 561 1519 hie
576 1472 653 1518 actus
674 1470 747 1518 totus
767 1471 810 1517 est
826 1461 926 1528 malus,
946 1461 1014 1519 licet
1026 1481 1084 1519 non
1105 1463 1139 1519 ab
1152 1464 1235 1520 omni
1249 1480 1284 1518 eo

191 1559 268 1631 quod
281 1561 310 1617 in
324 1577 359 1616 eo
373 1570 416 1615 est
429 1561 563 1618 malitiam
577 1554 709 1617 habet.”²
747 1560 827 1617 Hine
841 1559 936 1618 officia
956 1562 1136 1618 humanitatis
1150 1571 1178 1617 et
1190 1562 1286 1618 chari·

189 1660 253 1716 tatis
267 1657 367 1734 puellae
382 1661 514 1733 praestita,
528 1661 600 1717 utin
621 1670 768 1734 peccatum
788 1659 918 1727 trahatur,
933 1661 1012 1717 omni
1032 1670 1128 1718 carent
1140 1662 1244 1718 merito
1258 1672 1286 1717 et

191 1757 283 1823 laude,
298 1770 420 1829 suntque
434 1759 520 1815 veluti
530 1757 705 1816 seductionis
719 1760 905 1815 instrumenta
917 1759 1101 1835 reprobanda.
1126 1758 1197 1823 Quae
1213 1759 1288 1816 fiunt

192 1857 228 1912 ob
246 1858 333 1914 finem
354 1858 478 1923 inanem,
500 1858 568 1929 quin
590 1857 624 1913 ad
644 1858 745 1914 vitium
764 1857 927 1923 reserantur,
951 1878 1008 1916 non
1029 1869 1095 1915 sunt
1114 1858 1287 1932 plerumque

192 1955 265 2011 inter
278 1956 372 2030 gravia
386 1967 502 2031 peccata
515 1955 698 2020 recensenda,
720 1957 850 2027 quamvis
864 1958 973 2015 virtutis
987 1956 1069 2015 laude
1082 1965 1191 2014 vacent.
1235 1956 1286 2014 Sic

193 2055 336 2110 orationes
363 2053 574 2111 Pharisaeorum
600 2055 630 2110 in
656 2055 728 2111 vicis
754 2054 824 2110 susae
851 2056 962 2129 pietatis
985 2055 1158 2113 ostentanda
1185 2056 1287 2129 gratia,

193 2150 396 2226 eleemosyna,
417 2153 482 2208 tuba
504 2153 654 2209 insonante
679 2163 711 2209 ut
735 2154 921 2210 convenirent
942 2172 1091 2230 pauperes,
1118 2153 1286 2219 distributa,

195 2249 304 2321 aliaque
318 2269 406 2326 opera
417 2250 531 2308 laudum
552 2249 686 2327 cupidine
700 2251 805 2315 vitiata,
816 2252 933 2326 praemia
950 2252 1024 2328 apud
1038 2251 1133 2310 Deum
1146 2271 1205 2309 non
1220 2271 1288 2330 pro·

193 2362 365 2414 meruerunt:
380 2369 438 2407 non
453 2360 547 2407 tamen
560 2349 703 2426 supplicia
716 2351 870 2407 interorum
893 2362 1104 2426 provocassent,
1118 2352 1143 2408 si
1157 2353 1288 2426 graviora

194 2444 287 2503 cordis
311 2449 378 2504 vitia
399 2448 547 2505 deessent:
576 2448 688 2505 “Cum
710 2466 777 2523 ergo
799 2448 869 2505 sacis
892 2449 1114 2525 eleemosynam,
1137 2449 1198 2508 noli
1221 2451 1290 2508 tuba

194 2563 294 2601 canere
309 2556 372 2604 ante
386 2556 423 2612 te,
445 2548 519 2604 sicut
540 2545 698 2623 hypocritae
719 2547 828 2605 faciunt
848 2548 877 2604 in
899 2550 1053 2625 synagogis
1075 2559 1102 2604 et
1115 2549 1145 2607 in
1159 2549 1242 2613 vicis,
1255 2557 1290 2605 ut

195 2643 415 2703 honorificentur
428 2646 461 2702 ab
477 2645 650 2703 hominibus.
692 2647 786 2703 Arnen
806 2645 869 2702 dico
890 2648 980 2714 vobis,
1000 2656 1167 2722 receperunt
1179 2663 1287 2704 merce·

195 2741 260 2800 dein
281 2736 409 2802 suam.”3
450 2742 544 2801 Audet
563 2743 656 2802 dicere
678 2744 894 2820 Hieronymus:
921 2747 1115 2820 “martyrium
1135 2746 1240 2820 ipsum,
1262 2745 1288 2801 si

93 2866 98 2877 ·
195 2841 258 2898 ideo
273 2843 320 2900 fiat
333 2853 363 2900 ut
375 2842 551 2900 admirationi
564 2853 592 2899 et
604 2843 679 2901 laudi
693 2843 846 2900 habeamur
866 2862 882 2898 a
902 2843 1042 2910 iratribus,
1057 2843 1157 2901 frustra
1171 2843 1288 2918 sanguis

196 2940 303 2995 effusus
324 2938 413 2997 est.”‘¹
454 2942 566 2998 Monito
587 2943 670 3018 igitur
690 2940 798 2998 Christi
818 2941 945 2999 Domino
962 2940 1186 2998 obaudiendum:
1209 2940 1290 2996 “At-

196 3036 300 3095 tendite
313 3057 349 3095 ne
363 3040 501 3113 justitiam
522 3049 642 3096 vestram
662 3040 767 3096 faciatis
788 3057 883 3097 coram
903 3040 1066 3099 hominibus
1086 3049 1116 3097 ut
1135 3038 1289 3096 videamini

197 3136 230 3190 ab
244 3136 301 3191 eis:
323 3136 448 3208 alioquin
461 3137 621 3194 mercedem
641 3137 850 3194 nonhabebitis
871 3138 946 3213 apud
966 3136 1080 3197 Patrem
1094 3147 1218 3195 vestrum
1239 3137 1289 3208 qui

196 3236 225 3292 in
239 3234 323 3291 colis
332 3232 422 3292 est.”⁶
462 3235 630 3293 Mundanda
641 3246 685 3293 est
705 3237 808 3293 montis
828 3237 946 3294 intentio
965 3249 996 3294 ut
1013 3256 1100 3313 opera
1113 3246 1208 3293 nostra
1221 3233 1288 3291 Deo

197 3335 253 3391 sint
266 3346 359 3407 grata:
383 3336 445 3392 “Si
458 3336 556 3394 oculus
571 3345 634 3393 tuus
654 3335 737 3394 luerit
756 3336 891 3412 simplex,
906 3347 995 3397 totum
1009 3353 1112 3411 corpus
1127 3346 1204 3393 tuum
1217 3334 1288 3391 luci·

197 3432 264 3488 dum
282 3426 381 3489 erit.’'⁶

237 3533 285 3585 44.
308 3531 462 3586 Primarius
481 3531 546 3587 finis
569 3530 616 3588 illo
642 3541 686 3587 est
705 3550 789 3602 quem
811 3530 874 3603 quis
904 3533 1044 3608 imprimis
1065 3533 1119 3589 sibi
1139 3532 1290 3608 proponit:

198 3627 263 3682 finis
277 3625 457 3682 secundarius
479 3628 630 3699 aliquando
650 3628 765 3695 accedit,
780 3649 836 3701 quo
857 3633 952 3706 operis
966 3632 1043 3688 valor
1062 3632 1206 3699 minuitur,
1221 3629 1291 3703 quin

198 3726 310 3800 penitus
331 3723 449 3781 tollatur.
492 3726 541 3783 Sic
560 3728 697 3803 contingit
717 3729 841 3802 praeconi
861 3729 916 3786 Dei
938 3731 1056 3806 gloriam
1079 3740 1108 3787 et
1128 3730 1288 3787 animarum
1323 3708 1328 3725 ι

198 3825 316 3882 salntem
330 3824 470 3898 imprimis
482 3844 618 3897 quarere,
630 3828 698 3899 quin
708 3827 826 3884 omnino
839 3827 920 3886 sama:
935 3825 1061 3906 cupidini
1072 3829 1289 3887 renuntiaverit:

315 4025 340 4088 1)
361 4027 382 4072 l
395 4025 418 4074 2
428 4039 469 4087 qu
479 4023 543 4073 cxiv.
555 4031 597 4074 art.
611 4024 654 4073 ult.
667 4022 747 4073 (11.2.

314 4111 329 4155 2
355 4107 482 4202 S.'1'hom.
495 4112 519 4156 2.
531 4107 554 4160 d.
566 4109 669 4160 xxxviii.
663 4125 723 4174 ..qu
717 4109 824 4158 ..¹1art
818 4125 850 4157 ιν.
862 4109 927 4158 add.

315 4193 330 4236 3

318 4110 461 4338 ΞΝ
769 4195 811 4259 (4)
825 4194 853 4242 In
865 4210 918 4258 cap
931 4194 996 4260 top
1008 4195 1037 4247 ad
1050 4197 1158 4248 Galatas

300 4025 310 4086 (

301 4109 311 4170 (

302 4191 312 4252 (

250 4302 263 4327 0
303 4275 330 4336 (5
360 4227 497 4324 11111111
770 4280 811 4345 (6)
827 4279 919 4329 Ibidem
931 4280 972 4328 22.
