2744 4980
220 422 279 477 250
637 414 694 474 DE
715 414 862 475 BELLO.

217 602 332 641 causam
345 593 446 660 sponte
460 583 602 658 amplecti,
615 592 645 639 et
656 583 730 640 bello
743 580 808 639 dare
822 597 948 656 operam,
962 579 1018 637 nisi
1031 577 1101 636 illud
1110 580 1225 656 justum
1239 578 1308 636 ride·

219 691 288 739 atur.
331 684 363 741 Si
383 682 488 739 bellum
502 683 539 739 sit
557 682 708 740 manifeste
728 682 876 757 injustum,
890 696 943 735 nec
963 677 1066 735 subditi
1078 696 1133 735 nec
1148 677 1309 752 alienigene

220 791 342 857 possunt
353 781 423 839 illud
442 800 549 857 gerere.
592 781 719 838 Possunt
738 779 854 852 quidem
875 779 953 835 cives
975 786 1003 833 et
1020 776 1127 834 milites
1149 775 1312 851 plerumque

220 898 303 937 suam
314 879 348 938 de
363 881 500 957 injustitia
512 879 579 937 belli
592 879 757 955 opinionem
767 877 920 954 deponere,
931 885 1020 933 coems
1031 875 1140 952 publici
1153 893 1208 931 seu
1218 876 1312 950 princi·

221 979 265 1055 pis
280 979 342 1036 nixi
358 977 486 1055 judicio:
508 978 629 1050 quodsi
650 977 758 1035 veritati
778 995 836 1035 non
857 976 895 1033 sit
913 992 1082 1041 consonum,
1105 974 1312 1031 excusabuntur

221 1075 337 1144 milites,
351 1077 417 1133 licet
429 1087 528 1152 peccet
541 1079 674 1153 princeps
687 1075 712 1131 si
721 1085 826 1134 temere
839 1072 1024 1149 etcopiditate
1034 1073 1203 1149 impellente
1216 1071 1312 1129 bellum

223 1173 334 1232 inserat.
357 1184 376 1209 ‘⁴
392 1175 444 1232 Vir
452 1175 580 1253 justus,''
595 1175 880 1251 inquitAugustinus,
895 1173 952 1228 “si
965 1171 1036 1229 forte
1049 1172 1135 1228 etiem
1149 1172 1205 1228 sub
1220 1187 1313 1247 regest

222 1272 340 1330 homine
359 1274 496 1350 sacrilego
516 1274 626 1341 militet,
648 1283 722 1330 recte
744 1284 847 1349 potest,
868 1272 917 1329 illo
933 1271 1062 1348 jubente,
1082 1270 1202 1337 bellare,
1224 1269 1313 1327 civice

226 1372 306 1446 pacis
320 1371 449 1431 ordinem
463 1391 589 1439 servans,
604 1391 679 1439 cum,
701 1371 778 1443 quod
798 1372 853 1429 sibi
869 1371 986 1447 jubetur
1006 1370 1051 1427 vel
1072 1387 1132 1428 non
1146 1387 1214 1427 esse
1228 1381 1316 1426 contra

226 1467 283 1526 Dei
296 1478 468 1545 preceptum
483 1481 590 1529 certum
611 1481 664 1536 est,
677 1471 724 1528 vel
744 1481 838 1528 utrum
858 1470 896 1526 sit
908 1479 1014 1527 certum
1029 1486 1086 1526 non
1100 1481 1156 1536 est,
1170 1470 1211 1526 ita
1222 1480 1254 1524 ut
1266 1468 1314 1524 sor·

222 1578 296 1624 tasse
310 1586 390 1625 reum
406 1568 489 1625 saciat
500 1587 599 1645 regem
612 1569 746 1641 iniquitas
757 1568 926 1645 imperandi,
941 1568 1123 1626 innocentem
1137 1577 1234 1625 autem
1249 1566 1316 1624 rnili-

224 1677 281 1723 tem
295 1664 424 1723 ostendat
442 1667 511 1725 ordo
524 1664 714 1726 serviendi.”¹
735 1668 831 1725 Facile
851 1667 992 1742 contingit
1003 1663 1198 1746 desertricem
1211 1663 1315 1723 bellum

223 1781 288 1821 esse
297 1765 418 1840 justum,
432 1767 485 1822 etsi
498 1785 584 1824 causa
596 1765 659 1823 data
680 1767 718 1824 sit
735 1767 813 1834 belli,
834 1766 860 1822 si
878 1765 956 1824 enim
975 1768 1116 1841 reparatio
1139 1765 1252 1840 injuriae
1273 1765 1318 1821 ob·

225 1862 280 1919 lata
306 1865 352 1928 sit,
373 1863 419 1920 vel
438 1865 463 1920 si
489 1865 577 1922 nimia
603 1873 743 1937 quaeratur
761 1864 893 1932 vindicta,
919 1865 1037 1940 patriam
1058 1865 1138 1940 juste
1164 1862 1319 1921 defendunt

225 1955 332 2019 cives.²

42 2098 59 2141 ,Ι
91 2092 106 2107 -
262 2062 313 2116 27.
336 2056 370 2114 ln
389 2058 554 2137 bellojusto
567 2061 655 2119 licent
673 2062 816 2119 eaomnia
829 2079 892 2133 ques
905 2059 1040 2119 adfinem
1054 2060 1122 2118 belli
1135 2072 1204 2118 sunt
1223 2078 1322 2118 neces·

224 2158 308 2223 saria,
321 2156 475 2215 scilieetad
482 2177 595 2231 oequnm
603 2160 769 2235 injuriarum
778 2159 925 2226 ultionem,
935 2161 1191 2234 etreparetionem.
1214 2158 1322 2216 Hostes

225 2256 300 2313 licito
315 2255 484 2314 occiduntur
496 2266 633 2315 consueto
643 2256 766 2314 bellandi
778 2275 868 2324 more,
877 2257 923 2314 vel
930 2268 1027 2333 aperto
1040 2267 1141 2325 marte,
1152 2257 1200 2315 vel
1210 2256 1322 2315 insidiis

223 2356 377 2431 legitimis:
399 2374 466 2413 nam
478 2366 509 2413 ut
521 2358 560 2414 ait
572 2357 769 2432 Augustinus:
792 2363 811 2391 ‘⁶
822 2374 887 2413 cum
903 2357 1014 2431 justum
1028 2356 1135 2414 bellum
1148 2357 1319 2432 suscipitur,

224 2453 252 2510 vi
266 2464 362 2527 aperta
375 2462 483 2527 pugnet
495 2456 569 2527 quis,
584 2463 632 2510 aut
643 2472 681 2511 ex
704 2452 825 2521 insidiis,
845 2453 917 2512 nihil
937 2453 972 2510 ad
989 2455 1129 2531 justitiam
1151 2447 1321 2512 inermem

224 2549 284 2607 Sed
297 2550 376 2607 nefas
390 2560 433 2606 est
445 2568 495 2607 eos
509 2553 558 2623 qui
571 2571 649 2608 arma
671 2550 825 2626 deponunt,
847 2562 875 2609 et
894 2552 1046 2629 implorant
1065 2553 1201 2620 salutem,
1218 2552 1326 2610 interii·

224 2667 300 2714 cere,
323 2649 378 2706 nisi
402 2647 524 2707 bellandi
546 2668 625 2708 more
646 2652 734 2707 atroci
753 2650 927 2726 supphcium
950 2662 1108 2711 extremum
1135 2652 1231 2709 meriti
1256 2653 1323 2708 sint.

227 2748 285 2814 Qui
308 2748 339 2805 in
359 2747 485 2804 hostium
505 2750 604 2806 castris
623 2749 801 2824 reperiuntur
821 2747 990 2817 desertores,
1011 2762 1101 2808 morte
1120 2751 1210 2808 etiam
1228 2748 1325 2824 puniri

225 2855 354 2921 possunt.
398 2845 455 2911 Qui
476 2864 513 2903 ex
535 2846 664 2904 hostibus
687 2848 762 2922 capti
784 2856 850 2903 sunt
870 2866 928 2905 non
954 2857 1029 2914 sunt,
1049 2847 1250 2913 interficiendi,
1273 2843 1326 2903 sed

227 2945 412 3001 commutatio
425 2962 491 3000 cnm
505 2945 567 3002 aliis
581 2945 615 3001 ab
628 2944 757 3002 hostibus
771 2944 860 3020 captis
872 2944 1002 3002 iacienda
1021 2956 1075 3012 est,
1089 2955 1116 3002 et
1135 2946 1252 3002 interim
1271 2945 1325 3002 hu·

224 3042 346 3097 maniter
366 3040 500 3097 mactandi
514 3052 589 3107 sunt,
610 3052 748 3114 quatenns
762 3060 856 3099 rerum
876 3041 1001 3100 conditio
1021 3044 1098 3100 sinit
1147 3042 1324 3106 lnermibus,

224 3139 274 3210 qui
288 3140 388 3205 aetatis,
402 3156 502 3203 sexus,
517 3138 562 3195 vel
585 3141 712 3196 muneris
736 3141 809 3197 sacri
829 3141 937 3197 ratione
956 3139 1070 3198 hostilia
1088 3159 1147 3199 non
1160 3151 1324 3216 gesserunt,

224 3254 339 3312 parcere
358 3245 476 3312 oportet.
519 3234 684 3294 Proditione
698 3238 819 3296 militum
840 3238 996 3296 alienorum
1020 3240 1064 3297 vel
1087 3240 1206 3297 aliorum
1222 3239 1273 3311 qni
1293 3239 1324 3294 in

225 3333 351 3394 hostium
366 3335 465 3393 castris
483 3345 640 3404 versantur,
655 3355 713 3394 non
726 3337 793 3394 licet
805 3337 846 3393 uti
860 3335 989 3393 adducis
1003 3339 1049 3396 vel
1062 3338 1186 3395 hostium
1201 3336 1326 3394 aliorum

225 3434 468 3493 intersectionem:
490 3451 544 3490 nec
563 3433 631 3492 licet
648 3453 760 3493 veneno
779 3435 896 3493 inficere
916 3453 1014 3509 aquas,
1035 3436 1080 3493 vel
1100 3436 1171 3494 alias
1185 3434 1324 3492 adhibere

259 3618 301 3682 (l)
315 3618 344 3668 L.
355 3621 416 3669 xxii.
428 3628 512 3670 contra
524 3621 655 3682 Faustum,
666 3639 688 3673 e.
700 3626 766 3674 lxxv.

256 3699 299 3770 (2)
319 3702 397 3752 “The
408 3705 492 3755 nation
504 3705 530 3754 in
543 3706 602 3755 fault
615 3708 636 3755 is
648 3716 672 3756 to
684 3710 775 3759 submit
784 3717 808 3758 te
820 3726 835 3758 e
846 3712 945 3775 penalty
955 3710 1038 3761 which
1049 3712 1067 3762 it
1079 3711 1124 3762 hu
1134 3710 1263 3770 duened,
1274 3709 1326 3760 end

222 3787 296 3837 suffer
308 3788 326 3837 it
337 3789 368 3852 by
382 3804 436 3852 wey
453 3789 481 3837 of
494 3790 652 3851 satisfaction,
664 3801 706 3855 yet
716 3808 749 3842 no
760 3809 815 3858 wey
830 3795 925 3857 obliged
942 3805 967 3846 to
979 3797 1034 3858 give
1047 3797 1114 3846 itselt‘
1127 3812 1162 3861 up
1178 3804 1203 3845 to
1222 3795 1266 3846 the
1278 3795 1328 3845 dis·

222 3874 315 3922 cretica
326 3873 355 3921 oi
367 3889 399 3922 eu
411 3873 525 3923 incensed
537 3890 634 3939 enemy.
668 3876 808 3938 Therolore,
820 3878 894 3929 when
913 3881 1031 3940 ettecked,
1049 3881 1068 3930 it
1081 3881 1103 3930 is
1116 3889 1141 3930 to
1153 3881 1226 3930 mehe
1239 3895 1254 3928 ι
1274 3888 1328 3929 ten·

222 3956 265 4004 der
276 3957 304 4005 oi
317 3957 473 4015 satisfaction,
486 3959 530 4006 eslr
540 3958 607 4017 what
625 3960 723 4024 penslty
736 3960 758 4010 is
776 3962 893 4023 required,
912 3964 959 4013 and
979 3965 1002 4012 il
1015 3980 1048 4013 no
1061 3964 1161 4027 explicit
1178 3979 1279 4013 annover
1295 3965 1328 4014 be

222 4040 303 4100 given,
315 4057 342 4090 or
354 4042 394 4091 the
406 4058 493 4105 enemy
505 4043 526 4092 is
538 4043 574 4092 lor
585 4043 708 4109 imposing
724 4045 967 4111 edisproportionnte
985 4049 1092 4113 penalty,
1107 4049 1127 4098 it
1137 4050 1197 4099 then
1209 4048 1328 4112 nequires

221 4139 236 4170 a
247 4125 312 4183 right
324 4127 352 4173 ot
367 4128 486 4190 resisting,
498 4129 546 4178 and
554 4128 654 4180 desence
665 4132 777 4181 becomes
789 4130 897 4182 lewlul.”
932 4132 971 4182 De
980 4132 1071 4184 Vettel.
1088 4131 1194 4201 Mwos
1208 4133 1329 4188 ustioni,

221 4207 237 4255 Ι.
247 4207 280 4256 iii.
290 4224 310 4256 c.
324 4210 356 4258 iii.
395 4231 401 4241 ·

257 4290 299 4354 (³)
319 4292 368 4350 Qu.
382 4309 405 4342 x.
418 4297 580 4360 superJosue.
599 4276 743 4371 Viam—nro
754 4303 819 4368 opud
831 4302 943 4353 Grotium
955 4301 985 4351 de
993 4304 1049 4367 jure
1061 4304 1117 4354 belli
1130 4311 1154 4353 et
1165 4303 1243 4368 pacis,
1258 4303 1277 4354 Ι.
1289 4303 1325 4353 iii·

220 4389 241 4424 c.
253 4375 268 4425 i.
282 4378 295 4435 ξ
310 4377 339 4425 vi.
359 4381 381 4426 2.
681 4378 702 4401 ““’
