2744 4980
336 386 394 447 DE
416 384 669 451 POTESTATE
689 385 829 448 LEGES
850 386 1052 448 FERENDl.
1187 395 1243 450 lot

145 551 363 631 adipiscendum
376 553 414 610 eit
433 553 621 618 necessarius,
642 570 679 608 v:
700 569 735 626 g:
758 553 845 610 animi
867 554 1063 627 penitentiam
1087 552 1157 612 dum
1181 556 1246 625 quis

141 653 256 731 jejunio
277 659 380 717 nervat,
393 649 574 709 devotionem
597 649 666 708 dum
683 647 774 707 adstat
796 651 906 718 Misce,
921 652 966 708 vel
983 650 1052 709 dum
1065 653 1164 710 recitat
1178 651 1248 710 Bre-

146 753 277 812 viarium.
321 748 380 815 Qui
392 757 487 806 tamen
498 750 606 824 legeret
618 744 702 807 illud¹
718 749 825 820 absque
834 749 893 807 ulla
902 749 1002 809 orandi
1015 752 1173 810 intentione
1188 768 1248 810 non

146 850 258 909 videtur
271 847 434 907 satisfacere
448 856 600 923 precepto,
614 845 692 919 quod
705 849 864 915 orationem
878 850 1003 925 respicit.

191 953 238 1006 12.
260 948 399 1015 Quamvis
412 946 490 1022 leges
504 945 612 1004 serendi
625 955 749 1023 potcetae
763 949 839 1006 circa
858 959 936 1004 actuo
954 959 1089 1006 externos
1103 948 1268 1037 precipue.

149 1056 287 1113 versetur,
301 1045 337 1103 de
351 1046 454 1119 quibus
468 1054 577 1103 tantum
592 1043 721 1122 judicare
734 1057 828 1120 potest
841 1046 984 1114 Ecclesia,
999 1048 1137 1123 presules
1152 1058 1248 1105 tamen

144 1151 195 1224 jue
208 1147 315 1204 habent
334 1146 442 1203 animas
463 1143 589 1219 regendi,
610 1152 642 1200 ct
661 1161 758 1201 earum
779 1145 861 1205 saluti
886 1146 1052 1204 consulant:
1075 1152 1249 1222 quapropter

149 1243 250 1303 merito
264 1243 412 1301 damnatus
432 1251 476 1298 eet
499 1241 637 1307 Melinos,
651 1258 783 1300 merens
804 1245 962 1302 animarum
983 1246 1102 1302 interius
1119 1245 1249 1320 regimen

150 1342 294 1418 episcopis
308 1341 428 1412 aliisque
447 1340 614 1416 presulibus
634 1339 711 1398 haud
730 1351 892 1418 competere
903 1337 927 1396 :²
947 1360 982 1399 eo
995 1342 1106 1400 scilicet
1124 1342 1248 1401 coneilio

151 1440 180 1497 id
193 1441 313 1496 asseruit
324 1450 357 1507 ut
374 1437 496 1497 nefanda
514 1439 654 1517 principia
677 1439 786 1497 occulte
806 1451 960 1516 spargeret,
974 1442 1143 1513 animaeque
1157 1442 1194 1498 iio
1206 1441 1249 1497 in·

151 1539 239 1596 lectae
252 1539 392 1604 retineret,
406 1536 560 1613 proculum
574 1537 736 1596 auctoritate
747 1540 835 1597 clusa.
1285 1538 1294 1549 '

188 1706 230 1768 (1)
250 1704 346 1754 Suerec
357 1704 388 1754 de
399 1703 458 1766 leg.
470 1704 485 1753 l.
498 1705 528 1753 iv.
542 1721 562 1754 c.
577 1705 626 1754 xii'c
638 1707 663 1763 6,
675 1710 698 1753 t.
914 1704 955 1768 (2)
973 1703 1045 1769 Prop.
1057 1705 1106 1753 lxv.
1121 1712 1145 1753 et
1156 1704 1215 1754 lxvi.
