2744 4980
188 419 227 473 66
535 415 591 474 DE
613 414 727 474 LEGE
749 415 919 474 VETERI.

226 584 276 637 22.
297 580 435 645 Quamvis
455 582 586 657 abrogata
605 582 723 642 omnino
743 582 782 637 sit
797 580 845 637 lex
865 578 1015 644 Mosaica;
1036 597 1100 651 quae
1121 588 1216 637 tamen
1231 597 1284 637 na-

188 687 255 735 turae
268 689 409 755 praccepta
421 678 556 755 decalogo
575 681 765 745 continentur,
786 687 872 735 totam
894 679 951 734 virn
972 696 1054 736 suam
1075 679 1213 745 obtinent,
1236 698 1287 735 na·

188 776 273 834 turale
284 779 361 836 enirn
372 780 420 854 jus
433 789 594 854 temporum
607 779 792 849 locorumque
806 775 1015 834 vicissitudines
1029 796 1086 835 non
1100 779 1216 852 patitur,
1234 776 1288 832 sed

187 874 264 933 idem
287 876 392 949 ubique
414 886 443 933 et
463 895 578 952 semper
600 885 705 933 manet.
747 875 943 947 Quaecumque
962 877 1019 951 juri
1045 876 1164 934 naturali
1191 876 1287 933 addita

186 976 367 1049 reperiuntur
380 975 408 1030 in
418 972 564 1050 decalogo,
576 973 796 1030 Christi-fideles
806 991 864 1030 non
875 973 1060 1049 adstringunt.
1103 975 1285 1051 Praeceptum

189 1069 294 1128 idcirco
303 1070 339 1128 de
350 1071 472 1127 Sabbato
486 1070 634 1135 servando,
642 1089 693 1126 seu
701 1070 736 1125 de
746 1071 866 1144 septima
873 1071 918 1126 die
929 1069 984 1125 Dei
995 1072 1081 1128 cultui
1089 1071 1218 1138 dicanda,
1226 1075 1287 1147 jain

190 1169 276 1225 cessit
289 1169 451 1243 apostolicae
470 1168 538 1243 legi,
561 1185 598 1223 ex
621 1167 761 1224 Ecclesia
782 1167 986 1224 consuetudine
1010 1169 1206 1234 innotescam,
1232 1189 1287 1239 qua

192 1265 268 1323 diem
299 1265 490 1333 Dominicam,
517 1266 636 1341 primam
663 1265 772 1321 scilicet
796 1264 980 1322 hebdomade
1007 1265 1094 1332 diem,
1121 1268 1152 1323 in
1177 1266 1289 1323 Christi

190 1362 308 1420 Domini
322 1364 492 1439 resurgentis
506 1362 682 1428 memoriam,
696 1363 751 1437 piis
764 1363 897 1437 operibus
905 1362 1043 1421 dicamus.
1087 1364 1286 1430 Caremoniae,

192 1479 241 1518 seu
254 1461 325 1517 ritus
337 1459 461 1526 ludaici‚
475 1479 528 1517 nos
537 1459 613 1518 haud
626 1461 817 1535 obstringunt:
839 1479 887 1517 eas
897 1462 982 1537 igitur
991 1480 1113 1529 servare,
1123 1464 1141 1521 J
1144 1464 1288 1521 udaeorurn

191 1559 287 1623 instar,
301 1577 339 1616 ox
360 1559 430 1616 salsa
443 1559 577 1634 opinione
597 1576 645 1615 eas
665 1558 820 1615 etiamnum
840 1559 946 1634 vigere,
967 1579 1044 1617 en'or
1058 1561 1130 1619 soret
1150 1574 1178 1618 et
1191 1580 1288 1636 super·

191 1657 283 1713 stitio:
304 1657 371 1715 licet
384 1666 476 1714 tamma
490 1657 629 1714 Ecclesiae
642 1674 690 1713 eas
703 1657 748 1713 vel
768 1657 880 1724 imitari,
895 1657 940 1715 vel
954 1657 1096 1726 adhibere,
1111 1671 1209 1735 utpote
1224 1678 1288 1731 qnae

191 1754 288 1812 Deum
300 1755 404 1813 habeut
424 1763 576 1822 auctorem,
600 1764 628 1811 et
646 1774 709 1827 quae
724 1755 820 1813 referri
843 1767 964 1830 possunt
985 1756 1021 1813 ad
1033 1757 1099 1815 fidei
1114 1757 1290 1814 Christianae

192 1855 338 1929 mysteria.
381 1853 523 1913 Caeterum
545 1852 656 1911 nullum
674 1855 759 1911 ritum
779 1855 907 1911 invenias
930 1855 1004 1930 apud
1024 1854 1215 1920 Christianos,
1238 1859 1289 1927 qui

192 1953 258 2010 dum
271 1953 368 2011 ritibus
381 1950 508 2010 Judaicis
521 1954 640 2011 omniuo
650 1945 826 2010 concordet.¹
867 1952 1021 2011 iudicialis
1029 1966 1169 2029 praeceptn
1182 1954 1289 2012 nullam

192 2049 251 2106 vim
273 2050 408 2108 obtinent.
459 2051 543 2116 Quod
566 2053 590 2108 si
610 2054 743 2127 princeps
763 2051 808 2108 vel
831 2052 989 2127 respublica
1014 2051 1107 2128 legem
1131 2052 1209 2118 serat,
1233 2072 1289 2123 qua

195 2147 302 2219 aliquid
314 2149 349 2204 iis
363 2150 503 2206 sancitum
525 2158 668 2217 statuatur,
683 2151 745 2227 ejus
760 2151 802 2206 vis
825 2168 842 2205 a
864 2161 1001 2224 potestate
1021 2152 1158 2226 principis
1172 2170 1223 2206 seu
1236 2150 1304 2208 rei·'

195 2246 325 2322 publice,
336 2265 393 2303 nou
403 2259 497 2305 autem
507 2234 594 2322 alege
604 2248 720 2322 Moysis
730 2246 907 2307 derivabitur.
950 2249 1000 2305 Sic
1011 2268 1073 2319 quae
1087 2250 1200 2325 vigebat
1213 2251 1289 2324 apud

195 2345 305 2419 Anglos
318 2343 453 2403 vadiotio
467 2345 555 2422 legis,
567 2346 659 2416 quain
672 2346 837 2417 quibusdam
851 2364 944 2403 rerum
958 2347 1106 2422 adjunctis,
1122 2349 1170 2419 qui
1180 2349 1287 2424 juravit

195 2459 226 2498 se
240 2443 397 2500 immunem
411 2461 474 2500 esse
488 2462 543 2500 aere
556 2441 658 2509 alieno,
672 2445 718 2500 vel
731 2461 761 2498 re
781 2445 836 2500 alia
854 2463 917 2515 quae
937 2445 977 2501 illi
997 2447 1194 2520 imputabatur,
1210 2448 1290 2504 abso·

194 2539 270 2598 lutus
283 2539 427 2607 evadebat,
442 2541 559 2599 minime
573 2540 710 2598 nitebatur
732 2539 794 2616 lege
809 2541 949 2606 Mosaica,
973 2545 1102 2613 quamvis
1126 2546 1152 2600 ei
1176 2546 1214 2601 sit
1228 2565 1290 2620 per-

196 2639 299 2696 similis
311 2658 318 2694 :
341 2640 402 2695 “Si
416 2641 479 2711 quis
488 2636 729 2697 commendaverit
739 2640 871 2714 proximo
880 2657 932 2696 suo
941 2641 1062 2706 asinum,
1073 2643 1185 2710 bovem,
1196 2661 1290 2711 ovem,

198 2744 227 2793 et
238 2755 322 2794 omne
332 2739 493 2815 jumentum
508 2736 542 2794 ad
559 2736 725 2804 custodiam,
740 2749 768 2794 et
780 2748 923 2795 mortuum
937 2737 1029 2805 suerit,
1045 2751 1092 2796 ant
1104 2740 1290 2808 debilitatum,

199 2834 244 2891 vel
257 2847 371 2912 captum
383 2837 418 2894 ab
430 2838 568 2904 hostibus,
592 2834 741 2909 nullusque
765 2836 820 2893 hoc
840 2835 949 2903 viderit,
961 2837 1161 2912 jusjurandum
1186 2841 1238 2897 erit
1262 2843 1291 2897 in

198 2932 302 2999 medio,
318 2934 394 3007 quod
406 2955 465 2994 non
487 2934 645 2993 extenderit
657 2954 771 2993 manum
794 2934 903 2992 adrem
918 2936 1042 3010 proximi
1056 2938 1118 2993 sui:
1141 2939 1291 3014 suscipiet·

184 3047 255 3113 'que
269 3031 401 3091 dominus
410 3036 613 3110 juramentum,
627 3043 656 3091 et
668 3034 715 3092 ille
729 3032 846 3090 reddere
860 3051 918 3091 non
929 3027 1093 3107 cogetur.'¹2

234 3216 276 3285 (l)
296 3217 405 3270 Consule
417 3220 608 3283 elegantissimas
619 3220 709 3271 litteras
718 3219 845 3269 Wisemm
857 3218 1022 3286 sdeoynder.

234 3301 275 3368 (2)
295 3303 376 3353 Exod.
392 3305 452 3354 xxii.
473 3303 510 3355 10.
545 3304 609 3355 Vide
626 3303 796 3354 Blackstone's
807 3302 1008 3362 Commentaries,
1019 3305 1034 3352 l;
1048 3305 1071 3363 3,
1084 3319 1105 3353 c.
1120 3307 1158 3362 12,
1171 3311 1196 3353 et
1213 3321 1235 3354 c.
1252 3303 1294 3366 22,

201 3389 216 3445 §
230 3386 262 3436 vi.
273 3403 359 3456 wager
369 3386 402 3456 of
407 3386 464 3440 low.
