2744 4980
199 418 256 474 no
479 414 536 475 nn
557 378 1032 482 incultommlmona.

198 594 298 659 peccat
310 582 366 641 alio
379 600 410 640 se
424 581 595 641 conserendo
607 585 655 641 ubi
668 584 716 641 lex
729 600 788 640 non
799 583 886 658 viget,
901 580 946 637 vel
968 598 999 637 se
1021 583 1052 639 in
1073 600 1108 638 ea
1128 582 1290 643 conditione

200 680 406 749 constituendo,
420 683 450 739 in
463 701 520 754 qua
532 702 567 739 ea
579 700 637 740 non
655 682 844 758 adstringitur.
879 679 929 735 Sic
941 679 1008 737 licet
1020 682 1072 738 iter
1085 683 1230 758 suscipere
1243 701 1290 740 ne·

200 783 339 856 gotiorum
354 800 471 839 suorum
484 799 579 848 causa,
594 781 725 852 quemvis
745 781 808 853 quis
819 798 854 837 eo
873 777 1073 854 impediendus
1086 781 1123 837 sit
1136 800 1152 837 a
1167 781 1288 857 jejunio,

199 879 245 937 vel
259 899 275 935 a
287 898 367 937 sacro
381 879 529 938 audiendo.
572 879 754 938 Excusantur
772 879 857 937 etiam
877 876 975 935 famuli
993 878 1098 951 aliique
1111 896 1216 938 munus
1230 898 1289 938 sus·

202 979 340 1054 cipientes
355 978 565 1035 sustentationis
589 997 682 1044 causa,
704 996 791 1050 quoa
810 976 915 1035 muniis
933 975 1093 1054 Religionis
1113 978 1288 1051 aliquatenus

199 1075 385 1143 deducantur,
400 1076 554 1135 dummodo
568 1095 630 1150 que
643 1078 735 1152 magis
748 1075 907 1135 necessaria
919 1085 985 1132 sunt
996 1077 1107 1135 valeant
1120 1077 1249 1153 implere.

444 1289 459 1363 §
474 1288 528 1347 lV.
550 1286 597 1346 De
612 1306 652 1347 ns
667 1307 719 1353 om
732 1305 860 1346 tuotone
873 1305 1037 1346 ntosu'rutt.

238 1457 288 1510 27.
310 1452 435 1511 Infantes
455 1462 519 1511 ante
534 1454 714 1528 septennium
735 1453 813 1511 nulla
834 1451 896 1529 lege
911 1453 999 1511 teneri
1020 1460 1190 1517 cementum
1211 1450 1288 1510 ideo·

201 1569 256 1623 que
270 1571 369 1610 carnes
387 1553 429 1610 eis
448 1552 601 1627 praebendo
621 1571 679 1611 non
700 1564 842 1628 peccatur,
864 1569 916 1609 nec
937 1569 985 1609 eas
1005 1549 1083 1608 domi
1103 1549 1290 1623 relinquendo

200 1648 300 1708 diebus
314 1650 402 1709 festis.
445 1650 586 1728 Perpetub
606 1662 734 1710 amentes
746 1651 857 1727 legibus
870 1652 1012 1709 immunes
1027 1649 1130 1725 pariter
1141 1649 1288 1708 habentur.

240 1753 290 1806 28.
312 1749 451 1807 Ecclesiae
465 1750 543 1827 leges
555 1753 713 1828 baptizatos
726 1761 834 1809 tantum
849 1751 1015 1827 respiciunt,
1030 1747 1135 1807 nullam
1148 1750 1226 1806 enim
1240 1747 1289 1804 ha·

201 1847 250 1904 bet
262 1857 430 1923 potestatem
443 1850 474 1907 in
488 1868 537 1907 eos
558 1852 607 1923 qui
626 1851 766 1925 baptismo
785 1867 848 1908 eam
868 1867 927 1908 non
946 1858 1012 1907 sunt
1029 1848 1166 1923 ingressi:
1190 1857 1210 1883 ‘⁶
1221 1846 1290 1920 quid

200 1948 277 2004 enim
292 1947 395 2014 mihi,‘'
416 1948 508 2020 inquit
524 1951 690 2028 Apostolus,
712 1947 777 2005 “de
797 1950 832 2006 iis
854 1950 904 2020 qui
924 1948 991 2006 foris
1011 1957 1087 2014 sunt,
1103 1946 1232 2024 judicare
1241 1937 1290 2000 3¹⁹¹

203 2043 282 2102 Hinc
296 2046 469 2104 abstinentie
483 2067 499 2103 a
511 2049 652 2114 carnibus,
666 2048 712 2104 vel
730 2048 834 2123 jejunii
854 2047 917 2123 lege
930 2065 989 2106 non
1008 2055 1137 2104 tenentur
1149 2047 1198 2117 qui
1221 2045 1290 2118 bap·

200 2144 317 2202 tismum
340 2161 484 2218 nunquam
507 2155 700 2223 susceperunt.
758 2145 804 2203 De
828 2147 977 2222 baptizatis
1003 2145 1133 2201 omnibus
1155 2154 1288 2200 asserunt

199 2243 386 2301 communiter
395 2243 520 2320 theologi
529 2264 579 2303 eos
592 2246 682 2303 teneri
693 2244 804 2319 legibus
813 2243 1022 2311 ecclesiasticis,
1033 2261 1120 2314 quum
1129 2242 1289 2319 baptismus

200 2341 238 2397 sit
250 2342 391 2400 Ecclesiae
400 2345 507 2419 janua:
530 2344 606 2415 quod
625 2354 719 2402 autem
738 2353 865 2402 extorres
884 2344 941 2400 sint
953 2341 1069 2414 quidam
1080 2341 1187 2398 ratione
1200 2341 1290 2398 haere-

198 2439 249 2506 sis,
264 2441 434 2509 schismatis,
449 2441 494 2498 vel
513 2443 639 2500 criminis
662 2442 785 2510 alterius,
807 2442 982 2501 anathemate
1002 2441 1068 2507 lato,
1087 2457 1187 2498 eorum
1204 2439 1288 2515 culpa

197 2540 343 2614 contingit,
365 2558 381 2595 a
401 2557 457 2611 qua
477 2542 682 2600 immunitatem
703 2552 731 2597 et
750 2541 930 2617 privilegium
951 2539 1070 2598 derivari
1090 2556 1148 2597 non
1168 2549 1286 2614 oportet.

198 2634 277 2695 Hinc
291 2638 492 2714 impedimenta
505 2641 676 2698 matrimonii
694 2639 843 2698 hereticos
863 2641 961 2717 ligant,
981 2638 1052 2696 adeo
1064 2646 1095 2695 ut
1108 2655 1166 2695 non
1179 2638 1289 2695 valeant

198 2738 303 2811 nuptie
318 2738 351 2794 ab
365 2738 400 2794 iis
413 2738 485 2795 intra
503 2738 605 2815 gradus
626 2739 782 2815 prohibitos
802 2748 953 2797 attentatae.
995 2735 1237 2794 Glandestinitatis
1251 2747 1288 2792 ta·

197 2851 265 2892 men
279 2834 514 2913 impedimentum
528 2837 728 2914 excipiendum
746 2848 798 2906 est,
820 2857 908 2911 quum
923 2838 1000 2895 enim
1014 2846 1106 2912 patres
1126 2834 1288 2892 Tridentini

196 2932 336 2992 voluerint
351 2935 420 2991 illud
433 2937 492 2995 vim
507 2937 609 2995 habere
621 2919 735 2996 nonnisi
748 2939 853 3014 elapsis
867 2937 979 3014 triginta
991 2935 1090 2992 diebus
1104 2944 1170 3010 post
1182 2933 1287 2992 decreti

193 3029 263 3088 illud
279 3034 425 3090 statuentis
439 3036 659 3110 publicationem
672 3038 702 3094 in
715 3037 835 3114 singulis
849 3036 990 3112 paroeeiis,
1005 3033 1119 3092 Summi
1131 3032 1287 3091 Pontifices

196 3129 319 3207 benigne
345 3146 515 3192 censuerunt
537 3134 605 3193 illud
628 3154 686 3193 non
709 3135 805 3195 haberi
831 3135 907 3212 apud
929 3134 1075 3191 haeretioos
1100 3132 1286 3207 publicatum,

195 3247 284 3301 quum
298 3243 385 3288 coetus
400 3235 457 3291 sint
469 3229 619 3293 distincti.2
658 3235 736 3294 lnter
747 3236 919 3294 recentiores
932 3243 998 3291 sunt
1007 3233 1055 3305 qui
1070 3230 1144 3289 idem
1158 3240 1288 3288 asserunt

199 3328 234 3385 de
256 3332 387 3388 omnibus
408 3332 517 3410 legibus
539 3335 748 3403 ecclesiasticis,
772 3336 928 3411 presertim
948 3330 1014 3389 verb
1036 3331 1071 3389 de
1084 3331 1119 3388 iis
1140 3348 1203 3402 quae
1223 3340 1288 3404 post

198 3443 296 3486 eorum
311 3431 346 3486 ab
358 3430 494 3490 Ecclesia
507 3432 657 3491 divortium
671 3443 736 3492 sunt
753 3434 835 3492 latter
857 3432 907 3490 sed
921 3431 1014 3489 verior
1031 3429 1172 3488 sententia
1191 3427 1287 3485 adver·

195 3537 274 3582 satur
286 3521 310 3582 :³
330 3529 449 3588 dubitari
471 3544 564 3588 tamen
584 3533 632 3590 vix
652 3543 744 3608 potest
762 3533 899 3608 plurimos
913 3552 929 3588 a
941 3531 1025 3606 eulpa
1041 3529 1183 3594 excusari,
1197 3545 1285 3600 quum

199 3623 331 3698 ignorent
343 3625 543 3701 obligationem
557 3630 711 3688 infortunio
724 3633 818 3707 potius
831 3650 894 3699 suo,
909 3648 994 3702 quain
1008 3629 1160 3687 voluntate.

231 3726 280 3781 29.
304 3724 415 3783 Subditi
435 3728 484 3798 qui
498 3737 577 3785 extra
596 3730 764 3787 territorium
784 3739 931 3787 versantur
950 3746 1007 3787 non
1028 3737 1157 3785 tenentur
1175 3725 1285 3801 legibus

192 3840 307 3880 suorum
322 3826 484 3899 presulum,
505 3827 560 3883 nisi
581 3827 687 3885 ratione
707 3846 801 3887 rerum
820 3830 851 3886 in
871 3827 977 3885 ditione
998 3844 1096 3883 eorum
1117 3825 1283 3900 positarum.

189 3928 208 3956 ‘⁴
224 3921 333 3981 Statuto
343 3925 481 4001 episcopi,
494 3944 551 3999 quo
564 3925 593 3984 in
603 3943 703 3986 omnes
716 3927 766 4000 qui
779 3926 1103 4016 surtumdeommiserint,
1117 3941 1284 3983 excommn-

255 4162 296 4225 (l)
313 4163 322 4211 l
344 4159 401 4209 Cor.
414 4178 434 4207 v.
451 4162 488 4212 12.
592 4164 630 4225 (2)
649 4161 713 4213 Vide
725 4161 850 4213 Benedict.
863 4162 912 4212 xiv.
924 4161 939 4211 l.
951 4161 982 4211 vi.
992 4160 1022 4210 de
1033 4161 1143 4224 Synodo,
1155 4177 1176 4210 c.
1186 4160 1217 4209 vi.

254 4248 292 4310 (3)
313 4244 404 4295 Gerdil.
416 4254 483 4296 tract
495 4247 526 4298 de
538 4246 648 4310 Legibus
658 4247 720 4313 disp.
732 4248 763 4299 vi
774 4263 841 4316 prop
852 4248 877 4298 ii.
