2744 4980
489 384 547 445 DE
568 384 683 445 LEGE
704 386 876 447 VETERI.
1189 398 1228 454 ub

125 555 245 630 legique
259 570 291 608 se
304 551 511 629 subjiciebant:
531 550 561 610 et
567 549 718 632 proselyti
731 549 879 610 domicilii
892 560 999 613 tantum
1019 557 1069 627 qui
1082 555 1224 616 ablutione

124 651 252 724 quadam
265 660 389 727 peracta,
402 668 434 706 se
447 651 507 708 veri
528 650 585 709 Dei
604 652 736 719 cultores,
750 651 857 724 absque
877 651 993 712 foederis
1012 651 1127 712 Judaioi
1139 656 1225 715 bene·

126 751 209 817 ficio,
224 750 272 808 vel
284 769 370 808 onere
383 748 593 824 profitebantur.

168 854 220 907 21.
241 847 434 926 Abrogotom
447 847 536 907 fuisse
550 848 660 926 Legem
673 847 822 915 Veterem,
844 845 962 908 Christo
981 848 1156 920 adveniente,
1171 855 1223 927 qui

124 949 195 1024 ejus
204 948 309 1025 figures
322 945 492 1021 adimplens,
500 949 569 1007 sein
580 947 758 1005 victimarum
767 946 1064 1008 Mosaicarumlocum
1071 952 1225 1020 substitus,
1323 1006 1326 1012 ,

125 1064 292 1117 novamque
312 1045 485 1121 prescripsit
504 1046 760 1121 perfectioremque
780 1046 885 1120 legem,
899 1056 1024 1105 constat:
1046 1051 1176 1119 quamvis
1189 1049 1225 1107 de

127 1155 260 1220 tempore
274 1162 331 1215 quo
344 1141 431 1199 desiit
441 1141 565 1219 obligare
579 1160 637 1201 non
649 1160 707 1200 una
719 1143 757 1199 sit
768 1142 897 1200 omnium
916 1146 1066 1202 sententia.
1108 1147 1226 1205 Verosi·

127 1243 198 1304 mile
211 1252 325 1300 estnon
337 1240 432 1298 statim
444 1259 508 1300 eam
520 1242 608 1300 fuisse
617 1242 765 1307 sublatam,
774 1239 826 1298 sed
839 1252 924 1317 prout
936 1260 1011 1301 nova
1021 1242 1085 1320 lege
1099 1245 1225 1321 promul·

127 1343 253 1419 gabatur.
295 1339 463 1416 Sapissime
475 1340 631 1418 Apostolus
644 1339 800 1398 libertatem
810 1359 827 1397 a
837 1340 902 1416 lege
916 1340 1057 1411 Mosaica,
1072 1362 1159 1415 quam
1172 1361 1225 1421 per

129 1440 281 1503 Christum
294 1438 388 1513 adepti
402 1456 511 1508 sumus,
525 1439 644 1498 extulit:
666 1448 686 1475 ‘⁶
697 1439 808 1510 Itaque,
822 1438 920 1498 fratres
933 1441 1000 1508 mei,
1014 1450 1044 1498 et
1055 1459 1106 1499 vos
1126 1443 1224 1502 morti·

128 1540 206 1598 ficati
219 1539 286 1595 estis
300 1537 357 1613 legi
372 1554 425 1612 per
443 1557 548 1616 corpus
562 1537 690 1596 Christi:
711 1548 742 1594 ut
760 1537 821 1594 sitis
842 1539 966 1607 alterius,
987 1541 1088 1611 quiex
1102 1543 1222 1600 mortuis

127 1638 291 1703 resurrexit,
304 1645 336 1695 ut
348 1635 550 1695 fructificemus
570 1628 684 1696 Deo.''¹
724 1644 744 1672 ‘⁶
756 1636 786 1694 N
788 1654 826 1694 on
843 1639 922 1695 enim
935 1638 1063 1715 sublege
1077 1642 1156 1709 estis,
1170 1640 1223 1699 sed

128 1738 182 1794 sub
195 1728 333 1813 gratia.''²
372 1734 467 1793 Licuit
486 1746 580 1795 tamen
599 1737 685 1794 etiam
709 1745 775 1811 post
795 1734 894 1793 Christ
913 1745 1035 1794 mortem
1057 1736 1129 1814 legis
1151 1741 1223 1797 ritus

128 1854 253 1903 servare,
268 1831 401 1907 quamdiu
413 1835 546 1911 Apostoli
559 1853 609 1893 eos
623 1834 786 1901 tolerarunt,
800 1842 832 1890 ut
844 1832 864 1892 J
866 1833 939 1892 udaei
958 1834 994 1890 ad
1012 1833 1099 1894 fidem
1114 1835 1224 1895 facilius

129 1933 361 1999 traducerentur:
383 1944 553 2011 quapropter
574 1933 681 1992 Paulus
703 1930 903 2000 Timotheum,
926 1951 964 1991 ex
986 1943 1064 2009 patre
1084 1924 1225 2015 gentilijet

129 2043 221 2090 matre
247 2031 349 2090 Judaea
367 2042 474 2101 natum,
490 2030 694 2091 “circumcidit
705 2039 822 2109 propter
833 2029 951 2091 Judaeos
964 2032 1013 2104 qui
1026 2044 1106 2090 erant
1124 2034 1155 2091 iu
1168 2034 1224 2091 illis

128 2125 249 2197 locis,’'³
268 2131 352 2188 etiam
366 2143 431 2207 post
442 2132 530 2191 latum
544 2130 689 2190 aconcilio
699 2129 969 2205 Hierosolymitano
976 2129 1131 2199 decretum,
1146 2131 1224 2204 quod

129 2241 227 2306 gentes
240 2248 300 2286 nou
319 2238 480 2288 tenerentur
493 2230 528 2287 ad
549 2231 621 2308 legis
641 2229 857 2288 observantiam.
900 2226 1095 2286 Caeremonias
1109 2247 1224 2302 quoque

130 2329 339 2386 Nazareorum
358 2329 421 2405 ipse
443 2324 591 2397 servavit,⁴
610 2327 693 2384 etde
713 2326 835 2385 consilio
855 2324 957 2383 Jacobi
979 2336 1008 2384 et
1027 2329 1173 2387 seniorum
1192 2345 1224 2385 se

130 2427 290 2503 purificavit
302 2446 368 2487 cum
381 2427 500 2496 Judaeis,
514 2437 545 2485 ut
565 2427 681 2484 fratrum
701 2424 890 2482 offensionem
910 2418 1045 2483 tolleret.⁵
1085 2426 1225 2493 Quaedam

131 2528 216 2583 etiam
229 2527 370 2602 gentibus,
385 2545 447 2598 qua
461 2544 525 2583 curn
545 2523 654 2583 iudaeis
674 2524 864 2581 miscebantur
876 2523 1046 2591 Antiochia,
1061 2525 1180 2598 aliisque
1195 2527 1225 2585 in

130 2626 246 2683 urbibus
259 2626 337 2682 Asiae
352 2625 479 2691 minoris,
493 2622 625 2699 Apostoli
637 2621 776 2679 servanda
789 2632 953 2688 sanxerunt,
967 2621 1116 2682 Judaicam
1130 2623 1224 2699 legem

131 2735 158 2781 et
180 2725 309 2781 instituta
328 2741 387 2798 prae
410 2722 499 2780 oculis
522 2723 668 2790 habentes,
689 2732 720 2778 ut
736 2721 778 2778 sic
792 2720 902 2777 facilius
921 2731 1019 2796 gentes
1040 2730 1069 2777 et
1087 2720 1182 2779 ludaei
1195 2723 1226 2779 iu

131 2841 216 2880 unam
244 2821 405 2880 Ecclesiam
434 2821 635 2878 coalescerent.
679 2818 764 2885 Quod
793 2819 877 2895 igitur
902 2819 1074 2876 abstinerent
1096 2818 1226 2896 plerique

132 2920 230 2979 fideles
256 2921 320 2977 “ab
339 2919 491 2977 immolatis
509 2918 754 2985 simulachrorum,
777 2925 805 2974 et
821 2916 969 2992 sanguine,
991 2927 1019 2974 et
1038 2910 1226 2985 suffocato,'’⁶

133 3020 216 3077 etiam
230 3039 283 3097 per
295 3018 376 3095 plura
388 3018 491 3075 saecula
503 3030 568 3093 post
581 3016 689 3075 Christi
709 3016 870 3084 adventum,
886 3015 1065 3076 tribuendum
1086 3028 1131 3076 est
1143 3036 1226 3095 apos·

135 3118 224 3175 tolicae
238 3118 378 3176 sanctioni
391 3119 557 3174 oeconomiae
570 3135 655 3173 causa
667 3117 739 3183 latae,
753 3134 811 3173 non
825 3126 919 3173 autem
929 3115 985 3191 legi
993 3115 1012 3172 J
1014 3116 1130 3183 udaicae,
1145 3117 1234 3192 cujate'

134 3216 417 3282 risomnisdesierat,
427 3233 480 3272 nec
490 3217 640 3293 praeceptis
650 3215 715 3271 Noe
725 3213 807 3271 datis.
829 3213 1125 3270 Vehementerautem
1133 3213 1227 3286 Apos—

134 3314 206 3373 tolus
220 3317 330 3375 Paulus
343 3316 378 3372 iis
388 3315 498 3383 restitit,
511 3314 559 3387 qui
570 3322 669 3390 gentes
682 3312 739 3387 legi
748 3310 885 3367 Mosaicae
896 3309 1066 3366 conabantur
1075 3310 1226 3387 subjicere,

134 3432 205 3485 quos
219 3414 287 3472 fidei
301 3412 482 3480 Christiana,
497 3424 525 3471 et
538 3411 708 3487 evangelica
721 3408 855 3465 libertatis
875 3426 1021 3465 eversores
1037 3409 1102 3486 jure
1117 3409 1236 3485 optimu.

135 3509 313 3588 designabat:
336 3511 433 3569 fideles
456 3531 575 3569 monens
597 3529 633 3568 ne
654 3509 688 3565 iis
709 3506 890 3565 obaudirent:
913 3506 1020 3564 “Ecce
1041 3526 1096 3584 ego
1119 3507 1226 3566 Paulus

135 3608 196 3667 dico
217 3612 308 3679 vobis,
330 3612 465 3682 quoniam
488 3613 514 3668 si
533 3607 785 3673 circumcidamini,
810 3604 943 3664 Christus
965 3607 1046 3664 vobis
1069 3607 1140 3666 nihil
1162 3626 1227 3684 pro·

137 3703 254 3767 derit.’'⁷
295 3711 359 3768 Iuro
382 3710 559 3786 promulgata
576 3710 638 3786 jam
661 3705 718 3764 fide
732 3705 896 3764 Christiana
918 3726 975 3765 non
1001 3707 1080 3764 licuit
1106 3707 1229 3781 amplius

140 3807 156 3864 J
160 3808 246 3866 udaeis
260 3808 372 3867 adeam
386 3809 530 3867 conversis
543 3809 611 3865 ritus
625 3824 692 3863 suos
702 3823 833 3863 servare:
855 3824 944 3879 quum
958 3807 1051 3863 omnis
1065 3822 1150 3875 aqua
1158 3803 1228 3860 ratio

138 3925 186 3963 cur
199 3926 233 3965 ea
246 3907 341 3966 adhuc
354 3907 466 3966 daretur
479 3907 562 3964 venia
574 3905 683 3963 sublata
694 3905 740 3961 sit.

173 4075 216 4139 (l)
236 4074 309 4124 Rom.
321 4074 362 4124 vii
374 4077 399 4123 t.
804 4070 846 4134 (2)
865 4069 937 4118 Rom.
948 4067 980 4116 ri.
994 4066 1032 4115 rt.

173 4160 216 4223 (3)
236 4159 293 4209 Aca
305 4159 355 4209 xvi.
366 4157 391 4207 ³.
799 4153 842 4218 (4)
861 4151 922 4201 lbid.
932 4150 999 4200 xviii.
1010 4150 1049 4200 ls.

176 4245 219 4310 (5)
240 4244 341 4303 Ibidem,
353 4243 405 4295 xxi.
416 4242 459 4294 26.
803 4239 846 4304 (6)
866 4237 925 4287 ibid.
938 4251 979 4287 xv.
990 4236 1033 4286 29.
