2744 4980
165 391 220 445 148
425 386 481 446 DE
502 384 674 445 OCTAVO
695 384 946 445 PRAEOEPTO.

162 552 272 611 occulte
286 544 478 610 ascensurus.¹
504 551 550 609 De
563 552 672 609 Lazaro
687 551 853 617 dormiente,
868 549 944 608 etde
958 549 1062 624 puella,
1076 568 1163 622 quam
1177 567 1251 605 mor·

163 663 237 710 tuam
252 670 309 708 non
323 669 386 708 esse
399 650 557 717 affirmavit,
571 651 681 707 locutus
701 660 754 716 est,
775 659 896 707 mortem
909 649 1003 706 somni
1015 649 1103 705 instar
1115 639 1252 705 habens.²

163 752 202 808 Se
215 751 325 808 nescire
338 749 413 807 diem
429 749 532 826 judicii
546 750 690 824 professus
704 760 756 815 est,
778 747 856 819 quod
875 747 985 806 scilicet
1001 767 1059 806 non
1073 756 1151 804 esset
1162 747 1252 804 mani·

162 842 314 908 festanda.³
355 848 473 924 Templi
485 849 602 906 nomine
622 866 725 923 corpus
745 865 827 905 suum
848 847 991 913 indicavit,
1011 845 1087 918 quod
1107 856 1203 904 tamen
1217 844 1251 901 de

164 933 270 1025 templo
284 947 550 1022 Hierosolymitano
563 946 656 1004 ludaei
670 956 748 1003 erant
760 939 952 1004 intellecturi.⁴
980 945 1126 1019 Equidem
1141 945 1251 1016 quoties

163 1049 248 1104 verba
262 1047 394 1122 ambigua
406 1056 482 1112 sunt,
496 1058 525 1103 et
543 1064 624 1103 mens
643 1045 785 1117 loquentis
806 1045 902 1122 colligi
929 1055 1023 1121 potest
1041 1043 1250 1120 err-adjunctis,

165 1147 214 1217 qui
227 1156 309 1213 errat,
323 1163 357 1202 ea
369 1162 454 1201 sensu
469 1146 560 1221 magis
571 1144 656 1202 obvio
667 1142 842 1218 accipiendo,
853 1145 908 1201 sibi
920 1143 1002 1200 debet
1011 1144 1160 1220 imputare,
1177 1141 1252 1213 quod

164 1254 279 1310 temere,
298 1254 326 1301 et
344 1243 476 1301 omnibus
495 1244 571 1301 haud
592 1244 659 1301 satis
678 1244 838 1319 perpensis,
857 1242 1036 1318 judicaverit.
1078 1242 1137 1308 Qui
1158 1251 1252 1297 autem

165 1344 242 1419 gravi
256 1341 408 1400 admodum
427 1343 534 1400 ratione
553 1354 671 1419 urgente
690 1362 707 1398 a
725 1343 922 1400 communiore
941 1342 1090 1399 verborum
1110 1340 1253 1416 significa·

165 1442 240 1500 tione
254 1440 369 1508 recedit,
383 1453 534 1499 excusetur
546 1443 587 1500 rei
600 1442 785 1508 necessitate3
806 1460 860 1499 nec
873 1440 1032 1516 arguendus
1045 1449 1089 1497 est
1100 1438 1252 1503 mendacii,

165 1559 252 1612 quum
266 1541 414 1598 verborum
428 1559 531 1599 sensus
544 1559 682 1612 mensque
695 1540 837 1612 loquentis
853 1541 965 1615 possint
977 1534 1095 1615 detegi.⁵

206 1641 273 1695 189.
295 1638 451 1697 Mulierem
464 1659 481 1694 a
493 1641 553 1698 viro
567 1638 694 1696 adulterii
713 1648 870 1696 accusatam
891 1656 976 1713 posse
990 1639 1075 1695 etiam
1090 1639 1256 1713 juramento

166 1739 273 1794 crimen
286 1755 389 1812 negare
403 1738 531 1796 nonnulli
545 1747 652 1813 putant,
666 1754 701 1794 eo
719 1736 795 1808 quod
815 1756 846 1794 se
866 1736 985 1813 prodere
1004 1755 1062 1794 non
1076 1746 1212 1802 teneatur,
1227 1745 1255 1791 et

167 1835 271 1912 injuris
284 1836 310 1891 ei
323 1835 381 1901 fiat,
395 1834 463 1892 dum
473 1838 566 1913 jurata
578 1835 613 1892 de
627 1854 679 1892 suo
693 1837 809 1893 crimine
823 1837 951 1893 amarito
965 1836 1155 1911 interrogatur.
1179 1833 1256 1891 Cen·

167 1944 230 2023 sppt
242 1934 326 2009 igitur
339 1944 463 1992 mentem
477 1937 539 2011 ejus
552 1933 618 1992 inde
633 1934 728 2010 colligi
740 1953 836 2010 posse,
850 1953 881 1992 se
892 1935 999 1993 crimen
1018 1932 1093 1992 haud
1106 1932 1256 1990 admisisse

167 2026 244 2104 quod
257 2032 381 2089 revelare
396 2042 531 2091 teneatur.
574 2031 718 2091 caeterum
731 2034 781 2091 vix
800 2033 861 2090 haec
880 2033 1055 2110 placuissent
1074 2033 1254 2108 Augustino:

168 2131 335 2202 “Namque
349 2132 530 2206 cogitandum
544 2141 596 2199 est,
610 2133 769 2208 saepissime
789 2131 920 2191 homines
934 2133 969 2190 dc
983 2151 1101 2205 quarum
1114 2130 1254 2189 adulterio

167 2231 359 2319 suspicantur,
372 2228 408 2289 ed
423 2230 623 2308 jusjurandum
636 2250 791 2306 provocare
811 2234 946 2309 conjuges
963 2250 1049 2289 suas:
1070 2230 1147 2304 quod
1160 2240 1258 2302 utrque

167 2347 226 2386 non
239 2328 372 2396 facerent,
386 2330 443 2388 nisi
456 2330 603 2389 crederent
612 2332 696 2388 etiam
710 2331 772 2388 illas
785 2348 848 2403 quae
862 2350 920 2389 non
932 2332 1084 2388 timuerunt
1096 2341 1258 2406 perpetrare

167 2426 344 2507 adulterium,
359 2429 457 2487 timere
470 2447 555 2505 posse
569 2429 734 2505 perjurium.
775 2430 851 2496 Quia
861 2441 888 2486 ct
900 2448 997 2488 revera
1009 2428 1151 2487 nonnulle
1165 2429 1258 2504 impu·

167 2524 236 2582 dicu
251 2540 315 2598 qun
328 2544 387 2583 non
401 2529 553 2586 timuerunt
572 2529 671 2586 illicito
690 2531 842 2587 concubitu
857 2530 932 2587 viros
946 2529 1050 2596 fallere,
1065 2526 1174 2586 eisdem
1188 2514 1258 2585 viris

167 2642 239 2695 quos
253 2625 411 2684 fefellerant
424 2627 576 2685 timuerunt
589 2628 684 2686 Deum
698 2636 798 2686 testem
809 2627 943 2686 fallaciter
956 2615 1139 2686 adhibere.”⁶

210 2727 276 2782 190.
298 2724 392 2783 Reum
406 2736 485 2782 extra
494 2727 568 2803 juris
581 2727 709 2784 ordinem
719 2726 920 2802 interrogatum
931 2745 1016 2803 posse
1029 2743 1134 2803 negare
1147 2726 1258 2783 crimen

169 2822 255 2881 ctiam
268 2833 387 2881 censent
399 2825 538 2891 nonnulli,
558 2825 659 2882 eodem
679 2826 771 2883 innixi
790 2827 941 2902 principio.
983 2822 1055 2883 Item
1068 2826 1118 2898 qui
1132 2843 1199 2881 casu
1213 2823 1259 2880 vel

167 2921 204 2975 ob
224 2923 414 2979 necessariam
435 2923 480 2980 sui
501 2923 696 2982 defensionem
717 2924 863 2982 hominem
885 2924 1035 2992 interfecit,
1057 2931 1159 3000 potest,
1175 2923 1258 2997 juxta

166 3019 316 3088 quosdam,
331 3038 434 3096 negare
448 3021 732 3097 cedem,intelligens
742 3041 773 3079 se
787 3023 900 3082 crimen
910 3022 985 3082 haud
999 3033 1134 3099 patrasse,
1145 3022 1258 3094 quoties

167 3134 226 3174 rem
247 3117 420 3176 admittendo
442 3137 474 3177 se
495 3120 559 3178 vitae
580 3119 737 3179 discrimini
758 3122 901 3198 objiceret,
923 3121 1072 3180 deficiente
1093 3120 1258 3178 testimonio

167 3233 224 3286 quo
238 3217 341 3274 veritas
354 3228 471 3294 pateret.

208 3318 276 3373 191.
298 3315 488 3393 Interrogatus
502 3336 519 3373 a
526 3317 634 3394 judice,
648 3336 686 3376 ex
704 3318 778 3396 legis
799 3323 972 3387 auctoritate,
987 3319 1131 3377 veritatem
1148 3315 1258 3392 simpli·

167 3430 229 3470 cem
243 3415 349 3486 absque
367 3417 433 3474 ullis
453 3418 603 3474 verborum
623 3418 788 3494 ambagibus
808 3418 893 3476 debet
911 3420 1032 3492 quisquc
1052 3417 1197 3493 profiteria
1216 3415 1258 3472 in·

167 3519 252 3566 terest
264 3513 341 3568 enim
350 3515 466 3588 justitias
477 3524 508 3583 et
520 3515 617 3593 salutis
630 3517 802 3591 reipublice,
818 3529 849 3574 nt
861 3517 965 3577 nudam
978 3536 1010 3575 se
1030 3515 1131 3593 prodat
1142 3515 1256 3579 veritas,

166 3609 279 3676 quoties
293 3627 330 3666 ex
343 3610 415 3685 legis
438 3614 602 3669 auctoritate
624 3616 776 3685 quaeritur:
794 3618 868 3692 Juris
883 3628 976 3675 autem
990 3615 1089 3674 ordine
1100 3633 1160 3674 non
1172 3614 1205 3671 fit
1217 3613 1258 3671 in·

201 3827 243 3893 (l)
261 3827 333 3877 Jonn.
346 3828 423 3879 1118.
438 3833 476 3878 10.
579 3833 622 3897 (2)
635 3833 707 3883 Joan.
720 3835 802 3884 1111.
905 3837 947 3903 (3)
965 3838 1041 3888 Marc.
1053 3835 1157 3886 111192.

201 3912 242 3976 (t)
255 3912 327 3962 Joan.
338 3912 364 3962 ii.
376 3917 413 3963 19.

200 4001 237 4059 (b)
250 4006 265 4029 ⁴⁴
274 3999 295 4048 lt
306 3999 327 4047 is
339 3999 421 4049 lawful
433 4015 500 4064 upon
512 4003 589 4067 ajust
599 4017 672 4051 cause
684 4004 713 4052 of
725 4013 792 4065 great
803 4005 897 4071 cbarity
909 4023 937 4057 or
948 4009 1068 4072 necessity
1081 4015 1107 4057 to
1119 4022 1164 4057 nse
1180 4007 1206 4055 in
1219 4020 1264 4056 our

163 4096 271 4130 snswsrs
282 4082 330 4132 and
347 4083 509 4134 intercourses
520 4085 601 4136 words
617 4087 646 4136 of
658 4087 738 4138 divers
755 4089 927 4152 signification,
944 4092 1039 4154 though
1050 4092 1070 4142 it
1086 4091 1145 4142 does
1162 4090 1260 4140 deceive

163 4165 216 4215 him
227 4165 281 4215 that
292 4165 372 4216 asts?
400 4167 416 4216 J
418 4185 450 4219 er.
462 4170 561 4235 Taylor,
574 4173 670 4223 Ductor
680 4171 817 4227 Dubitant.
830 4175 846 4227 l.
858 4176 893 4227 iii.
904 4193 925 4227 c.
939 4180 962 4227 2.
970 4192 1012 4242 qu.
1023 4176 1058 4226 iii.
1070 4177 1118 4226 rol.
1130 4175 1156 4226 ii.
1167 4190 1192 4241 p.
1202 4174 1259 4226 199.

197 4251 237 4316 (6)
251 4249 305 4300 Lib.
317 4260 401 4302 conus
413 4255 575 4318 mendacium,
585 4258 631 4307 sub
639 4257 723 4309 finem.
