2744 4980
389 389 447 450 DE
467 388 671 451 SECUNDO
691 390 944 452 PRAEOEPTO.
1177 401 1216 457 83

127 555 277 632 quandam,
298 574 350 615 seu
376 573 468 632 pune
493 555 694 633 obligationem
716 555 821 625 reduci,
843 558 928 634 juxta
953 557 986 614 S.
1012 556 1218 634 Alphonsum)

126 656 297 728 ‘Nunquam
308 638 528 714 hincmovearz'
544 665 717 728 ‘numquam
728 655 838 714 rideam
847 655 966 724 Deum,'
982 655 1117 715 ‘damner
1124 657 1144 725 ;’
1159 659 1216 720 dcc.

125 756 197 815 idem
206 766 252 813 est
261 775 295 814 ac
305 754 419 812 dicere:
434 756 526 813 sinon
535 755 573 812 ita
582 764 635 821 est,
646 765 832 831 paraturum
841 758 933 821 mori;
947 754 1015 814 hinc
1022 775 1081 814 non
1088 761 1196 818 moveri
1208 779 1217 829 ς

126 855 220 914 Deum
233 872 392 927 numquam
405 852 518 921 videre3
538 853 676 921 damnari,
691 854 758 921 dan,
772 855 841 926 quin
849 854 929 913 Deus
942 855 1049 914 vindex
1062 856 1216 917 invocetur.

126 954 219 1013 Multo
240 955 334 1031 magis
357 972 374 1009 a
394 954 507 1011 mortali
527 952 630 1011 delicto
650 960 823 1011 excusantur
842 955 892 1027 qui
904 954 1002 1013 dicunt
1021 955 1218 1028 “Numquam

127 1051 272 1119 rideam,”
295 1053 367 1127 quin
388 1052 498 1125 ahquid
520 1050 681 1129 adjungant.
722 1054 887 1111 Asserimus
905 1053 1038 1130 jurando,
1057 1071 1103 1111 res
1125 1064 1219 1131 gestas

128 1151 276 1211 referendo
289 1151 335 1210 vel
348 1150 532 1228 denegando:
554 1152 760 1227 promissiones
773 1153 859 1210 etiam
880 1152 1027 1211 firmamus
1045 1153 1218 1229 juramento,

126 1251 177 1309 sed
189 1263 219 1309 et
231 1252 390 1310 minamur:
411 1251 487 1309 unde
507 1249 632 1327 theologi
653 1260 863 1309 consueverunt
877 1252 1103 1328 juramentorum
1123 1250 1220 1309 distin·

129 1369 213 1428 gnere
241 1352 400 1409 varietates.
442 1350 540 1417 Quum
561 1350 657 1407 omnia
677 1351 839 1427 juramenta
856 1351 989 1428 ejusdem
1014 1352 1073 1409 sint
1097 1345 1221 1426 speciei'

126 1469 196 1526 opus
209 1469 268 1508 uon
284 1462 329 1508 est
348 1448 509 1507 confitendo
522 1449 676 1525 explicare,
689 1458 783 1507 utrum
798 1468 849 1526 per
862 1449 969 1519 Deum,
983 1450 1030 1508 vel
1048 1467 1100 1526 per
1112 1449 1131 1507 J
1133 1466 1217 1507 esum

128 1548 284 1621 Qhristum,
298 1549 345 1607 vel
364 1559 554 1625 permotos,
569 1548 614 1605 vel
633 1566 686 1625 per
704 1548 818 1617 coelum,
841 1549 954 1607 aliudve
975 1549 1052 1622 quod
1070 1546 1110 1606 ad
1121 1547 1218 1606 Deum

127 1628 250 1716 reserbrr,
264 1649 330 1721 quis
339 1649 487 1726 juraverit.

164 1752 214 1806 47.
236 1748 287 1806 Ex
300 1747 367 1806 fidei
381 1746 518 1814 doctriua,
527 1747 624 1823 jurare
636 1744 704 1803 licet
722 1747 805 1803 certis
818 1747 920 1822 positis
939 1744 1166 1804 condinonibus:
1190 1743 1220 1801 id

129 1848 200 1905 enim
225 1857 389 1906 sanctorum
410 1847 537 1904 virorum
559 1864 576 1901 a
595 1843 696 1903 mundi
717 1845 826 1920 origiue
849 1845 985 1921 exempla
1002 1843 1162 1911 ostendunt,
1189 1849 1219 1899 et

129 1947 261 2022 Apostoli
277 1945 367 2015 Pauli,
381 1947 430 2018 qui
443 1944 540 2003 Deum
554 1944 659 2020 saepius
672 1943 784 2001 invocat
797 1952 906 2012 testem,
920 1943 1086 2018 comprobat
1098 1941 1218 2001 auctori·

128 2057 175 2103 tas.
220 2045 322 2103 Vetuit
334 2045 450 2117 quidem
464 2043 598 2101 Christus
613 2044 708 2119 jurare
721 2042 848 2110 omnino,
868 2043 924 2101 levi
944 2042 1051 2099 scilicet
1069 2040 1104 2099 de
1124 2060 1219 2109 causa,

129 2143 339 2217 discrimenque
352 2143 429 2217 quod
449 2143 587 2203 Pharisaei
605 2142 679 2199 inter
692 2142 856 2218 juramenta
873 2141 1040 2207 statuebant,
1054 2141 1137 2198 inane
1151 2157 1216 2198 osse

127 2243 258 2311 ostendit,
273 2243 343 2317 quin
356 2252 461 2310 tamen,
476 2242 554 2318 gravi
567 2241 699 2317 exigente
718 2257 813 2308 causa,
827 2239 1003 2315 prohibuerit
1010 2240 1117 2315 jurare,
1132 2236 1219 2310 quod,

127 2352 237 2400 servata
248 2343 380 2417 equitate
402 2352 432 2399 et
448 2341 575 2408 veritate,
598 2341 627 2399 in
641 2338 709 2406 Dei,
730 2340 779 2410 qui
802 2340 882 2396 testis
905 2337 1062 2405 adhibetur,
1083 2337 1221 2395 honorem

127 2435 228 2501 cedit³
269 2443 359 2500 “Per
380 2459 487 2500 nomen
508 2440 585 2497 illius
601 2433 760 2516 jurabis.’'⁴
800 2436 1033 2495 “Laudabunbnr
1050 2454 1151 2495 omnes
1171 2437 1222 2508 qui

122 2543 221 2617 jurant
234 2543 265 2599 in
285 2533 370 2599 eo.''⁵
411 2549 431 2577 ‘⁴
442 2540 460 2598 J
463 2537 675 2606 uramentum,”
689 2537 821 2608 iuquitS.
834 2537 976 2604 Thomas,
991 2535 1178 2594 “secundum
1190 2551 1222 2591 se

128 2651 172 2698 est
183 2641 296 2698 licitum
305 2651 334 2698 et
347 2639 517 2698 honestum:
540 2636 618 2710 quod
629 2644 749 2715 patetex
757 2637 905 2713 originect
916 2636 1035 2693 exfine:
1058 2655 1096 2693 ex
1109 2635 1221 2711 origine

124 2739 254 2813 quidem,
269 2741 336 2813 quia
351 2742 545 2817 juramentum
558 2747 603 2795 est
615 2734 806 2795 introductum
826 2754 864 2793 ex
877 2733 934 2792 lide
947 2752 1003 2806 qna
1014 2734 1148 2791 homines
1160 2746 1221 2793 ω·

125 2838 196 2898 dunt
219 2840 317 2898 Deum
338 2839 442 2897 habere
465 2837 641 2896 infallibilem
663 2835 819 2902 veritatem,
842 2843 871 2891 et
891 2830 1072 2889 universalen
1092 2830 1222 2888 omnium

124 2939 572 3017 cognitionemetprovisionem.
599 2929 1222 3009 Exfineautem,quiajuramentuminduci·

125 3048 169 3096 tur
181 3038 216 3096 ad
226 3036 441 3117 justificandum
453 3037 585 3096 homines
598 3045 627 3092 et
639 3033 675 3092 ad
687 3031 846 3091 finiendum
857 3030 1071 3099 controversias,
1082 3029 1223 3089 utdioitur

127 3137 161 3196 ad
175 3137 317 3196 Hebraeos
330 3127 425 3195 v1.’‘⁶

165 3241 215 3295 48.
238 3238 314 3295 Tres
335 3234 490 3314 juramenti
509 3232 688 3294 conditiones
714 3249 751 3288 ex
776 3229 904 3288 Jeremia
925 3227 1019 3285 solent
1039 3225 1219 3285 enumerari:

129 3345 149 3371 “
160 3336 294 3396 Iurabis:
316 3336 387 3394 vivit
399 3334 543 3393 Dominus
556 3334 586 3390 in
599 3331 725 3395 veritate,
738 3328 810 3386 etin
826 3325 948 3404 judicio,
968 3334 998 3381 et
1015 3326 1046 3383 iu
1061 3317 1220 3402 justitia,’'⁷

129 3436 242 3495 scilicet
249 3438 444 3514 juramentum
458 3434 543 3492 debet
553 3449 618 3490 esse
638 3445 748 3496 verum,
769 3445 807 3486 ex
827 3426 906 3503 gravi
918 3441 1004 3481 causa
1023 3424 1172 3500 prolatam,
1187 3419 1222 3479 ad

131 3554 192 3594 rem
206 3554 321 3609 nquam
334 3533 528 3594 sanciendam.
570 3531 635 3588 “Si
654 3528 757 3586 veritas
770 3527 854 3610 desit,
868 3524 915 3583 vel
927 3532 1041 3600 putetur
1053 3523 1163 3590 deesse,
1177 3519 1222 3579 vel

126 3633 212 3695 dubia
224 3636 263 3694 sit
270 3635 388 3713 juranti,
397 3643 441 3692 est
449 3631 616 3711 perjurium,
627 3638 656 3689 et
668 3645 784 3705 semper
796 3624 912 3684 mortale
921 3633 1082 3700 peccatum,
1093 3624 1178 3681 etiam
1190 3621 1221 3680 iu

128 3752 159 3792 re
172 3733 229 3793 levi
243 3728 397 3792 asserta.'’⁰
437 3733 595 3792 ltaomnes
614 3729 752 3805 theologi,
773 3733 890 3785 tostame
903 3724 1039 3783 Autoina.
1080 3720 1223 3779 Damnata

127 3843 173 3892 est
184 3834 343 3911 propositio
361 3850 504 3908 sequeus:
527 3831 669 3889 “Vocare
691 3828 788 3887 Deum
809 3826 840 3885 iu
861 3834 965 3884 testem
984 3818 1126 3883 mendacii
1138 3817 1221 3883 levis,

164 4003 207 4068 (l)
227 3999 258 4051 L.
269 4002 304 4052 iii.
314 4018 340 4052 u.
355 4001 410 4052 14³.
713 3997 756 4062 (2)
777 3994 878 4046 lbidsm.

165 4089 206 4153 (3)
225 4086 368 4138 Μιιν.34.
401 4086 454 4137 Jac.
467 4083 541 4136 ΜΩ.
709 4082 751 4146 (t)
771 4075 888 4129 Dentri.
902 4073 939 4122 1³.

167 4173 208 4238 (5)
228 4171 269 4223 l’s.
277 4172 329 4223 lxii.
342 4175 380 4220 ta.
715 4153 1097 4228 (dimmqudxxxinartii.
1132 4150 1207 4221 Hesp.

168 4257 212 4323 (7)
225 4256 356 4308 sscien
396 4259 405 4285 ²

168 4344 211 4408 (θ)
230 4337 614 4402 TrsetdsVirt.Dcl.c.ir.qu.
627 4335 659 4385 iv.
692 4329 793 4397 Respi.
1085 4372 1115 4409 ἱ,
