2766 4996
149 420 210 476 trs
309 408 367 471 DE
388 407 539 468 LEGUM
562 402 757 505 ClVlljllM
778 396 1091 464 mideltona.

148 578 254 638 desinit
271 575 406 650 obligare,
420 573 531 645 quoties
543 571 655 628 utilitati
668 579 696 627 et
708 568 793 628 saluti
804 567 971 644 reipublicae
984 569 1143 626 manifesto
1155 567 1236 625 adver

151 669 251 735 satiri-¹

192 778 242 831 28.
285 771 422 849 Supremi
435 770 590 847 principes,
605 770 654 841 qui
673 768 752 844 leges
772 767 874 833 serunt,
895 765 931 825 ad
949 782 1001 822 aas
1021 765 1181 823 servandas
1198 765 1247 822 dis-

153 875 234 932 tricto
253 873 395 947 juranos
416 867 547 927 videntur
570 868 670 933 tenen,
690 868 746 925 nisi
769 876 908 937 quatenus
927 881 1024 923 rerum
1048 865 1116 940 ipsa
1138 866 1247 937 {equitas

155 966 306 1048 postulat²
331 969 381 1026 Ex
395 967 465 1025 XII.
480 968 637 1025 tabularum
649 966 712 1042 lege
735 975 754 1000 ‘⁶
763 963 860 1035 urique
870 963 975 1036 quibus
984 962 1112 1039 legibus,
1127 963 1248 1039 plebisve

159 1069 249 1137 scitis,
273 1069 425 1143 imperator
447 1066 557 1123 solutus
576 1066 672 1141 legum
697 1063 867 1122 necessitate
892 1060 1084 1129 habebatur‚”
1108 1064 1151 1119 uti
1173 1063 1248 1119 refert

159 1163 264 1234 Dion,³
278 1176 297 1202 ‘⁶
308 1185 372 1224 cum
384 1162 515 1236 haudqua
535 1163 633 1230 uam‚”
643 1161 839 1221 animadvertit
847 1160 985 1227 Gracina,
997 1170 1019 1196 ⁴⁶
1028 1161 1175 1218 eximatur
1183 1161 1249 1236 prin·

150 1284 228 1342 {seps
249 1285 267 1322 a
285 1263 406 1323 vinculis
427 1262 517 1319 hones
547 1264 593 1329 tis,
615 1280 677 1335 quae
697 1261 775 1337 leges
795 1257 932 1336 perpetud
955 1258 1122 1327 comitatur,
1136 1277 1249 1333 quaeque

160 1374 265 1427 tantam
286 1371 411 1421 enatura
425 1358 502 1418 ducit
514 1361 718 1425 auctoritatem,
732 1369 763 1416 ut
779 1353 979 1434 imperatores⁴
991 1358 1248 1432 pronunciaverint,

163 1463 275 1538 ‘majus
295 1461 416 1537 imperio
429 1476 493 1515 esse
507 1458 670 1515 submittere
684 1458 796 1533 legibus
813 1455 1025 1533 principatum,'
1037 1465 1066 1511 et
1079 1449 1249 1515 Alexander⁵

159 1561 339 1619 sanctissime
352 1557 506 1634 scripserit,
531 1556 622 1615 ‘nihil
635 1565 691 1615 tam
706 1557 853 1633 proprium
865 1555 977 1630 imperii
990 1571 1069 1620 esse,
1085 1574 1172 1627 qnam
1186 1556 1248 1629 legi·

158 1662 210 1717 bus
223 1661 335 1725 vivere;
355 1669 507 1728 utcumque
530 1655 579 1713 lex
601 1655 734 1731 imperii‚'
750 1654 819 1733 (qua
832 1654 864 1710 S.
880 1652 918 1710 O.
932 1653 988 1711 hoc
1002 1671 1070 1711 meo
1079 1643 1119 1727 {et
1131 1655 1247 1732 plurium

155 1759 266 1836 judicio
287 1752 435 1833 indicatur)
463 1755 637 1813 solemnibus
659 1755 733 1831 juris
758 1754 959 1828 imperatorem
985 1752 1127 1810 solveria’
1169 1752 1247 1811 Unde

159 1876 253 1929 nequa
273 1875 290 1912 a
306 1855 452 1913 communi
473 1856 599 1929 gentium
619 1853 734 1918 studere,
748 1870 840 1923 neque
854 1871 870 1908 a
882 1852 1002 1909 nexibus
1016 1850 1152 1909 humane
1165 1852 1248 1910 socie·

159 1957 223 2013 tatis
237 1954 370 2010 eximitur
383 1954 526 2027 princeps,
542 1971 635 2023 neque
657 1952 767 2029 legibus
789 1950 855 2016 illis,
873 1951 975 2022 quibus
998 1961 1166 2027 susceptum
1188 1970 1205 2007 a
1220 1968 1248 2005 se

158 2053 290 2126 regimen
312 2042 499 2106 incumbit.”⁶
539 2049 617 2106 Hinc
637 2050 686 2108 illa
701 2051 775 2126 juris
796 2050 923 2107 canonici
945 2050 1080 2106 etcivilis
1095 2050 1247 2107 axiomata:

159 2148 301 2207 “lustum
315 2158 360 2204 est
371 2147 531 2222 principem
537 2146 649 2223 legibus
660 2149 854 2222 obtemperare
864 2147 956 2205 auis.”
999 2147 1040 2205 Et
1054 2157 1074 2183 ‘⁶
1083 2147 1181 2224 Digna
1193 2166 1247 2206 vox

159 2257 203 2306 est
221 2247 366 2322 majestate
379 2246 533 2322 regnantis,
553 2246 664 2323 legibus
685 2247 828 2322 alligatum
849 2265 880 2304 se
894 2247 1054 2322 principem
1074 2240 1246 2322 profiteri.”⁷

158 2347 193 2404 In
206 2345 351 2420 republica
365 2357 460 2404 nostra
473 2344 590 2402 dubitari
601 2346 698 2416 nequit
710 2363 761 2403 eos
775 2347 823 2416 qui
837 2346 928 2403 serunt
939 2346 1018 2420 leges
1032 2354 1062 2401 et
1073 2347 1248 2420 magistratus

158 2459 309 2518 supremos
320 2453 430 2516 gerunt,
440 2441 603 2516 uepreside
614 2442 730 2514 quidem
741 2453 871 2519 excepto,
885 2442 985 2501 eadem
1000 2461 1057 2515 qua
1070 2444 1165 2501 caeteri
1174 2444 1246 2500 cives

157 2539 240 2615 ligari
259 2539 426 2594 necessitate
449 2555 498 2593 eas
520 2538 662 2605 servandi,
683 2558 784 2597 omnes
807 2543 883 2599 enim
905 2543 982 2599 cives
1002 2543 1064 2617 pari
1077 2539 1248 2600 suntcondi·

156 2642 244 2700 tione.

197 2745 246 2799 29.
272 2739 375 2798 Utrum
402 2740 509 2817 singuli
536 2740 631 2797 Status
657 2739 784 2799 soederati
810 2743 919 2820 legibus
945 2761 962 2797 a
989 2740 1165 2819 Congressst
1190 2740 1248 2798 latis

157 2843 278 2901 omnino
301 2850 457 2905 teneantur,
481 2840 663 2898 vehementer
685 2840 874 2917 disceptatur:
896 2852 963 2899 sunt
983 2843 1060 2898 enim
1088 2842 1138 2913 qui
1159 2850 1248 2895 tenent

157 2937 336 3012 singulorum
359 2955 424 2994 esse
443 2935 572 3012 judicare
595 2949 687 2995 utrum
709 2938 890 3015 congressus
910 2959 958 2996 aas
978 2938 1095 2997 serendo
1107 2937 1249 3015 potestatis

156 3034 211 3089 sibi
224 3032 396 3090 concredita
410 3033 514 3089 limites
529 3036 693 3099 excesserit,
714 3048 742 3091 et
760 3038 890 3094 utilitates
911 3038 1041 3095 Statuam
1062 3035 1247 3109 quorumdam

156 3129 329 3207 neglexerit,
343 3140 371 3187 et
383 3131 462 3205 leges
477 3129 582 3188 idcirco
603 3131 694 3187 nullas
714 3131 865 3202 declarare,
879 3147 907 3192 et
925 3138 1004 3193 omni
1024 3137 1136 3212 privare
1149 3135 1249 3193 effectu

155 3229 228 3287 intra
241 3248 327 3288 suum
348 3230 519 3287 territorium
533 3226 557 3286 :⁸
577 3229 625 3287 alii
644 3228 711 3287 verb
732 3231 874 3289 affirmant
893 3234 988 3291 Status
1010 3252 1123 3301 omnes,
1137 3236 1210 3292 sicut
1222 3243 1247 3288 et

188 3395 230 3456 (l)
251 3399 264 3424 ¹·
274 3391 359 3442 When
372 3408 386 3441 a
399 3392 445 3441 law
457 3392 488 3455 by
505 3391 546 3440 tha
565 3389 660 3453 change
672 3392 700 3440 os
713 3390 796 3453 things
815 3407 841 3440 or
853 3407 920 3441 cases
938 3392 958 3441 is
969 3393 1069 3443 beeorm
1080 3410 1113 3444 an
1125 3410 1212 3457 enemy
1225 3402 1247 3441 to

151 3475 193 3524 tha
204 3493 318 3525 common
330 3475 400 3538 good,
414 3479 432 3526 it
444 3479 463 3526 is
476 3487 519 3527 not
538 3486 563 3527 to
575 3479 604 3527 be
616 3478 738 3533 ohservad,
749 3477 811 3527 saith
824 3478 952 3541 equium
970 3479 1017 3528 and
1029 3478 1061 3529 he
1073 3481 1141 3542 gives
1154 3481 1202 3530 this
1214 3481 1247 3528 in.

151 3565 249 3606 stance:
268 3559 291 3604 A
304 3559 350 3605 law
362 3559 384 3606 is
396 3561 466 3608 mods
478 3561 567 3610 thatin
579 3561 621 3610 tha
633 3561 691 3611 time
703 3563 732 3610 of
744 3562 822 3624 siegas
843 3562 884 3611 the
901 3570 969 3624 gates
986 3563 1013 3612 ol
1027 3580 1042 3613 a
1053 3565 1102 3628 city
1115 3567 1145 3614 be
1157 3563 1247 3627 always

150 3640 209 3702 kept
219 3638 292 3695 shutt
309 3641 353 3689 but
364 3639 406 3689 tha
418 3643 507 3701 guarda
518 3660 557 3692 ars
568 3645 672 3694 settled
690 3654 715 3695 to
733 3647 794 3711 obsy
807 3645 856 3696 this
873 3647 929 3706 law,
946 3646 1019 3696 when
1040 3648 1081 3698 ths
1100 3649 1200 3699 citizens
1215 3649 1246 3711 dy

151 3721 240 3772 thither
251 3721 313 3771 from
325 3720 367 3770 ths
378 3720 470 3783 danger
481 3724 510 3771 ol
523 3723 564 3773 tha
576 3725 688 3788 snsmy.'’
722 3728 775 3777 Jar.
785 3726 887 3792 Taylor,
899 3729 973 3779 Duct
987 3729 1052 3782 uus.
1065 3732 1081 3780 l.
1093 3731 1128 3781 iii.
1140 3748 1161 3781 c.
1175 3733 1190 3781 i.
1202 3732 1247 3778 vol·

150 3804 174 3855 2.
186 3823 209 3871 p.
222 3808 263 3855 ³5.

186 3893 228 3958 (2)
249 3891 312 3941 Vide
324 3890 362 3940 Da
370 3891 460 3952 Vattal,
472 3889 537 3942 Lars
550 3892 578 3942 of
586 3891 700 3955 Nations,
711 3895 726 3944 l.
739 3894 754 3945 i.
765 3912 786 3945 c.
799 3897 830 3951 ir.
844 3900 858 3956 ς
871 3899 912 3947 49.

186 3977 230 4041 (3)
251 3975 280 4024 L.
292 3976 335 4026 liii.
347 3994 370 4041 p.
384 3978 442 4035 509,
454 3978 543 4026 etbld.
737 3983 777 4047 (t)
796 3981 983 4050 heligaudus,
995 3983 1026 4034 iv.
1038 3999 1059 4033 c.
1072 3984 1103 4033 ds
1114 3985 1216 4048 legibus.

186 4063 229 4126 (b)
249 4060 278 4111 1..
289 4062 323 4111 iii.
335 4061 365 4111 de
377 4071 430 4112 test.
442 4071 467 4111 et
478 4064 683 4126 quamadmodum
695 4073 749 4115 test
762 4082 826 4131 aper.

147 4143 151 4200 ζ
183 4145 223 4208 (s)
243 4143 351 4195 Gravius
363 4144 393 4194 L.
406 4147 468 4209 aing-
479 4148 510 4198 ds
522 4148 593 4198 Rom.
602 4149 661 4212 imp.
673 4151 687 4206 ς
698 4149 772 4201 xxvii.
859 4153 901 4218 (7)
920 4151 981 4217 Cap.
993 4151 1097 4207 lustu!
1115 4153 1179 4204 Dias.
1192 4156 1216 4202 9.

184 4227 222 4291 (8)
242 4225 281 4277 De
301 4227 378 4293 hujus
394 4233 520 4282 enuntia
538 4233 647 4297 patronis
663 4232 722 4284 dicit
739 4233 864 4297 llarshall,
880 4252 1009 4303 supremos
1028 4239 1123 4304 judex:
1151 4239 1248 4303 “They

149 4310 276 4370 matr.
289 4311 342 4362 that
354 4313 395 4362 ths
403 4317 565 4369 constitution
577 4319 606 4368 ol
614 4318 656 4369 ths
667 4318 759 4370 United
770 4320 853 4372 Ststss
863 4320 910 4373 has
920 4323 1038 4389 provided
1048 4339 1083 4375 uo
1094 4325 1201 4377 tribunal
1213 4324 1249 4375 lot
