2744 4980
158 405 217 461 att
414 399 471 460 DE
493 399 695 460 GENTIUM
716 394 988 458 COMMERCIO.

200 569 246 622 lo.
267 563 301 622 ld
321 572 415 622 autem
438 565 544 637 inquiri
561 574 655 640 potest
675 573 770 622 utrum
791 562 856 635 quis
877 563 970 638 possit
990 567 1049 618 tute
1074 561 1252 618 conscientia

161 663 363 723 commercium
376 681 473 739 gerere
487 665 541 721 sub
554 663 660 722 vexillo
674 659 801 728 neutrali,
815 670 844 718 et
856 659 1034 719 documentis
1048 659 1095 716 vel
1108 658 1195 723 fictis,
1210 659 1252 715 vel

158 781 195 821 ex
207 761 345 820 industria
357 762 436 820 saetis
449 772 480 819 ut
493 762 647 822 discrimen
666 759 802 818 evadant:
823 769 936 818 constat
953 761 1062 835 quippe
1083 758 1253 834 plerumque

158 879 268 920 merces
282 861 407 918 invectas
421 862 451 918 in
464 871 576 937 portum
590 859 745 920 neutralem
752 869 784 917 ut
796 857 862 918 inde
872 857 1088 916 deveherennr.
1131 855 1254 914 Videtur

158 977 242 1036 grave
270 977 329 1016 non
350 958 459 1017 admitti
485 969 633 1038 peccatum
655 957 810 1016 dummodo
832 958 989 1034 perjurium
1014 957 1156 1014 evitetur:
1180 955 1255 1027 quod

160 1061 238 1116 euim
252 1075 316 1129 quis
330 1068 388 1114 arte
402 1057 524 1128 quadam
542 1067 572 1114 et
593 1059 659 1117 dolo
672 1066 780 1132 quoerat
799 1056 913 1115 eludere
932 1056 1012 1132 leges
1036 1057 1142 1127 quibus
1157 1064 1255 1132 gentes

162 1156 238 1214 bello
252 1156 324 1212 inter
343 1173 375 1213 se
397 1155 496 1215 divisae
517 1168 647 1230 querunt
660 1159 778 1216 aliarum
797 1156 1000 1213 commercium
1020 1171 1166 1220 coercere,
1182 1151 1257 1209 nullo

160 1253 293 1311 naturalis
306 1255 445 1326 equitatis
459 1256 600 1333 principio
611 1264 765 1334 repugnat:
787 1252 840 1312 sed
852 1253 1010 1312 discrimini
1029 1254 1167 1330 objicitur
1180 1252 1257 1308 amit·

160 1351 237 1409 tendi
251 1370 360 1410 merces
373 1363 402 1410 et
414 1373 526 1421 navem,
541 1355 568 1412 si
581 1356 611 1414 in
626 1357 720 1432 gentis
733 1354 848 1412 alterius
862 1361 1030 1429 potestatem
1043 1351 1165 1410 venerit.

431 1598 499 1674 §11.
521 1598 569 1658 Ds
584 1615 837 1658 mararensium(
851 1615 989 1658 accusso.

204 1783 251 1838 17.
272 1778 427 1837 Transitus
450 1800 502 1857 per
527 1783 658 1859 regiones
678 1789 789 1840 exteras
811 1782 979 1859 plerumque
999 1778 1082 1838 datur
1107 1779 1260 1837 communi

163 1880 291 1955 gentium
299 1879 375 1954 jure,
387 1881 498 1950 quoties
511 1898 630 1939 necesse
644 1882 690 1949 sit,
699 1890 727 1938 et
738 1882 844 1955 absque
855 1882 946 1958 muns
959 1877 1128 1938 detrimento
1138 1875 1262 1936 concedi

163 1979 264 2053 possit.
306 1977 356 2035 Sic
370 1987 399 2034 et
411 1997 462 2055 per
475 1977 594 2039 flumina
603 1998 690 2038 naves
700 1977 877 2038 descendunt
886 1980 1079 2044 adoceanum,
1090 1985 1120 2035 et
1131 1975 1170 2035 ad
1183 1976 1261 2034 littus

162 2075 318 2151 appellunt,
331 2087 448 2152 urgente
461 2078 644 2145 necessitate;
666 2078 754 2152 aequis
764 2078 976 2139 conditionibus
989 2087 1086 2137 tanim
1099 2073 1261 2138 servandis,

163 2191 234 2246 quas
249 2174 278 2229 in
291 2174 337 2231 sui
350 2175 530 2234 securitatem
541 2195 622 2254 gens,
633 2177 715 2253 cujus
729 2186 772 2235 est
780 2179 870 2255 regio,
882 2177 1017 2236 statuerit.
1059 2174 1147 2242 Quod
1161 2175 1188 2232 si
1203 2172 1262 2231 dux

163 2272 320 2330 exercitum
335 2291 387 2348 per
398 2275 546 2352 regionem
560 2274 738 2349 tranquillam
760 2275 864 2335 ducere
884 2275 1013 2342 voluerit,
1026 2274 1152 2334 nouerit
1165 2273 1261 2348 copia,

163 2371 220 2428 nisi
233 2388 271 2427 ex
285 2372 424 2448 principis
438 2374 560 2442 arbitrio,
571 2383 600 2433 et
612 2375 743 2433 cautione
757 2375 881 2450 praestita
889 2393 926 2434 ne
937 2370 1005 2447 quid
1015 2370 1113 2432 damni
1126 2372 1260 2448 patiatur.

164 2467 280 2542 Moysis
293 2469 428 2545 exemplo
447 2472 534 2529 utitur
554 2465 697 2540 Grotius,¹
718 2480 785 2549 post
803 2473 1005 2550 augustinum,
1024 2466 1132 2529 bellum
1153 2467 1263 2526 idcireo

159 2566 223 2642 J'ure
237 2565 346 2622 illatum
360 2566 520 2625 affirmans:
544 2569 708 2626 “innoxius
726 2569 804 2627 euim
827 2572 959 2628 transitus
981 2567 1185 2646 denegabatur,
1208 2566 1259 2640 qui

159 2663 223 2739 jure
237 2662 369 2722 humanae
383 2666 528 2722 societatis
541 2667 707 2738 equissimo
720 2677 815 2742 patere
829 2657 996 2725 debebat.”¹

206 2764 252 2818 18.
274 2761 452 2838 Alienigenis
466 2762 633 2839 plenamque
647 2762 728 2823 datm
739 2764 853 2822 libertas
866 2763 1019 2823 accedendi
1030 2761 1065 2821 ad
1077 2772 1180 2840 gentes
1191 2779 1262 2838 pace

163 2860 344 2936 conjunctas:
367 2878 429 2932 quoe
456 2860 531 2937 apud
556 2862 706 2921 nosnullo
727 2872 847 2921 arctatur
865 2863 966 2929 limite,
987 2860 1040 2922 sed
1060 2860 1137 2937 apud
1159 2869 1261 2937 gentes

163 2957 314 3032 plerasque
327 2957 485 3034 Europaeas
499 2959 577 3018 salvo
590 2959 731 3021 conductu
745 2979 818 3038 opus
828 2971 881 3031 est,
890 2961 1011 3020 etvenia
1022 2959 1152 3037 speciali.
1197 2956 1262 3016 Cac-

164 3062 256 3111 terum
268 3056 495 3133 uniuscujusque
506 3059 598 3133 gentis
611 3070 655 3117 est
661 3061 725 3137 lege
732 3078 831 3119 cavere
842 3079 878 3119 ne
888 3060 1049 3136 respublica
1057 3056 1260 3116 detrimentum

166 3153 270 3228 capiat,
285 3151 452 3231 alienigenis
466 3155 599 3215 admissis
607 3158 739 3231 quihaud
752 3168 866 3218 careant
874 3159 1048 3236 suspicione,
1059 3157 1220 3234 praesertim
1233 3157 1263 3213 iu

137 3320 145 3325 .
165 3252 278 3327 magnis
290 3270 385 3311 rerum
399 3251 640 3330 tempestatibus.³

206 3353 253 3408 19.
276 3349 379 3410 Utrum
393 3354 457 3425 quis
471 3356 564 3430 possit
575 3355 681 3429 absque
695 3354 857 3432 reipublice
870 3355 954 3413 venia
966 3372 982 3412 e
995 3354 1087 3430 patria
1099 3351 1259 3419 discedere,

167 3455 196 3503 et
209 3449 352 3507 civitatem
366 3452 432 3509 alibi
445 3452 576 3530 adipisci,
591 3455 717 3530 prestito
736 3455 821 3512 etiam
840 3453 982 3512 fidelitatis
992 3453 1169 3529 juramento,
1185 3470 1262 3526 qus·

165 3629 250 3680 suche
261 3632 359 3689 station
371 3649 398 3682 as
410 3643 435 3682 tc
447 3651 538 3699 crpore
549 3643 574 3686 to
592 3637 722 3689 imminent
732 3637 830 3700 danger,
848 3655 896 3703 noy
908 3639 964 3705 sbip
974 3655 1002 3688 cr
1017 3638 1095 3704 ships,
1105 3637 1160 3689 that
1171 3637 1262 3687 should

165 3722 266 3850 polteerppt
284 3724 308 3765 to
325 3724 393 3766 enter
410 3734 438 3767 or
454 3718 562 3784 depcrt.'’
597 3724 621 3770 3.
639 3722 694 3773 Art.
710 3724 774 3788 pacti
792 3724 1026 3789 septemtrionalium
1043 3739 1176 3786 regnorum
1196 3738 1263 3773 anuo

201 3885 244 3950 (l)
264 3883 302 3935 Dc
313 3885 373 3936 Jurc
384 3886 448 3938 Eelli
459 3896 484 3938 et
496 3887 574 3949 Pacis,
587 3889 602 3940 l.
614 3889 639 3941 ii.
650 3906 671 3940 c.
682 3890 732 3951 itt
745 3891 796 3941 xiii·
806 3906 832 3941 n.
843 3891 868 3942 2.

200 3970 241 4033 (2)
259 3969 289 4020 L.
299 3988 340 4036 qu.
351 3972 409 4022 xliv.
421 3989 500 4039 super.
509 3973 587 4025 Num·
598 3975 691 4041 adcap.
701 3992 744 4027 xx.

199 4053 241 4118 (3)
261 4061 276 4085 “
286 4055 297 4104 Ι
309 4073 349 4105 am
361 4057 390 4106 ct'
402 4059 511 4123 opinion,
523 4059 574 4109 thot
585 4075 656 4125 every
668 4067 829 4123 government
838 4060 884 4111 has
900 4060 942 4111 tlte
953 4061 1026 4123 right,
1037 4059 1085 4110 eud
1100 4060 1123 4110 is
1140 4059 1226 4110 bound
1237 4061 1264 4110 iu

163 4135 224 4197 duty
236 4144 262 4184 to
271 4138 347 4202 judge
357 4139 393 4189 lor
404 4141 472 4192 itsell
484 4142 542 4192 how
559 4143 595 4193 lar
606 4143 650 4194 the
666 4145 794 4196 unlimitsd
811 4160 894 4210 possm
905 4145 933 4194 of
945 4144 1161 4208 emigrationem
1177 4145 1208 4194 oi
1221 4143 1263 4194 the

162 4218 295 4270 admission
306 4223 355 4273 and
366 4225 491 4277 residencs
510 4227 539 4277 cf
551 4237 673 4291 mungers
690 4229 739 4281 sud
750 4231 883 4294 emigrante
899 4246 956 4296 may
967 4232 997 4280 bs
1008 4229 1144 4281 comistent
1155 4228 1218 4279 with
1231 4230 1264 4279 its

163 4319 220 4353 own
232 4304 292 4354 local
300 4305 419 4366 mtsrests,
430 4309 589 4371 institutione,
600 4313 650 4363 end
661 4312 762 4378 mstyt'
796 4313 887 4366 Kent's
899 4313 997 4364 (lotum.
1009 4312 1041 4364 V.
1054 4313 1070 4364 i.
1082 4329 1107 4364 n.
1121 4313 1162 4362 ³⁵.
1189 4311 1259 4364 Note.
