2744 4980
136 395 195 449 298
375 387 431 446 DE
453 385 660 447 peccaris
681 383 972 445 Qarlranlsstts

136 564 229 617 mmm
244 553 356 625 quando
369 555 433 626 quis
448 561 525 627 putat
544 571 576 609 se
595 569 681 628 posse
702 550 810 622 absque
831 548 929 606 divino
948 550 1058 606 lumine
1075 558 1162 605 totam
1177 544 1229 603 Dei

138 653 324 710 oeoouomiam
339 652 480 710 inmundi
501 652 638 727 regimine
658 649 813 725 explicare,
828 649 873 705 vel
893 649 1055 723 intelligere
1069 667 1076 713 ;
1100 659 1148 703 aut
1160 646 1229 703 salu·

138 761 194 808 tem
214 752 352 822 consequi
373 752 487 831 absque¹
501 752 599 824 gratia,
619 749 689 807 sol'u
712 750 771 806 suis
784 749 901 805 viribus.
944 747 995 805 Sic
1010 749 1059 819 qui
1074 765 1108 802 se
1129 759 1229 802 temere

137 851 234 925 objicit
247 849 398 906 manifesto
421 850 530 925 peccati
553 847 720 913 discrimini,
741 848 801 904 suis
824 847 932 904 viribus
955 848 1053 913 nixus,
1076 863 1230 920 praesump-

137 949 220 1006 tionis
235 948 372 1023 gravioris
386 966 465 1004 reum
480 965 510 1002 se
525 947 635 1022 prodit:
658 957 830 1022 quapropter
849 947 899 1018 qui
912 946 1003 1004 libros
1017 946 1172 1002 obscoenos
1184 963 1229 1000 cu·

136 1047 212 1103 riose
239 1047 367 1122 perlegit,
390 1046 435 1103 vel
454 1046 503 1117 qui
525 1064 590 1102 curn
613 1046 779 1102 mulieribus
803 1044 975 1102 familiariter
995 1055 1136 1107 versatur,
1159 1038 1231 1098 nulla

140 1143 264 1201 adhibita
276 1146 395 1211 cautela,
410 1144 492 1219 culpa
506 1144 640 1201 immunis
653 1163 712 1202 non
725 1155 778 1201 est.
821 1142 878 1209 Qui
898 1162 983 1220 grave
1004 1143 1144 1201 damnum
1158 1140 1232 1196 alteri

140 1243 234 1310 insert,
256 1260 359 1301 munus
380 1242 547 1320 aggrediens
568 1242 644 1313 quod
671 1262 729 1300 non
751 1243 825 1300 valet
844 1243 990 1317 perficere,
1013 1240 1084 1299 illud
1107 1258 1233 1315 reparare

139 1341 231 1406 debet,
254 1360 342 1413 quum
362 1361 414 1398 sua
434 1341 518 1417 culpa
540 1343 660 1399 eveniat.
703 1341 781 1417 lline
804 1343 853 1412 qni
880 1342 1102 1398 instrumentum
1123 1338 1235 1395 conficit

138 1442 253 1516 ignarus
268 1438 412 1510 quomodo
425 1441 476 1496 rite
490 1439 700 1498 conficiendum
714 1439 761 1506 sit,
776 1450 887 1497 tenetur
899 1438 934 1496 ad
953 1437 1147 1516 reparandum
1160 1436 1234 1494 dam·

139 1556 217 1594 num.
260 1538 318 1602 Qui
331 1557 384 1595 suo
394 1537 503 1613 judicio
517 1539 645 1595 confisus
658 1539 744 1597 ritum
752 1557 860 1597 norum
870 1537 1004 1596 inducere
1016 1535 1124 1601 studet,
1133 1536 1235 1607 absque

118 1636 304 1713 qiraesulum,
319 1637 477 1712 praesertim
491 1637 614 1694 Romani
629 1637 789 1705 Pontificis,
811 1639 901 1704 venia,
923 1647 1074 1712 peccatum
1091 1653 1177 1712 grave
1191 1635 1235 1692 ad-

140 1735 235 1802 mittit,
250 1753 316 1793 narn
329 1747 360 1793 ut
368 1734 507 1793 Radulfus
518 1735 698 1813 Tungreusis
709 1734 922 1815 animadvertit:
945 1746 964 1771 ‘⁴
979 1737 1015 1795 ln
1028 1735 1130 1793 divino
1144 1732 1236 1792 offieio

141 1845 185 1889 est
198 1852 214 1889 a
227 1834 397 1892 novitatibus
411 1835 528 1892 omnino
549 1829 795 1895 abstinendum.”¹
836 1833 869 1893 ld
892 1834 973 1893 uobis
997 1832 1162 1892 cavendum
1184 1845 1236 1897 est,

142 1951 232 2005 quum
246 1950 283 1989 ex
296 1932 389 1990 studio
408 1932 582 2010 prejudiciis
605 1933 802 1994 heroicorum
820 1934 933 1993 obviam
947 1933 1047 2001 eundi,
1068 1933 1137 2006 quis
1157 1931 1236 1990 sacile

141 2031 237 2088 induci
251 2032 352 2107 possit,
366 2043 439 2089 utea
448 2032 531 2090 saciat
540 2051 604 2105 quae
618 2045 714 2091 carent
727 2035 860 2110 exemplo
870 2042 899 2090 et
909 2033 1083 2091 auctoritatis
1094 2030 1235 2110 presidio.

182 2133 231 2187 38.
259 2129 383 2189 ambito
409 2140 454 2187 est
479 2130 653 2188 inordinatus
676 2131 817 2192 honomm
839 2141 868 2190 et
887 2131 1060 2208 dignitatum
1083 2131 1236 2208 appetitus.

144 2227 200 2286 Est
212 2227 329 2286 mortale
343 2240 491 2305 peccatum
503 2231 529 2288 si
542 2230 607 2303 quis
621 2240 698 2315 tanto
717 2232 818 2290 affectu
832 2231 971 2289 honorem
983 2241 1112 2308 appetat,
1127 2240 1158 2287 ut
1174 2248 1237 2288 eurn

144 2329 263 2389 omuino
284 2328 493 2405 impetrandum
516 2338 626 2397 statuat,
649 2349 835 2403 quecumque
852 2329 1013 2388 adhibenda
1025 2331 1085 2388 sint
1104 2327 1236 2391 subsiffia

140 2422 248 2485 Peccat
260 2427 344 2484 etiarn
357 2427 479 2502 graviter
491 2429 542 2501 qui
554 2427 670 2500 aliquod
689 2430 848 2489 subsidium
869 2430 986 2487 vetitum
1000 2427 1130 2497 adhibet,
1142 2429 1183 2485 uti
1195 2446 1236 2484 ca·

143 2523 265 2581 lumnias
288 2523 391 2582 remulo
404 2518 573 2583 incautas}
592 2518 669 2598 quod
684 2528 790 2603 jamin
811 2547 889 2587 more
910 2537 953 2586 est
965 2546 1071 2586 munus
1086 2527 1232 2604 publicum

119 2596 311 2700 wetentibus.
354 2622 458 2679 Gravis
472 2641 586 2695 quoque
599 2634 643 2680 est
655 2625 739 2701 culpa
749 2644 854 2685 munus
868 2636 1002 2703 appetere
1015 2626 1097 2700 quod
1110 2626 1176 2700 quis
1189 2644 1234 2684 ex·

142 2740 237 2780 ercere
247 2712 309 2779 lion
322 2721 412 2778 valeat
424 2722 529 2793 absque
543 2723 621 2798 gravi
634 2723 753 2784 aliorum
773 2725 953 2784 detrimento.
995 2725 1048 2783 Sic
1059 2728 1113 2800 qni
1127 2727 1232 2801 episeo-

143 2830 241 2898 patum
255 2823 363 2897 appetit
376 2821 500 2880 moribus
514 2819 589 2878 haud
599 2821 727 2899 integris,
742 2825 787 2882 vel
796 2843 883 2882 sacre
893 2823 1017 2881 scientiae
1028 2825 1108 2883 haud
1122 2825 1233 2901 petius.

143 2922 235 2996 gravis
249 2922 358 2994 peccati
379 2939 444 2977 reus
464 2930 526 2988 est3
549 2920 752 2995 “Plerumque
766 2925 815 2996 qui
831 2941 955 2999 preesse
975 2926 1186 2999 concupiscunt
1201 2922 1233 2980 ad

142 3115 198 3170 ait:
222 3113 273 3170 ‘Si
288 3116 352 3185 quis
373 3116 569 3190 episcopatum
589 3115 731 3177 desiderat
749 3123 857 3179 bonum
878 3139 951 3198 opus
970 3119 1150 3185 desiderat*
1172 3120 1233 3193 ‚Qui

142 3223 236 3272 tamen
250 3210 365 3275 laudans
379 3213 561 3282 desiderium,
577 3215 605 3273 in
620 3236 754 3293 pavorem
768 3222 851 3279 vertit
867 3221 996 3296 protinus
1009 3219 1089 3293 quod
1103 3219 1232 3284 laudarit,

141 3331 208 3370 cum
221 3323 335 3387 repente
349 3314 512 3390 subjungit:
537 3314 677 3392 ‘Oportet
697 3328 791 3378 autem
814 3322 984 3397 episcopum
1003 3319 1232 3396 irreprehensibi-

141 3410 199 3470 lem
212 3410 308 3468 esse.”
320 3406 345 3439 ’²

180 3513 229 3566 39.
251 3509 333 3567 Vana
345 3512 435 3587 gloria
445 3523 488 3569 est
500 3511 673 3572 inordinatus
683 3514 773 3574 laudis
787 3517 920 3576 humane
931 3517 1084 3594 appetitus.
1107 3517 1232 3576 Plerum-

140 3625 196 3680 que
211 3609 328 3666 venialis
343 3620 387 3668 est
399 3612 501 3688 culpa;
520 3609 584 3669 fieri
598 3623 692 3672 tamen
706 3625 801 3692 potest
813 3627 846 3673 ut
858 3618 925 3688 quis
939 3617 1021 3674 rebus
1036 3617 1135 3692 pravis
1149 3634 1232 3692 popu·

140 3705 228 3765 larem
242 3717 336 3784 captet
348 3728 463 3776 auram;
478 3710 522 3766 vel
533 3709 604 3768 adeo
617 3712 708 3771 inhiet
718 3714 801 3773 samae
815 3726 843 3771 et
855 3715 943 3780 laudi,
958 3725 988 3772 ut
1002 3715 1137 3774 ultimum
1151 3716 1230 3772 finem

142 3807 173 3865 in
192 3826 226 3865 ea
247 3809 417 3867 constituere
438 3807 582 3865 videatur:
604 3811 681 3881 quod
704 3831 790 3888 grave
811 3825 963 3889 peccatum
985 3824 1047 3872 est:
1072 3823 1092 3850 ‘⁴
1105 3812 1229 3878 Potest,”

142 3906 234 3980 inquit
246 3907 440 3999 QTbomas,
465 3915 484 3942 “
494 3908 657 3987 eontrarium
671 3910 799 3971 charitati
820 3912 988 3989 dupliciter:
1010 3931 1070 3972 uno
1084 3912 1184 3980 modo,
1197 3931 1232 3970 rr·

178 4111 220 4175 (l)
242 4109 295 4159 Lib.
307 4111 336 4159 de
349 4111 517 4162 observantiis
526 4092 650 4164 canonicis
666 4130 734 4180 prop.
746 4117 777 4165 vi.
795 4112 861 4166 Vide
873 4118 943 4182 plure
960 4116 1024 4182 apud
1038 4116 1156 4166 Natalem
1167 4116 1232 4165 Alex-

142 4195 245 4245 andrum
256 4195 338 4245 Tract.
347 4197 377 4245 de
388 4214 438 4261 pec.
450 4215 472 4248 c.
484 4200 516 4249 iv.
528 4208 572 4249 ert
583 4201 635 4252 xxi.
654 4201 713 4264 Reg.
727 4203 752 4251 ii.

179 4282 222 4345 (8)
236 4280 262 4326 S.
274 4281 348 4343 Greg.
361 4280 445 4343 Magn.
459 4282 523 4333 Post
536 4299 587 4349 pur.
598 4284 614 4333 i.
623 4300 644 4334 e.
655 4286 686 4334 vi.
