2744 4980
402 387 459 449 DE
480 387 684 450 SECUNDO
704 389 955 453 PRAEOEPTO.
1183 401 1222 454 st

126 573 261 615 nummos
275 554 417 626 quosdam
437 552 578 624 daturum,
598 565 693 632 potest
710 558 746 616 ab
765 557 903 634 episcopo
923 567 1018 633 petere
1030 569 1063 616 ut
1078 561 1222 637 juramen·

129 665 194 714 tum
207 653 279 712 illud
292 654 402 713 irritum
414 653 569 721 habeatur3
590 656 660 721 imo,
670 656 754 732 juxta
766 655 886 728 aliquos,
907 673 969 713 eam
983 656 1224 732 dispensationem

128 764 228 830 petere
243 761 347 828 potest,
360 753 413 809 etsi
419 750 544 828 jurando
557 753 717 828 promiserit
728 772 759 811 se
773 771 830 810 non
843 755 1015 830 petiturum:
1031 757 1225 832 juramentum

128 853 210 909 enim
230 849 395 926 hujusmodi
415 867 466 926 per
485 867 516 907 se
535 851 645 909 irritum
668 851 781 918 habent,
796 869 885 925 quum
905 852 944 910 sit
964 862 1061 911 contra
1081 854 1225 930 publicam

126 949 294 1007 utilitatem.

171 1050 222 1105 51.
242 1046 440 1104 sarmentum
456 1055 596 1104 extortum
616 1040 685 1106 dolo'
703 1048 748 1105 vel
766 1066 860 1106 errore
879 1050 954 1107 circa
972 1049 1014 1105 rei
1032 1050 1225 1117 substantiam,

128 1146 177 1202 vel
192 1144 341 1217 qualitates
354 1145 451 1220 magni
464 1147 601 1203 momenti
616 1164 679 1217 quae
692 1147 877 1205 substantiam
887 1147 1024 1214 afficiunt,
1034 1165 1092 1204 non
1104 1142 1225 1224 obligat:

128 1243 217 1302 deest
229 1245 308 1301 enim
322 1261 406 1300 verus
421 1243 509 1299 animi
522 1244 629 1302 iurem
643 1263 706 1317 quac
724 1247 898 1320 promittitur
910 1264 1079 1304 consensus.
1122 1246 1173 1304 Sic
1181 1247 1228 1323 ju·

129 1354 297 1402 ramentum
310 1340 413 1417 puellae
434 1341 540 1399 sactum
553 1342 589 1400 de
609 1344 790 1402 matrimonio
804 1362 871 1400 cum
883 1362 918 1401 ea
929 1343 1056 1402 ineundo
1069 1363 1128 1402 non
1141 1343 1225 1411 valet,

129 1444 158 1499 si
171 1444 245 1518 ipsa,
256 1439 456 1527 humiliquum
467 1450 545 1497 esset
554 1440 727 1510 conditione,
736 1442 851 1500 tinxerit
860 1461 892 1500 se
902 1443 991 1501 nobili
1004 1460 1109 1518 genere
1122 1451 1226 1500 natam.

176 1547 227 1599 52.
248 1539 462 1605 iuramentum,
483 1557 541 1610 quo
560 1541 698 1617 promittit
717 1541 819 1612 aliquis
832 1558 864 1598 se
877 1560 938 1599 rem
954 1541 1059 1599 malam
1078 1541 1228 1608 iacturum,

134 1659 227 1716 grave
246 1646 291 1697 est
309 1645 467 1713 peccatum,
488 1645 517 1694 ct
535 1639 613 1697 omni
634 1648 710 1696 caret
730 1641 848 1707 robore;
865 1641 1058 1715 juramentum
1080 1641 1158 1698 euim
1171 1657 1230 1697 non

135 1747 312 1814 potestesse
326 1735 472 1793 vinculum
486 1730 670 1809 iniquitatis.¹
711 1738 744 1795 Si
763 1755 824 1794 rem
844 1757 947 1796 vanam
960 1745 989 1793 et
1007 1739 1128 1795 otiosam
1140 1738 1231 1813 respi-

136 1839 208 1903 ciat,
232 1854 294 1908 quar
313 1833 474 1892 nullatenus
493 1852 532 1892 ex
554 1835 695 1912 adjunctis
716 1836 927 1902 cohonestatur,
941 1835 1000 1892 vim
1019 1836 1103 1892 etiam
1123 1833 1231 1892 nullm

138 1936 275 1993 habebit:
298 1952 350 1992 nec
359 1933 437 1990 eninr
451 1932 532 1991 Deus
545 1932 710 2009 hujusmodi
730 1951 824 1992 rerum
838 1934 1046 2009 implendarum
1058 1941 1134 1989 recte
1147 1930 1233 1990 addu-

139 2035 216 2092 citur
229 2033 317 2090 testis.
358 2030 503 2089 Caeterum
518 2032 543 2088 si
553 2033 747 2107 juramentum
760 2031 953 2090 inutilitatem
967 2031 1087 2107 alicujus
1100 2047 1232 2106 personae

137 2131 236 2197 cedat,
251 2140 279 2186 et
291 2131 400 2203 absque
413 2139 529 2207 peccato
543 2127 656 2204 impleri
667 2130 769 2204 possit,
791 2130 969 2205 implendum
988 2138 1042 2196 eat,
1056 2130 1109 2186 etsi
1129 2139 1233 2186 temere

138 2232 227 2288 fuerit
241 2229 391 2287 emissum.
434 2227 505 2293 Quae
515 2228 677 2302 juramenta
695 2247 712 2284 a
720 2229 785 2304 jure
799 2228 977 2285 declarantur
989 2228 1076 2292 irrita,
1090 2236 1234 2297 tamquam

141 2339 242 2388 contra
254 2329 347 2385 bonos
367 2343 461 2383 mores
483 2327 599 2392 emissa,
618 2325 677 2383 vim
698 2325 805 2383 nullam
825 2318 957 2384 habent.2
996 2324 1121 2391 Quidam
1140 2333 1235 2380 autem

141 2436 305 2486 contractus
319 2426 388 2482 alias
401 2424 432 2481 in
444 2424 570 2482 savorem
589 2424 813 2498 promittentium
832 2425 911 2493 irriti,
932 2441 970 2480 ex
985 2424 1059 2499 juris
1073 2421 1165 2479 civilis
1179 2420 1236 2479 dis·

143 2527 288 2601 positione
301 2521 435 2581 servandi
448 2532 525 2589 sunt,
540 2522 565 2578 si
575 2522 769 2599 juramentum
783 2523 818 2579 iis
838 2522 1006 2579 accesserit:
1028 2538 1086 2593 quo
1098 2519 1235 2584 relaxato,

140 2642 246 2683 eorum
259 2625 303 2681 vis
319 2621 412 2679 omnis
426 2620 546 2678 desinet.
587 2619 642 2677 Jus
657 2631 751 2677 autem
772 2619 918 2678 Gallicum
934 2612 1173 2684 hodiemnm,³et
1186 2619 1235 2691 jus

141 2722 222 2799 apud
237 2741 290 2779 nos
312 2721 413 2796 vigens
434 2719 541 2777 nullam
553 2718 612 2774 vim
633 2718 730 2776 tribuit
748 2719 937 2776 contractibus
950 2719 1054 2783 vetitis,
1076 2715 1145 2773 licet
1159 2716 1237 2789 jura·

143 2829 276 2878 mentum
290 2818 452 2877 accesserit.

184 2923 233 2976 5³.
257 2918 458 2977 duramentum
471 2933 529 2987 quo
550 2915 616 2986 quis
637 2913 787 2989 pollicetur
799 2933 831 2972 sc
845 2913 966 2971 consilia
984 2911 1162 2989 Euangeliou
1180 2913 1238 2969 non

143 3026 321 3085 secuturum,
336 3033 432 3091 perse
447 3014 556 3072 irritum
569 3021 632 3079 est3
653 3032 707 3071 nec
721 3014 798 3070 enim
811 3022 906 3089 potest
919 3013 982 3085 quis
996 3013 1102 3085 absque
1116 3008 1239 3083 quodam

144 3115 331 3189 perfectionis
345 3113 530 3189 Evangelicae
544 3121 708 3187 contemptu
721 3111 790 3168 illud
810 3121 953 3189 praestare.
994 3110 1042 3168 Eo
1061 3110 1146 3185 igitur
1164 3115 1239 3184 post

144 3216 240 3287 posito
256 3214 326 3270 iicet
338 3231 373 3270 ea
386 3229 510 3278 servare,
525 3211 581 3267 nisi
594 3210 658 3281 quis
674 3211 704 3267 in
724 3210 849 3270 savorem
869 3209 983 3267 alterius
999 3207 1154 3282 juraverit;
1174 3213 1241 3260 tunc

145 3313 234 3379 enim,
251 3312 343 3369 illaeso
357 3311 473 3368 alterius
481 3311 560 3386 jure,
574 3308 674 3379 nequit
685 3306 806 3365 consilia
821 3305 998 3379 Evangelica
1010 3302 1152 3377 amplecti.
1192 3299 1241 3356 Sic

147 3420 296 3482 nequeunt
308 3410 340 3467 S.
356 3406 597 3485 Congregationis
617 3404 653 3463 de
667 3402 855 3480 Propaganda
867 3401 938 3460 Fide
951 3402 1071 3468 alumni,
1085 3401 1193 3472 absque
1208 3397 1239 3454 S.

182 3682 225 3746 (l)
239 3687 255 3711 ‘⁴
263 3681 414 3744 Promissory
426 3679 496 3728 oaths
507 3694 547 3728 ars
559 3685 603 3727 not
613 3675 724 3736 binding,
734 3673 815 3723 where
825 3673 870 3723 the
881 3673 988 3737 promise
999 3669 1066 3720 itselt‘
1073 3669 1154 3719 would
1165 3668 1244 3717 notbc

145 3765 197 3816 so.”
216 3767 292 3831 Palsy
303 3766 365 3815 Mor.
377 3766 441 3814 Phil.
454 3766 468 3815 Ι.
481 3765 514 3814 iii.
525 3780 547 3814 c.
561 3765 600 3811 16.
634 3769 648 3793 ‘⁴
657 3762 778 3810 Promises
793 3776 832 3808 are
849 3768 894 3808 not
911 3758 1013 3818 binding
1034 3756 1114 3804 where
1133 3753 1174 3802 the
1191 3768 1243 3815 per·

146 3852 270 3900 sormance
282 3851 303 3898 is
323 3847 465 3900 uniswiul.”
477 3847 582 3914 ibidem.
600 3845 664 3895 Vide
681 3853 705 3894 et
721 3845 877 3900 Trowerson,
895 3842 990 3905 Explica
1008 3840 1037 3888 of
1050 3838 1198 3897 Decaloguo,
1216 3850 1240 3897 p.

149 3939 204 3983 161.
241 3944 256 3965 “
266 3934 293 3984 li
306 3952 321 3983 a
332 3950 389 3983 man
401 3933 489 3983 should
501 3948 578 3981 swear
589 3931 654 3981 todo
665 3947 680 3980 a
690 3931 761 3990 thing
773 3928 853 3977 which
865 3927 887 3975 is
898 3925 1018 3976 unlawsul
1028 3922 1105 3972 either
1116 3922 1147 3984 by
1160 3918 1237 3969 God's

148 4022 194 4069 law
207 4036 235 4070 or
246 4019 427 4070 msu's-thero
437 4019 460 4068 is
471 4034 504 4068 no
515 4018 591 4068 doubt
601 4017 654 4068 that
664 4016 706 4066 the
717 4013 775 4064 ooth
786 4011 894 4074 obligeth
904 4007 975 4059 not.”

183 4104 225 4170 (2)
240 4105 281 4153 Ex
295 4105 354 4166 Reg.
365 4119 417 4154 non
428 4112 473 4161 est,
478 4103 542 4168 juris
553 4103 579 4151 in
592 4105 616 4150 6.

186 4189 229 4254 (3)
244 4189 309 4238 Vide
321 4188 415 4238 Notum
426 4187 457 4237 ad
469 4186 553 4250 Mayol
562 4186 629 4249 Exp-
640 4184 665 4234 ii.
673 4197 743 4247 prae
755 4187 798 4230 art.
811 4178 845 4228 iii.
855 4176 900 4226 col.
912 4179 967 4226 181.
979 4175 1057 4225 univ.
1069 4174 1164 4224 Cursus
1175 4173 1242 4224 Thr·

153 4273 234 4337 olcqy.

245 4355 327 4414 Vor..
345 4355 435 4417 1.-9
449 4430 458 4455 ,
