2744 4980
175 420 215 477 86
443 417 501 478 DE
522 413 724 478 SECUNDO
745 411 999 474 PRAECEPTO.

177 580 263 640 Sedis
280 581 404 648 licentia,
419 581 601 659 Religionem
615 579 745 656 ingredi:
766 579 894 636 obstante
903 579 1067 654 juramento
1081 595 1139 650 quo
1151 577 1270 637 adstrin-

174 688 288 758 guntur.

215 783 265 836 ot.
286 778 485 836 Juramentum
500 778 535 835 de
555 794 613 835 non
636 772 770 842 ludendo,
785 773 832 829 vel
850 791 909 831 non
921 773 1053 840 bibendo,
1068 772 1175 849 obligat
1189 776 1274 851 juxta

173 877 296 954 jurantis
309 878 496 934 intentionem
509 895 515 932 :
537 874 608 931 adeo
620 883 652 930 ut
664 873 688 929 si
702 874 798 929 animo
811 872 1001 948 proposuerit,
1012 890 1043 928 se
1057 873 1092 928 ab
1102 873 1181 929 omni
1195 892 1273 948 pror·

178 993 228 1032 sus
240 973 301 1031 ludi
315 991 419 1049 genere
433 975 639 1039 abstenturum,
660 979 689 1027 et
708 971 741 1026 ab
761 971 841 1026 omni
861 980 930 1045 potu
949 970 1113 1038 inebriante,
1128 970 1227 1027 debeat
1239 974 1273 1028 ab

179 1073 215 1130 iis
236 1072 389 1129 abstinere.
433 1069 579 1128 Ceterum
599 1070 655 1127 levi
679 1069 708 1125 in
727 1085 758 1124 re
777 1086 794 1123 a
811 1068 975 1143 juramento
996 1066 1137 1137 recedere,
1151 1071 1272 1128 venialis

181 1169 326 1228 censenda
339 1178 383 1226 est
391 1168 485 1244 culpa.
856 1240 865 1251 ι

222 1271 271 1325 55.
292 1268 492 1325 duramentum
506 1266 586 1324 dere
597 1265 692 1337 aliqua
703 1261 781 1336 quod
796 1281 862 1320 cum
877 1263 965 1338 priori
979 1265 1143 1339 juramento
1156 1280 1273 1342 pugnat,

179 1365 290 1424 irritum
303 1374 365 1421 est:
381 1366 511 1436 iniquum
520 1364 596 1420 enirn
609 1362 681 1420 soret
693 1363 772 1437 prius
785 1360 855 1420 illud
868 1359 945 1432 quod
957 1361 992 1418 de
1005 1362 1122 1420 relicita
1135 1366 1274 1422 emissum

177 1471 222 1520 est
228 1461 424 1537 juramentum
437 1461 551 1518 violare.

218 1562 267 1616 56.
304 1559 504 1618 Jnramentum
529 1556 656 1630 sequitur
677 1567 805 1615 naturam
831 1557 1030 1630 promissionis
1057 1576 1142 1630 quam
1168 1561 1275 1626 firmat,

180 1675 247 1716 nam
256 1659 341 1734 juxta
355 1660 430 1735 juris
441 1656 579 1733 regulam,
594 1654 794 1713 accessorium
804 1653 940 1730 sequitur
958 1663 1103 1714 umorum
1118 1659 1278 1735 principa·

181 1754 231 1814 lis.
273 1757 324 1814 Sic
338 1757 388 1828 qui
396 1757 473 1832 jurat
484 1772 515 1810 se
529 1764 705 1811 servaturum
725 1763 828 1811 statuta
845 1756 1074 1831 congregationis
1088 1755 1217 1833 alicujus,
1232 1760 1277 1815 in-

181 1853 317 1930 telligitur
329 1873 361 1912 se
374 1853 410 1911 ad
422 1871 455 1910 eu
467 1851 604 1910 servanda
624 1853 759 1930 obligare,
780 1860 920 1924 quatenus
942 1863 1008 1909 sunt
1032 1871 1087 1910 usu
1107 1865 1230 1931 recepta,
1246 1866 1277 1912 et

181 1953 236 2010 sub
249 1954 327 2028 gravi
340 1951 455 2009 velleri
467 1951 562 2027 culpa,
576 1961 661 2025 prout
672 1949 848 2008 consuetudo
861 1951 1065 2026 interpretatur.
1108 1951 1211 2011 Omnis
1225 1972 1276 2009 au-

179 2058 237 2107 tem
247 2051 401 2125 promissio
413 2047 510 2124 plures
520 2047 697 2106 conditiones
711 2047 854 2106 includere
870 2057 1016 2106 censetur:
1041 2050 1080 2106 1⁰.
1096 2050 1129 2107 Si
1143 2061 1276 2126 potuero,

177 2163 263 2206 nemo
283 2148 360 2206 enim
382 2145 418 2204 ad
439 2147 616 2227 impossibile
639 2155 758 2204 tenetur.
799 2145 842 2202 2⁰.
866 2144 952 2203 Salvo
970 2148 1034 2222 jure
1053 2144 1275 2224 Superiorum3¹

177 2245 307 2304 subditus
329 2246 407 2304 enirn
425 2247 525 2319 nequit
549 2246 704 2320 superioris
720 2247 787 2322 jura
804 2244 968 2319 transigere.
1004 2246 1045 2303 3⁰.
1066 2246 1099 2303 si
1122 2248 1147 2303 is
1171 2249 1217 2304 cui
1240 2247 1274 2304 iit

177 2344 332 2420 promissio
345 2353 480 2419 acceptet,
494 2343 539 2401 vel
552 2362 610 2402 non
624 2345 754 2402 remittat.
795 2341 837 2398 4⁰.
859 2341 892 2399 Si
911 2361 956 2399 res
976 2361 1033 2400 non
1049 2344 1132 2401 suerit
1144 2346 1276 2403 notabili·

178 2450 222 2498 ter
239 2450 354 2500 mutata.
397 2439 476 2500 Hinc
497 2444 650 2518 promissio
672 2440 708 2498 de
731 2438 863 2499 ducenda
883 2440 914 2496 iu
936 2443 1145 2500 matrimonium
1167 2444 1274 2519 puella,

176 2556 241 2612 quae
253 2539 329 2597 bona
341 2539 445 2616 gaudet
457 2542 541 2606 sama,
559 2559 617 2597 non
638 2540 753 2615 obligat,
774 2538 827 2594 etsi
842 2537 1004 2613 juramento
1026 2540 1144 2607 firmata,
1164 2543 1188 2598 si
1209 2542 1275 2616 ipsa

182 2636 376 2696 fornicationis
395 2655 445 2694 rea
463 2647 561 2714 postea
579 2638 743 2714 reperiatur.
770 2636 936 2693 Juramenta
954 2635 989 2692 de
1010 2637 1072 2694 aliis
1095 2640 1178 2696 etiarn
1193 2640 1274 2715 juste

179 2735 341 2810 puniendis,
355 2736 450 2808 qualia
461 2754 675 2808 nonnumquam
689 2734 880 2810 aparentibus
897 2736 1070 2802 emittuntur,
1084 2755 1142 2793 non
1155 2737 1274 2814 obligat,

178 2835 205 2891 si
219 2851 285 2891 rens
301 2833 527 2892 emendationem
548 2825 721 2909 polliceatur,
742 2833 788 2888 vel
807 2830 875 2887 alias
896 2830 1043 2907 prudentia
1060 2834 1177 2891 suadeat
1196 2836 1273 2911 plec-

179 2930 296 2988 tendum
309 2950 366 2989 non
380 2950 455 2990 esse.
496 2932 546 2988 Sic
560 2933 585 2988 si
598 2950 643 2989 res
657 2931 798 3007 promissa
816 2928 865 2985 fiat
882 2930 966 2996 maia,
986 2933 1100 2989 mutatis
1120 2932 1272 3008 adjunctis,

179 3028 225 3085 vel
237 3029 334 3105 grevia
345 3029 513 3088 immineant
525 3047 562 3087 ex
571 3031 732 3106 juramento
745 3027 862 3102 impleto
872 3027 955 3093 mala,
969 3030 1013 3085 vis
1026 3030 1088 3105 ejus
1102 3026 1233 3087 desinit²

218 3130 268 3185 57.
283 3125 482 3187 Juramentum
494 3130 524 3186 iu
537 3128 662 3185 favorem
676 3127 749 3183 tertii
763 3126 910 3192 emissum,
919 3136 948 3181 et
960 3126 994 3182 ab
1006 3126 1070 3200 ipso
1084 3136 1271 3203 acceptatum.

179 3241 238 3281 non
252 3230 346 3300 potest
357 3226 487 3295 relaxari,
500 3227 608 3297 absque
622 3225 696 3282 illius
710 3226 792 3301 cujus
808 3224 926 3281 interest
944 3242 1103 3281 consensu:
1126 3244 1178 3282 nec
1193 3228 1272 3283 enim

176 3321 242 3396 jura
255 3322 346 3381 aliena
357 3334 452 3400 potest
470 3324 572 3401 presul
592 3323 800 3381 ecclesiasticus
820 3322 971 3378 remittere.
1013 3321 1097 3387 Quod
1118 3323 1270 3394 aliquando

178 3419 330 3493 pontifices
344 3441 361 3479 a
372 3423 486 3480 vincqu
493 3423 647 3499 juramenti
660 3422 797 3478 solverint
808 3421 1009 3494 imperatorum
1029 3439 1163 3496 regumve
1177 3421 1271 3478 subdi·

179 3525 233 3584 tos,
248 3517 354 3576 sactum
374 3530 426 3586 est,
440 3520 565 3577 utnobis
586 3519 706 3584 videtur,
727 3536 764 3576 ex
785 3517 897 3574 illorum
918 3529 1077 3592 temporum
1098 3518 1269 3584 conditione,

175 3614 258 3691 juxta
272 3614 407 3686 quamde
421 3617 532 3675 violatis
545 3617 644 3696 populi
657 3627 686 3673 et
697 3615 837 3674 Ecclesia
853 3615 977 3689 juribus,
991 3634 1064 3688 quae,
1079 3615 1145 3673 dum
1166 3635 1270 3674 corona

208 3853 252 3917 (1)
266 3852 314 3903 Ex.
322 3868 345 3902 c.
353 3853 404 3905 xix.
415 3853 446 3904 ds
453 3855 618 3921 jurejurando.

206 3936 247 3998 (2)
262 3934 300 3986 De
308 3937 454 4002 juramentis
470 3946 495 3988 ct
511 3937 674 3988 contractibus
685 3935 744 3986 dicit
759 3934 878 3985 Jeremias
899 3933 1006 3999 Teyior:
1025 3935 1083 3984 “So
1095 3936 1154 3998 long
1170 3953 1197 3986 trs
1208 3936 1266 4002 they

170 4031 237 4067 mm
249 4018 332 4070 iewsul
343 4020 401 4085 they
413 4027 479 4071 must
490 4021 520 4069 be
532 4021 655 4078 observod.
666 4020 715 4070 and
727 4027 793 4070 must
805 4027 848 4069 not
865 4019 895 4067 bo
907 4019 1032 4068 rescinded
1045 4019 1107 4069 until
1118 4020 1137 4069 it
1149 4021 1178 4068 be
1189 4020 1267 4070 ‹lisco-

170 4101 241 4151 remd
250 4103 303 4153 that
314 4103 371 4167 they
381 4121 421 4154 are
432 4105 527 4168 against
542 4105 584 4155 the
596 4107 644 4155 law
656 4106 685 4154 of
697 4103 777 4155 God.”
812 4104 907 4155 Ductor
919 4104 1098 4156 Dubitandum.
1111 4106 1127 4155 1.
1141 4109 1152 4153 l
1166 4121 1188 4155 c.
1206 4104 1230 4154 3.
1242 4121 1267 4170 p.

174 4187 229 4234 1⁰6.
384 4188 408 4229 1³

190 4250 214 4281 1.
