2744 4980
178 448 237 504 2⁵8
561 442 618 503 DE
640 441 895 502 SERVITUTE.

94 592 98 601 ¹
179 613 282 671 tnmvis
296 612 393 684 inique
406 618 435 667 et
447 608 596 669 crudeliter
608 610 753 669 Dominus
766 627 879 668 servum
892 626 977 667 suum
998 607 1156 678 habuisset,
1169 609 1272 668 nullam

180 720 274 770 temen
287 731 303 768 a
318 710 444 768 Domino
457 709 589 787 injuriam
603 712 628 767 ei
643 727 726 768 servo
739 708 800 767 fieri
812 709 1000 767 autumabunt
1023 707 1144 768 Etenim
1153 709 1271 766 servitus

179 809 365 883 equalitatem
378 817 483 867 nature
498 809 569 866 iuter
581 809 712 867 homiues
725 826 783 866 non
796 807 889 867 delet:
911 807 1031 885 proinde
1044 825 1096 884 per
1109 809 1271 866 servitutem

101 956 110 971 .,
130 906 139 931 “’
178 908 319 968 sichomo
332 911 362 967 in
376 907 505 965 dominio
518 907 630 966 alterins
643 924 707 964 esse
720 907 893 984 intelligitur,
913 915 1053 980 quatenus
1067 905 1214 965 Dominus
1223 909 1271 984 jus

80 1000 108 1091 ,ξ’
131 986 138 999 ⁸
178 1019 360 1084 perpetuum,
385 1016 413 1063 et
434 1008 599 1065 uuiversum
620 1007 704 1064 habet
722 1006 752 1064 iu
773 1023 873 1064 omnes
893 1007 969 1064 servi
994 1006 1039 1063 sui
1064 1024 1180 1083 operas,
1203 1024 1270 1080 quas

105 1134 122 1169 ,s
179 1105 295 1179 quidem
310 1107 344 1163 ab
356 1106 474 1165 homine
488 1105 597 1163 homini
618 1105 744 1182 prostati
763 1105 806 1163 sss
828 1113 890 1172 est;
910 1115 939 1162 et
957 1123 991 1161 ea
1009 1103 1129 1178 quidem
1148 1105 1223 1183 lege,
1243 1114 1272 1162 ut

179 1223 276 1264 euram
289 1207 365 1264 servi
377 1223 475 1281 gerere
489 1203 632 1264 Dominus
646 1204 755 1271 debeat,
769 1205 853 1276 eique
865 1201 960 1261 officia
980 1202 1164 1262 humanitatis
1178 1206 1272 1263 omnia

177 1302 304 1362 studiose
326 1313 468 1382 prestere,
488 1314 519 1361 ut
537 1303 604 1362 alibi
625 1303 839 1361 deelaravimus.
882 1299 1055 1383 (Speoimen
1071 1300 1227 1371 Elemeret,
1241 1324 1268 1380 p.

177 1403 219 1462 iii.
234 1403 249 1477 §
263 1399 306 1482 4.)
348 1403 475 1460 Servitus
496 1403 537 1461 sie
557 1402 698 1460 intellecto
717 1420 776 1460 non
796 1410 904 1479 pugnat
915 1420 980 1460 cum
989 1402 1055 1478 jure
1069 1413 1187 1470 nature,
1203 1401 1271 1461 adeo

177 1511 208 1559 ut
220 1519 337 1578 peceare
351 1504 380 1561 in
392 1502 487 1578 legem
501 1510 605 1559 nature
619 1499 760 1577 putandus
784 1503 830 1569 sit,
855 1501 904 1574 qui
925 1519 1023 1560 servos
1045 1500 1141 1569 habet,
1163 1501 1272 1560 eisdem

176 1599 320 1660 moderate
343 1603 446 1660 utitur:
469 1601 581 1658 tametsi
601 1602 729 1658 maximo
756 1600 869 1679 generis
895 1599 1014 1658 humaui
1038 1601 1125 1668 bono,
1153 1602 1272 1658 servitus

177 1700 330 1758 christiana
349 1697 564 1759 mansuetudine
582 1701 643 1776 jam
664 1698 774 1776 pridem
797 1697 871 1776 apud
893 1698 1026 1757 cultiores
1045 1709 1146 1776 gentes
1167 1699 1273 1758 sublata

180 1793 273 1857 est.”¹
314 1809 334 1836 “
345 1799 441 1867 Quare
454 1798 598 1856 Dominus
613 1799 678 1856 feeit
691 1799 824 1875 injuriam
836 1816 921 1856 servo
933 1798 959 1856 si
972 1817 1039 1857 eum
1053 1798 1199 1857 crudelius
1213 1816 1272 1855 ver·

177 1899 266 1965 beret,
280 1899 305 1955 si
317 1899 407 1958 nimio
421 1898 514 1956 labore
529 1908 647 1974 premat,
662 1898 687 1953 si
700 1899 887 1957 conveniente
901 1897 977 1955 vietu
998 1904 1030 1954 ne
1044 1899 1148 1957 vestitu
1162 1897 1271 1956 defrau·

178 1996 235 2065 det,
249 1997 274 2054 si
288 1997 392 2055 samam
404 1997 465 2073 ejus
475 1995 584 2072 prodat.
613 1996 758 2069 Recteque
772 1995 876 2054 Cicero
886 1996 910 2054 1.
925 1995 960 2053 de
973 1994 1023 2054 off.
1037 2014 1101 2074 oep.
1120 2001 1168 2054 13.
1210 1997 1273 2055 Me·

180 2096 347 2154 minerimus
360 2105 455 2154 autem
469 2104 497 2153 et
509 2093 645 2153 adversus
659 2095 774 2154 nufimos
783 2096 924 2172 justitiam
936 2113 1001 2152 esse
1014 2094 1194 2154 servandam.
1218 2095 1273 2154 Est

178 2205 273 2254 sutem
292 2194 390 2253 infima
402 2192 526 2253 conditio
549 2205 578 2252 et
597 2193 709 2252 fortuna
727 2212 884 2260 servorum,
899 2194 1002 2267 quibus
1015 2212 1074 2254 non
1087 2195 1163 2253 male
1177 2197 1273 2271 proeci-

178 2295 269 2370 piunt,
279 2296 329 2367 qui
342 2295 380 2353 ita
388 2295 491 2373 jubent
502 2295 542 2353 uti
556 2302 587 2352 ut
595 2293 787 2361 mercenariis,
796 2311 912 2371 operam
925 2292 1106 2371 exigendam,
1113 2295 1193 2372 justa
1205 2313 1273 2370 pre·

178 2388 321 2451 benda.’'²

216 2494 266 2549 89.
295 2491 329 2549 ld
355 2492 442 2565 quaeri
464 2501 558 2567 potest
576 2502 670 2548 utrum
691 2491 752 2551 heri
776 2493 889 2568 possint
913 2510 1012 2552 servos
1034 2493 1167 2560 retinere,
1182 2510 1270 2566 quum

180 2607 279 2648 eorum
300 2591 422 2667 majores
448 2590 549 2667 injuria
571 2590 717 2648 videantur
743 2609 779 2648 ex
800 2592 897 2649 Africa
915 2590 971 2648 hue
997 2589 1138 2649 traductii
1180 2591 1273 2649 Nobis

180 2687 377 2748 affirmandum
403 2689 522 2756 videtur,
550 2707 613 2746 nam
642 2689 712 2747 tituli
733 2690 832 2748 vitium
851 2690 1012 2767 longissimi
1032 2691 1169 2767 temporis
1192 2690 1272 2767 lapsu

178 2798 307 2848 sonatum
321 2788 482 2847 habendum
496 2799 548 2855 est,
561 2807 648 2861 quum
663 2789 804 2847 societatis
817 2788 942 2848 conditio
955 2789 1024 2848 elios
1037 2791 1145 2848 ineerta
1159 2807 1273 2866 semper

179 2887 261 2956 foret,
281 2908 345 2947 oum
360 2889 528 2964 gravissimo
546 2889 686 2946 turbarum
701 2888 836 2965 periculo.
879 2887 1037 2946 Peoearunt
1049 2887 1169 2962 quidem
1182 2889 1232 2961 qui
1246 2891 1272 2945 vi

178 2987 354 3044 abstulerunt
367 2987 489 3052 invitos3
511 2986 562 3043 sed
575 3005 673 3045 eorum
687 2998 815 3063 posteros
828 2988 857 3044 in
871 2988 1004 3045 servitute
1024 2997 1121 3046 tenere
1135 2988 1272 3064 injustum

176 3102 234 3143 non
248 3085 375 3151 videtur;
390 3103 424 3142 ea
436 3083 546 3143 scilieet
558 3085 720 3144 conditione
734 3087 791 3143 nati
804 3096 880 3153 suut,
890 3105 1035 3158 quamneo
1048 3104 1155 3146 exuere
1166 3086 1267 3144 valent.

178 3182 320 3243 Ceterum
335 3183 467 3242 laudandi
480 3195 547 3242 sunt
560 3185 608 3256 qui
621 3184 803 3243 humanitatis
817 3196 845 3243 et
857 3184 1005 3262 religionis
1015 3184 1109 3244 studio
1123 3203 1174 3243 eos
1187 3185 1269 3243 liber·

178 3295 232 3343 tate
246 3283 352 3342 donant
364 3282 608 3350 manu-mittendo,
623 3283 737 3355 quando
750 3284 832 3361 copia
845 3284 876 3341 fit
885 3285 915 3343 in
924 3285 1029 3343 dsrioae
1042 3284 1271 3358 coloniamque

177 3383 292 3442 Liberis
304 3383 415 3451 dieitur,
429 3402 460 3440 se
481 3382 655 3441 conserendi.
697 3381 737 3442 lis
760 3393 791 3441 ut
803 3385 961 3452 consulant,
975 3383 1110 3442 subsidiis
1123 3385 1272 3462 religionis

177 3483 318 3556 prestitis,
339 3481 500 3540 sacerdotes
520 3482 587 3549 duo,
602 3501 639 3540 ex
660 3483 713 3540 hac
726 3481 852 3550 dioeeesi,
874 3482 949 3541 Sede
965 3484 1132 3560 Apostoliee
1140 3485 1271 3562 jubente,

176 3577 238 3636 velo
247 3579 307 3653 jam
319 3578 432 3637 iaciunt.

297 3769 339 3833 (l)
359 3767 539 3831 Compendium
552 3767 738 3819 institutionum
750 3772 866 3821 civilium.
885 3771 914 3821 L.
927 3772 943 3822 i.
954 3790 977 3839 p.
989 3775 1044 3824 317.
1056 3773 1096 3823 rol
1106 3773 1147 3823 sii.

296 3857 337 3921 (t)
357 3854 442 3905 Gerdil
452 3855 482 3904 de
489 3856 585 3922 justitie
596 3865 621 3905 et
634 3857 696 3921 jure,
707 3871 729 3906 c.
738 3858 769 3906 vi.
782 3873 849 3923 prop.
862 3858 894 3908 iii.
