2744 4980
277 390 335 450 DE
355 389 716 452 OBLIGATIONIBUS
737 393 1071 456 RELIGIOSORUM.
1162 398 1221 455 etr

124 557 238 616 violata
264 557 359 625 suerit,
386 557 535 634 diligenter
560 560 678 628 restitui,
705 569 735 618 et
759 559 808 618 ubi
834 560 967 620 inviolata
986 571 1039 629 est,
1060 562 1221 621 conservari

124 657 257 714 maxime
285 649 486 733 procurent.”¹
539 657 660 716 Adhoec
679 661 806 718 animum
827 660 968 719 attendere
991 670 1112 738 oportet,
1133 677 1221 733 quum

125 771 168 812 ex
180 755 218 813 iis
230 767 326 813 sancte
335 756 454 813 servatis
463 758 589 816 maxime
600 758 721 832 pendeat
728 759 802 816 sacri
811 759 930 817 instimti
943 759 1038 828 decor,
1048 770 1078 818 et
1089 759 1220 817 illustrio-

126 855 169 912 ris
197 853 308 911 Christi
326 855 421 931 gregis
444 856 582 930 portionis
601 857 745 932 integritas
766 869 794 914 et
815 858 903 916 salus.
944 859 1011 935 Ipsa
1031 855 1222 916 calumniandi

127 963 159 1010 et
170 971 258 1028 prava
270 954 366 1011 omnia
378 954 544 1030 suspicandi
555 954 654 1023 libido,
665 973 728 1027 ques
741 955 889 1014 hereticos
903 959 969 1034 agit,
983 967 1079 1016 cautos
1092 974 1146 1015 uos
1160 953 1221 1012 red·

129 1050 182 1108 dat
194 1069 312 1109 necesse
331 1061 384 1119 est,
402 1070 439 1108 ne
459 1053 527 1126 quid
545 1054 691 1129 contingat
709 1056 889 1114 sanctissimo
902 1057 1048 1132 proposito
1062 1055 1222 1120 adversum,

131 1150 180 1207 vel
203 1168 261 1222 qua
280 1151 383 1208 nebula
404 1149 558 1210 offuscetur
581 1153 838 1212 sanctimonialium
860 1154 943 1212 sarna.
986 1153 1131 1228 Equidem
1157 1170 1223 1210 con·

129 1247 252 1306 suemdo
264 1249 321 1325 legi
333 1248 471 1308 clausere
484 1250 631 1308 adversas
646 1252 720 1327 juris
741 1254 870 1312 canonici
891 1254 991 1329 peritis
1005 1252 1162 1329 corruptela
1175 1250 1223 1308 ha·

131 1348 233 1415 betur;
253 1358 282 1405 et
295 1349 344 1406 vix
358 1358 451 1425 potest
464 1350 522 1407 vim
542 1350 669 1408 obtinere
688 1369 725 1406 cx
739 1350 824 1409 Sedis
843 1351 1017 1427 Apostolices
1037 1350 1222 1426 indulgentia,

132 1464 198 1519 quie
210 1448 237 1504 si
250 1447 336 1506 alicui
348 1448 486 1524 episcopo
498 1448 535 1507 ob
548 1448 682 1524 specialia
694 1466 788 1506 renim
807 1450 937 1528 adjuncta
949 1451 1021 1527 legis
1035 1451 1157 1526 rigorem
1171 1448 1223 1505 mi·

133 1543 242 1622 ligandi
262 1547 361 1604 iecerit
380 1547 551 1614 facultatem,
575 1564 659 1623 parce
682 1549 800 1606 omniuo
823 1559 852 1607 et
873 1550 1046 1607 necessarias
1066 1555 1174 1605 tantum
1187 1546 1224 1603 ob
1274 1537 1279 1545 ’

131 1663 234 1701 causas
260 1663 322 1702 eam
347 1646 406 1703 vult
430 1645 568 1704 adhiberi.
610 1644 758 1704 Clausuroe
784 1648 847 1724 lege
873 1666 931 1705 non
957 1655 1087 1705 tenentur
1103 1646 1223 1702 Sorores

132 1742 299 1812 Charilaus,
311 1743 430 1817 alisque
443 1746 496 1820 pire
514 1744 628 1803 feminae
642 1764 705 1818 quer
726 1756 790 1804 vota
810 1746 949 1805 solemnia
969 1764 1026 1803 nou
1048 1745 1221 1803 emisenrnt:

131 1841 186 1899 scd
198 1860 387 1916 quaecumque
407 1845 583 1919 propositum
603 1845 739 1902 castitatis
757 1845 901 1904 servanda
915 1844 1020 1911 fovent,
1042 1844 1144 1901 debent
1161 1858 1224 1918 per·

130 1959 250 1998 sussum
262 1941 366 2001 habere
379 1960 443 1999 eam
465 1945 579 2000 nonnisi
599 1962 703 2018 magna
725 1943 849 2002 adhibita
871 1943 980 2002 cautela
998 1943 1104 1999 servari
1118 1954 1223 2016 posse3

131 2058 206 2112 ques
225 2039 332 2099 idcirco
351 2041 434 2098 decet
453 2041 632 2110 verecundia,
646 2042 796 2110 modestia,
811 2045 944 2119 gravitate
964 2039 1224 2099 sanctimonialium

131 2140 261 2196 aemulari
274 2140 409 2198 instituta.
451 2140 619 2199 Sacerdotes
633 2149 728 2199 sutem
739 2152 843 2200 norunt
856 2150 961 2215 quanto
979 2158 1046 2198 cum
1059 2137 1223 2196 discrimine

134 2237 219 2296 same
233 2246 262 2294 et
274 2238 382 2304 salutis,
403 2238 592 2305 foeminerum,
613 2241 769 2314 presertim
783 2259 846 2312 qum
859 2239 1076 2298 sanctimoniam
1090 2235 1222 2312 profiten-

134 2347 189 2404 tur,
204 2339 378 2396 consortium
391 2337 594 2410 frequentetur.

492 2570 576 2644 §lll.
598 2570 645 2628 Da
661 2588 870 2629 rnorenrarn.

174 2753 225 2807 70.
247 2749 457 2825 Religiosorum
471 2748 688 2805 communitates
696 2747 780 2815 bona,
791 2767 842 2804 seu
852 2746 1019 2809 immobilia,
1034 2763 1084 2799 scu
1099 2743 1223 2805 mobilia,

135 2847 283 2923 possidere
305 2856 435 2924 possunt,
449 2856 477 2903 et
496 2864 596 2904 eorum
610 2846 713 2904 habere
736 2845 904 2911 dominium,
926 2843 1001 2901 haud
1015 2843 1142 2899 obstante
1158 2848 1225 2897 roto

135 2948 325 3023 paupertatis:
348 2947 402 3003 hoc
416 2946 492 3003 euim
506 2955 613 3003 tentum
637 2946 726 3021 exigit
747 2955 778 3001 ut
791 2962 896 3001 vovens
910 2961 941 3000 se
954 2941 1058 3019 spoliet
1066 2941 1132 3016 jure
1146 2949 1174 2995 et
1186 2936 1225 2995 sa·

134 3045 237 3102 cultate
250 3046 379 3104 dominii.
421 3044 568 3116 Equidem
582 3063 714 3120 suprema
727 3045 864 3101 bonorum
878 3041 1082 3100 administratio
1095 3050 1138 3096 est
1151 3036 1226 3113 apud

136 3143 243 3202 Sedem
253 3143 460 3221 Apostolicam,
475 3162 563 3216 quum
583 3142 733 3201 donatores
747 3144 784 3200 ita
797 3142 921 3200 voluisse
935 3139 1033 3198 mcritd
1048 3146 1225 3197 censeantur,

136 3254 166 3300 ut
191 3243 301 3302 utilitati
327 3243 486 3318 Religionis
518 3241 729 3299 consuleretur:
767 3240 817 3297 sed
844 3241 958 3298 nonnisi
981 3238 1162 3315 gravissimas
1190 3233 1226 3289 ob

135 3360 236 3398 causas
250 3361 281 3400 se
294 3343 321 3400 ei
335 3341 484 3407 immiscet,
494 3341 605 3418 justitia
615 3340 773 3417 postulante
788 3349 818 3395 ut
831 3357 876 3396 res
886 3341 969 3412 juxta
977 3335 1128 3413 specialem
1139 3331 1227 3389 dona·

136 3450 229 3499 torum
242 3443 414 3500 voluntatem
429 3438 636 3515 impendantur.
679 3439 741 3496 Soli
761 3437 857 3493 iratres
879 3438 1007 3495 Minores
1027 3452 1080 3491 suo
1100 3432 1226 3490 instituto

137 3540 332 3615 impediuntur
345 3559 380 3596 ne
395 3540 533 3597 bonorum
553 3537 710 3595 dominium
733 3554 821 3611 penes
836 3535 974 3594 Ordinem
988 3535 1135 3599 retineant,
1150 3528 1226 3603 quod

137 3638 170 3695 S.
186 3639 256 3696 Sedi
278 3640 412 3704 tribuunt,
434 3655 531 3696 eorum
545 3655 640 3701 usum,
661 3635 848 3692 revocabilem
869 3645 973 3702 tamen,
996 3634 1049 3691 sibi
1072 3638 1225 3689 servantes.

136 3736 182 3794 De
196 3757 231 3795 ea
249 3757 280 3796 re
295 3739 371 3795 vana
391 3737 542 3794 extiterunt
554 3734 726 3792 Pontificum
746 3733 867 3791 decreta.
903 3734 921 3792 J
924 3751 1030 3792 oannes
1044 3732 1115 3789 xxii.
1138 3726 1227 3786 noluit

136 3836 295 3895 dominium
310 3836 379 3894 illud
392 3844 550 3911 acceptare,
572 3834 617 3892 vel
630 3852 714 3891 usum
728 3852 821 3891 rerum
835 3850 899 3905 quic
923 3839 1126 3890 consumuntur
1139 3846 1156 3881 a
1177 3823 1226 3881 do·

138 3936 227 3992 minio
245 3935 418 4012 distinguere
430 3928 454 4000 3²
472 3933 523 3991 sed
543 3932 682 3991 Nicolaus
696 3931 751 3989 lll.
766 3931 869 4001 aliique
884 3931 1013 3988 iratribus
1027 3933 1172 3984 cesserunt
1185 3924 1227 3981 iu·

137 4035 277 4092 stantibus
295 4047 326 4091 ut
351 4033 442 4091 Sedes
468 4032 634 4109 Apostolica
653 4030 811 4088 dominium
833 4030 888 4087 sibi
910 4017 1066 4086 retineret³
1106 4021 1226 4080 Ceteris

175 4222 219 4286 (l)
237 4221 304 4270 Sese.
316 4237 372 4269 xxv.
385 4236 438 4284 cap.
450 4236 472 4267 r.
484 4218 514 4268 ‹le
523 4219 583 4280 Reg.
595 4225 619 4266 et
631 4215 699 4266 Mon.

173 4309 218 4373 (ἢ)
237 4305 308 4356 Ertr.
321 4305 363 4355 Ad
373 4304 532 4356 conditorem.
544 4307 559 4363 ς
572 4301 646 4362 Quod
659 4309 749 4351 autem.
936 4302 978 4369 (³)
999 4301 1097 4352 Extrav.
1110 4295 1192 4349 saite.
