2744 4980
204 379 265 433 302
452 370 508 430 DE
529 367 740 428 PECCATIS
760 365 1052 426 GAPITALIBUS.

201 539 367 603 marta
381 534 639 615 religionifflunia
651 534 769 612 negligi,
784 532 934 608 ipsamque
947 531 1034 591 fidem
1048 532 1139 589 amitti
1153 532 1188 588 ab
1201 531 1237 588 iis
1250 534 1298 603 qui

208 640 318 698 inhiant
330 638 447 696 divitiis.
489 635 628 703 Fraudes,
646 644 677 691 et
689 632 824 710 injustitia
837 632 969 708 plurimis
981 631 1139 690 rationibus
1153 629 1299 688 admittun-

208 750 252 797 tur
264 738 298 795 ab
308 739 417 803 avaris;
438 735 520 794 facile
534 735 612 792 enim
625 733 681 791 sibi
700 729 873 807 persuadent
891 732 989 790 omnia
1005 732 1092 789 lieere
1105 749 1172 803 qum
1191 729 1298 787 lucmnt

208 838 352 914 prebent:
375 835 453 908 quod
467 837 495 893 in
510 835 556 891 his
569 833 733 910 regionibus
754 831 909 907 prasertim
924 831 1071 907 contingit,
1085 831 1115 888 in
1130 829 1233 902 quibus
1241 830 1298 905 jus·

209 938 276 994 titire
291 937 432 1012 principia
445 933 481 991 de
495 933 685 991 contractibus
705 950 761 989 non
781 931 849 987 satis
868 931 1057 988 innotescunt.
1100 928 1182 986 Hine
1200 946 1297 1003 nuper·

209 1037 283 1093 rims
294 1033 418 1091 vidimus
432 1033 572 1109 plurimos
584 1031 789 1090 nummularios
803 1030 924 1106 pecunia
943 1031 998 1087 sibi
1012 1028 1179 1087 concredita
1190 1037 1297 1084 utentes

209 1133 363 1191 utluerum
377 1140 582 1209 compararent,
602 1130 690 1210 fidem
709 1129 838 1206 fregisse,
859 1147 924 1186 eum
944 1147 1048 1205 magno
1069 1127 1199 1185 omnium
1221 1125 1298 1184 detri-

211 1243 319 1291 mento.
339 1276 344 1284 .
362 1232 491 1291 Proditio
505 1232 589 1289 etiem
604 1231 738 1288 immanis
751 1246 837 1301 quam
850 1226 939 1285 Jtlas
957 1227 1071 1285 admisit
1082 1227 1112 1284 in
1127 1226 1244 1283 avaritia
1255 1225 1298 1282 ba·

209 1332 270 1388 buit
282 1329 416 1388 radicem.

249 1434 299 1486 50.
320 1430 452 1486 Avaritiae
467 1427 623 1486 remedium
640 1427 815 1502 precipuum
838 1436 891 1490 est,
906 1426 1000 1483 animo
1019 1425 1144 1501 cogitare
1164 1424 1299 1482 omniain

209 1537 300 1586 morte
322 1525 498 1592 dimittenda,
519 1525 649 1597 hancque
670 1525 747 1581 brevi
771 1524 867 1581 forsan
887 1534 1069 1581 eventuram:
1103 1523 1229 1587 “smlte,
1250 1523 1297 1580 hae

209 1637 293 1684 noete
308 1628 432 1683 animam
446 1635 522 1683 tuam
538 1633 669 1700 repetunt
682 1633 753 1680 ate:
769 1641 833 1694 quae
844 1635 936 1680 autem
946 1624 1058 1698 parasti,
1070 1624 1155 1699 eujus
1165 1634 1247 1680 erunt
1257 1616 1299 1676 i''¹

211 1724 255 1782 lta
268 1725 359 1793 diviti,
373 1725 422 1796 qui
436 1725 466 1780 in
479 1723 618 1799 plurimos
632 1740 722 1780 annos
734 1740 830 1779 rerum
851 1723 963 1798 copiam
985 1733 1175 1789 coar-errarat,
1197 1720 1297 1780 dietum

210 1834 263 1881 est
318 1825 411 1889 Quam
438 1824 550 1880 ineerta
576 1822 633 1878 sint
657 1820 772 1888 divitie,
798 1839 861 1893 que
887 1839 963 1896 saepe
989 1839 1005 1878 e
1030 1822 1166 1879 manibus
1192 1819 1299 1879 elabun-

211 1933 265 1988 tur,
280 1924 364 1980 etiam
378 1920 571 1999 cogitandum:
588 1929 759 1997 quapropter
769 1920 1060 1997 praeeipitrlpostolus
1067 1919 1204 1979 divitibus
1219 1929 1298 1979 “non

211 2021 331 2079 sublime
345 2039 456 2096 sapere,
471 2038 565 2092 neque
578 2037 692 2094 sperare
702 2020 732 2077 in
742 2021 850 2078 incerto
862 2019 1035 2087 divitiarum,
1049 2019 1102 2077 sed
1112 2023 1143 2079 in
1155 2020 1299 2087 Deoviro,

211 2119 273 2199 (qui
287 2120 492 2195 prestatnobis
506 2119 603 2177 omnia
616 2117 726 2176 abunde
739 2117 774 2176 ad
796 2112 1009 2197 fruendum).”²
1048 2119 1163 2178 Animae
1181 2120 1300 2196 pericula

211 2237 275 2291 que
288 2218 421 2276 divitibus
431 2219 581 2277 imminent
592 2236 651 2294 prae
660 2218 750 2276 oeulis
761 2217 905 2276 habenda:
921 2228 940 2253 ‘⁸
952 2219 1047 2276 Amen
1058 2217 1123 2277 dico
1137 2220 1230 2286 vobis,
1240 2221 1300 2291 quia

211 2317 291 2375 dives
305 2316 421 2376 difficile
434 2318 546 2375 intrabit
559 2318 588 2375 in
607 2336 727 2393 regnum
749 2317 895 2376 melorum.
935 2318 977 2376 Et
994 2318 1097 2375 itemm
1115 2318 1183 2377 dieo
1205 2319 1298 2376 vobis:

211 2415 337 2474 Facilius
350 2425 395 2473 est
408 2417 546 2474 camelum
562 2435 613 2492 per
626 2416 753 2473 foramen
763 2436 830 2475 acus
845 2417 972 2483 transire,
980 2434 1065 2487 quam
1074 2415 1193 2476 divitem
1203 2419 1300 2476 intrare

210 2515 373 2590 inregnum
387 2507 573 2572 eoelorum.”³
614 2515 695 2571 “Ver
716 2516 797 2572 vobis
817 2515 960 2582 divitibus,
975 2514 1165 2587 quiahabetis
1178 2518 1299 2576 consola·

211 2613 318 2672 tionem
342 2609 513 2670 vestram.”⁴
554 2611 665 2671 Christi
687 2624 838 2690 paupertas
862 2615 891 2671 in
913 2616 1080 2690 exemplum
1107 2617 1300 2683 sumendam

212 2729 276 2784 qnae
290 2712 460 2788 pauperibus
474 2712 670 2788 pollicitusest
681 2712 820 2771 beneficia
833 2715 929 2772 animo
943 2713 1092 2773 volvenda.
1111 2716 1206 2793 Larga
1213 2729 1298 2775 autem

211 2811 462 2888 eleemosynarnm
475 2811 591 2869 donatio
604 2822 649 2870 est
660 2813 768 2888 optima
780 2813 849 2870 ratio
863 2815 1005 2871 avaritiam
1015 2817 1130 2889 penitus
1142 2816 1298 2893 superandi.

211 2910 380 2968 Liberalitas
404 2912 488 2968 etiam
508 2929 576 2987 erga
595 2930 645 2969 eos
666 2913 715 2983 qui
734 2911 810 2969 baud
823 2912 951 2989 indigent
963 2913 1158 2990 eleemosynis
1172 2925 1216 2972 est
1227 2935 1300 2972 exer·

210 3007 310 3075 cenda,
325 3010 483 3084 presertim
497 3028 565 3085 erga
579 3011 765 3085 propinquos,
779 3019 808 3067 et
818 3012 891 3069 bene
904 3013 1035 3078 meritos3
1056 3012 1110 3071 sed
1123 3014 1250 3071 cavenda
1263 3028 1301 3071 est

137 3088 140 3108 ³
209 3106 400 3184 prodigalitas.

591 3304 675 3380 §Ill
716 3304 765 3366 Ds
786 3307 916 3366 lnvrnrs.

251 3493 300 3545 51.
321 3487 432 3546 Invidia
451 3499 495 3545 est
520 3491 630 3548 tristitia
655 3490 690 3548 de
712 3491 789 3550 bono
815 3493 952 3568 proximi,
973 3504 1114 3566 quatenus
1134 3496 1298 3555 imminuere

209 3584 320 3641 ridetur
332 3585 451 3659 gloriam
464 3586 511 3642 uel
524 3588 721 3648 excellentiam
735 3600 869 3649 nostram.
911 3592 1122 3670 Distinguenda
1133 3597 1299 3676 estomnino

210 3683 246 3742 ab
259 3681 448 3748 emulatione,
462 3700 519 3754 qua
541 3686 605 3756 quis
623 3685 700 3744 dolet
719 3689 773 3744 sibi
796 3687 896 3748 deesse
909 3692 1014 3752 bonum
1028 3711 1085 3766 quo
1098 3694 1170 3752 alter
1182 3705 1297 3770 prestat

210 3782 281 3854 quin
294 3781 363 3839 velit
375 3798 442 3838 eum
455 3800 492 3839 eo
504 3782 683 3860 privandum.
726 3793 745 3820 “
757 3786 859 3844 Potest
870 3789 972 3862 aliquis
987 3793 1087 3850 uiatori
1100 3791 1136 3850 de
1149 3795 1227 3854 bono
1240 3794 1297 3852 slte-

209 3881 269 3940 rius
283 3899 340 3938 non
353 3896 391 3938 ex
404 3898 440 3939 eo
453 3881 530 3954 quod
543 3883 605 3959 ipse
618 3883 704 3942 habet
714 3885 832 3955 bouum,
846 3885 899 3946 sed
920 3908 958 3951 ex
978 3909 1023 3959 eo,
1037 3890 1116 3964 qnod
1127 3893 1213 3957 nofis
1226 3894 1298 3952 deest

209 3979 316 4038 bonum
331 3980 410 4049 illud,
424 3981 501 4053 quod
521 3983 583 4059 ipse
602 3983 702 4043 habet:
725 3995 754 4043 et
772 3986 827 4045 hoe
840 3990 954 4065 proprie
966 4000 1010 4046 est
1022 3991 1112 4060 zelus,
1127 4003 1159 4051 ut
1173 3993 1296 4053 Philoso

379 4209 420 4273 (l)
442 4208 503 4261 Luc.
515 4212 559 4260 xii.
572 4215 606 4262 20
881 4217 923 4285 (2)
946 4221 954 4267 l
970 4217 1036 4270 Tim.
1047 4220 1080 4272 vi.
1094 4225 1133 4272 1⁷.

376 4293 419 4358 (8)
439 4294 623 4346 bituriam.
881 4304 923 4370 (⁴)
943 4301 1005 4355 Lue.
1015 4304 1100 4356 vite
