2744 4980
404 373 461 433 DE
482 372 685 436 SECUNDO
706 373 958 436 PEAEOEPTO.
1187 386 1227 445 87

130 539 317 614 acciperetur,
330 535 469 596 servanda
476 539 639 621 juramento
654 557 706 597 rex
717 539 904 616 imperatorve
917 541 1060 618 pollicitus
1073 553 1141 611 erat,
1155 562 1225 621 pon·

131 637 215 693 oficio
236 644 296 693 erat
310 631 465 713 judicare.¹
505 635 652 709 Equidem
665 637 764 713 populi
783 656 922 714 regesque
935 641 1063 698 solebant
1080 641 1111 699 in
1130 659 1225 702 rerum

128 733 297 792 difficultate
309 736 405 811 ipsam
418 735 559 812 appellare
574 734 713 812 judicem,
727 738 845 813 ejusque
859 739 1008 814 implorare
1022 741 1223 799 auctoritatem.

128 832 159 889 N
161 851 201 891 ou
214 843 308 891 autem
317 834 472 910 juramenti
485 835 543 892 vim
556 851 609 891 suo
629 834 743 892 arbitrio
754 835 899 904 relaxavit,
914 836 966 895 sed
984 838 1021 895 ob
1034 837 1150 896 violatas
1163 857 1224 915 reg·

127 930 218 991 nandi
239 931 417 989 conditiones
436 931 587 989 declaravit
600 931 796 1008 judicavitque
817 935 894 993 cives
914 935 1036 1011 amplius
1056 955 1115 995 non
1135 937 1225 996 teneri
1247 979 1292 1025 ·.,·

123 1035 290 1108 juramento
303 1028 456 1099 fidelitatis.
498 1031 549 1088 Sic
561 1029 597 1086 dc
614 1023 744 1089 Henrico
763 1031 932 1108 imperatore
944 1032 1065 1092 dicitur:
1088 1035 1225 1108 “absque

126 1128 207 1186 sedis
227 1128 400 1203 Apostolicae
409 1127 532 1204 judicio,
546 1129 689 1204 principes
699 1147 765 1186 eum
776 1148 828 1204 pro
840 1148 907 1206 rege
919 1130 1019 1189 meritd
1027 1132 1148 1190 refutare
1161 1151 1226 1208 pos·
1281 1112 1286 1125 ⁵

126 1235 204 1293 seut,
219 1243 285 1284 cum
298 1234 412 1300 pactum
424 1225 578 1303 adimplete
592 1228 803 1303 contempserit,
818 1228 895 1300 quod
908 1229 943 1285 iis
956 1248 1008 1305 pro
1021 1230 1160 1288 electione
1174 1249 1226 1288 sua

126 1325 306 1400 promiserat,
327 1342 386 1396 quo
406 1343 464 1382 non
484 1325 611 1400 impleto,
634 1343 689 1384 nee
709 1343 760 1383 rex
785 1344 849 1383 esse
870 1318 1028 1402 poterat.”²
1077 1327 1224 1400 Equidem

126 1423 180 1494 qui
202 1422 343 1480 celebrem
366 1421 583 1481 declarationem
612 1440 697 1495 quam
719 1434 822 1482 vocant
840 1423 1082 1503 Independenliae
1105 1424 1224 1486 Ameri-

126 1539 213 1579 ccnse
235 1520 399 1586 emiserunt,
421 1531 578 1579 statuemnt
601 1522 678 1579 cives
700 1523 887 1582 Americanos
910 1523 1053 1583 absolutos
1077 1525 1223 1583 habendos

121 1620 288 1695 juramento
301 1619 425 1694 prestito
438 1620 549 1696 Angliae
563 1615 649 1696 regi,³
662 1622 730 1692 quin
748 1622 854 1679 vellent
872 1640 986 1680 omnem
995 1625 1224 1699 juramentorum

126 1718 188 1775 vim
199 1717 349 1775 infirmare.
371 1715 484 1776 Caetera
491 1719 653 1794 juramenta
662 1737 725 1791 quae
734 1721 783 1796 jus
793 1720 872 1778 alteri
883 1739 942 1778 non
950 1722 1084 1788 tribuunt,
1094 1731 1224 1780 votorum

126 1817 230 1882 instar,
256 1815 458 1873 relaxationem
483 1825 512 1874 et
537 1815 780 1891 dispensationem
811 1816 970 1884 admittunt,
1001 1836 1082 1889 aequa
1106 1827 1224 1893 urgente

125 1933 236 1981 eausa;
257 1915 287 1970 iu
300 1914 454 1971 animamm
467 1915 555 1981 enim,
570 1931 633 1985 quae
656 1914 782 1985 alioquin
801 1933 878 1992 saepe
898 1915 1130 1991 periclitarentur,
1151 1917 1224 1974 salu·

126 2021 200 2079 tem,
215 2012 310 2069 Deum
322 2020 427 2070 tantam
447 2012 587 2070 Ecclesia
606 2011 737 2068 tribuisse
759 2020 926 2087 potestatem
946 2024 1083 2089 perpetua
1101 2015 1156 2073 suit
1168 2013 1225 2073 Ec·

128 2111 225 2169 clesiae
250 2109 331 2176 fides,
357 2111 444 2168 sacris
471 2110 640 2168 testimoniis
665 2110 790 2168 firmatae
822 2120 842 2147 “
858 2112 1054 2184 Quacumque
1080 2113 1221 2172 solveritis

129 2227 217 2285 super
236 2217 347 2276 lenam,
361 2217 443 2266 emnt
454 2209 546 2267 soluta
558 2218 588 2265 et
599 2208 629 2265 iu
645 2201 767 2266 coelo.”⁴

171 2312 220 2365 58.
242 2305 281 2365 In
292 2305 415 2384 judicio
427 2309 522 2384 jurare
542 2306 683 2374 dicuntur,
703 2308 763 2378 qui,
784 2325 842 2365 non
860 2306 969 2375 leviter,
991 2305 1042 2364 sed
1064 2309 1131 2365 satis
1144 2309 1223 2385 gravi

130 2414 247 2482 urgente
257 2424 354 2474 causa,
363 2406 469 2482 jurant.
511 2405 634 2464 Temere
643 2406 739 2481 jurare
750 2403 883 2464 Christus
894 2408 997 2464 vetuit:
1020 2406 1116 2482 “Ego
1129 2416 1224 2467 autem

129 2505 197 2565 dico
209 2506 300 2571 vobis,
314 2523 372 2562 non
383 2505 478 2580 jurare
498 2503 627 2570 omnino,
641 2522 735 2576 neque
754 2522 805 2580 per
817 2505 932 2572 coelum,
947 2507 1014 2577 quia
1034 2506 1153 2564 thronus
1166 2505 1223 2564 Dei

129 2615 184 2660 est.
227 2603 331 2677 Neque
345 2621 396 2679 per
408 2612 519 2672 terram,
535 2604 602 2674 quia
620 2603 774 2661 scabellum
787 2613 831 2660 est
843 2604 947 2679 pedum
965 2605 1044 2680 ejus:
1066 2623 1159 2677 neque
1173 2623 1225 2681 per

130 2702 353 2778 lerosolymam,
367 2703 435 2774 quia
448 2704 546 2760 civitas
560 2702 710 2777 estmagni
724 2702 810 2776 regis.
852 2703 957 2775 Neque
977 2720 1028 2777 per
1047 2712 1133 2777 caput
1145 2711 1225 2759 mum

127 2801 279 2876 juraveris,
294 2801 432 2871 quianon
445 2811 525 2877 potes
538 2817 627 2857 uuum
647 2799 782 2875 capillum
802 2799 896 2856 album
916 2800 1017 2866 facere,
1032 2810 1081 2856 aut
1099 2800 1225 2874 nigrum.

131 2899 178 2955 Sit
190 2907 285 2955 autem
297 2915 392 2957 sermo
406 2907 507 2966 vester,
521 2906 574 2964 est,
595 2905 654 2954 est:
677 2915 744 2964 nou,
765 2915 839 2953 nou:
861 2895 938 2968 quod
958 2906 1052 2954 autem
1067 2897 1113 2954 his
1136 2896 1223 2956 abrili-

130 2996 244 3053 dautius
264 3005 317 3062 est,
338 3015 355 3051 a
373 2997 448 3054 malo
467 2987 560 3053 est.”⁵
600 2995 690 3070 Igitur
708 2995 823 3070 privatis
843 2997 873 3052 in
886 2995 1035 3068 colloquiis
1055 2996 1222 3072 plerumque

127 3097 292 3171 juramenta
305 3102 371 3151 sunt
382 3095 488 3162 illicita,
503 3095 633 3166 quamvis
653 3091 806 3166 aliquando
825 3112 971 3151 occurrere
985 3095 1076 3170 possit
1089 3103 1164 3152 tanta
1176 3113 1225 3152 ne·

131 3194 260 3259 cessitas,
274 3200 377 3251 utrem
391 3172 499 3266 absque
512 3192 596 3268 culpa
607 3194 767 3250 sanciamus
776 3191 908 3266 jurando.
951 3191 1170 3249 caeterumve
1184 3202 1228 3249 est

132 3291 268 3349 delictum
289 3301 394 3349 temere
409 3294 522 3369 jurare;
544 3290 621 3362 quod
644 3308 727 3366 grave
749 3299 842 3345 tamen
864 3289 905 3356 iit,
920 3288 1034 3360 quando
1056 3307 1141 3364 grave
1161 3287 1227 3347 inde

132 3391 258 3446 nascitur
276 3389 440 3449 scandalum
461 3391 570 3447 ratione
591 3406 719 3464 personae
736 3386 874 3463 jurantis:
896 3405 923 3443 v.
942 3405 976 3462 g:
998 3385 1161 3455 sacerdotis,
1183 3387 1227 3445 uel

134 3489 270 3562 parentis,
283 3487 329 3544 vel
342 3488 455 3561 quando
468 3489 561 3565 gravis
581 3485 679 3545 divino
692 3484 801 3542 nomini
821 3484 938 3542 infertur
958 3486 1070 3562 injuria,
1084 3486 1130 3543 vel
1143 3503 1228 3563 grave

135 3584 282 3660 pejerandi
301 3587 431 3644 imminet
450 3586 617 3663 periculum.
659 3582 770 3641 Idcirco
783 3584 831 3655 qui
847 3585 942 3660 jurare
956 3593 1060 3642 temere
1074 3602 1228 3643 consueve-

135 3692 209 3751 runt,
231 3702 320 3756 quum
335 3703 366 3742 se
380 3684 535 3743 discrimini
548 3681 694 3761 pejerandi
708 3680 789 3740 facile
809 3682 952 3760 objiciant,
966 3694 995 3741 et
1007 3701 1139 3759 magnam
1152 3681 1229 3741 audi·

174 3882 218 3946 (Ι)
232 3882 297 3932 Vide
309 3899 372 3946 opus
382 3898 480 3934 mcum=
498 3889 513 3913 “
522 3882 635 3945 Primacy
647 3881 676 3930 oi
689 3881 731 3931 the
742 3881 870 3946 Apostolic
881 3879 953 3930 aaa?
965 3878 1048 3929 Lettcr
1058 3878 1135 3928 xxvii·

175 3967 219 4030 (2)
234 3967 294 4017 vita
305 3968 417 4031 Gregorii
429 3967 485 4016 Vll.
497 3968 523 4017 in
533 3966 651 4016 Muratori
663 3965 754 4031 Script.
765 3967 821 4016 Rer.
832 3966 909 4017 Italic.
920 3964 982 4014 liii
994 3978 1017 4026 p.
1029 3961 1086 4010 ata.

176 4051 220 4115 (3)
231 4051 299 4102 'l'laat
310 4052 368 4115 they
380 4051 545 4102 amahelved
556 4051 619 4101 t‘rom
638 4051 670 4101 all
691 4050 825 4114 allegiance
842 4057 868 4100 to
884 4048 927 4098 the
944 4045 1037 4097 Britisb
1048 4043 1155 4097 crown.”
1188 4044 1237 4096 Dc·

163 4137 320 4188 clarationot'
332 4137 526 4202 independenos.

283 4223 327 4287 (t)
340 4222 403 4272 Mat.
413 4221 482 4272 xviii.
496 4224 535 4272 ts.
869 4217 909 4284 (5)
924 4216 983 4268 Mat.
994 4232 1017 4268 r.
1029 4219 1070 4268 84.
