<?xml version="1.0" encoding="UTF-8"?>
<!DOCTYPE html PUBLIC "-//W3C//DTD XHTML 1.0 Transitional//EN"
    "http://www.w3.org/TR/xhtml1/DTD/xhtml1-transitional.dtd">
<html xmlns="http://www.w3.org/1999/xhtml" xml:lang="en" lang="en">
 <head>
  <title>
</title>
<meta http-equiv="Content-Type" content="text/html;charset=utf-8" />
  <meta name='ocr-system' content='tesseract 3.04.00' />
  <meta name='ocr-capabilities' content='ocr_page ocr_carea ocr_par ocr_line ocrx_word'/>
</head>
<body>
  <div class='ocr_page' id='page_1' title='image "./theologiaemoral00kenrgoog_0277.png"; bbox 0 0 2744 4980; ppageno 0'>
   <div class='ocr_carea' id='block_1_1' title="bbox 161 403 873 467">
    <p class='ocr_par' dir='ltr' id='par_1_1' title="bbox 161 403 873 467">
     <span class='ocr_line' id='line_1_1' title="bbox 161 403 873 467; baseline -0.003 -3"><span class='ocrx_word' id='word_1_1' title='bbox 161 412 221 467; x_wconf 78' lang='lat'>256</span> <span class='ocrx_word' id='word_1_2' title='bbox 309 445 312 450; x_wconf 95' lang='lat'><em>-</em></span> <span class='ocrx_word' id='word_1_3' title='bbox 539 405 597 464; x_wconf 84' lang='lat' dir='ltr'>DE</span> <span class='ocrx_word' id='word_1_4' title='bbox 618 403 873 464; x_wconf 84' lang='lat' dir='ltr'><strong>SERVITUTE.</strong></span> 
     </span>
    </p>
   </div>
   <div class='ocr_carea' id='block_1_2' title="bbox 160 567 1263 3700">
    <p class='ocr_par' dir='ltr' id='par_1_2' title="bbox 160 567 1250 829">
     <span class='ocr_line' id='line_1_2' title="bbox 161 567 1249 648; baseline -0.004 -16"><span class='ocrx_word' id='word_1_5' title='bbox 161 573 216 632; x_wconf 88' lang='lat' dir='ltr'>lll.</span> <span class='ocrx_word' id='word_1_6' title='bbox 231 591 305 630; x_wconf 90' lang='lat' dir='ltr'>anno</span> <span class='ocrx_word' id='word_1_7' title='bbox 321 575 408 639; x_wconf 83' lang='grc'><strong>1167,</strong></span> <span class='ocrx_word' id='word_1_8' title='bbox 423 592 458 630; x_wconf 91' lang='lat' dir='ltr'>ne</span> <span class='ocrx_word' id='word_1_9' title='bbox 473 573 502 631; x_wconf 93' lang='lat' dir='ltr'>in</span> <span class='ocrx_word' id='word_1_10' title='bbox 515 585 660 648; x_wconf 86' lang='lat' dir='ltr'>postemm</span> <span class='ocrx_word' id='word_1_11' title='bbox 681 569 839 628; x_wconf 77' lang='lat' dir='ltr'>Christiani</span> <span class='ocrx_word' id='word_1_12' title='bbox 852 572 927 628; x_wconf 87' lang='lat' dir='ltr'>servi</span> <span class='ocrx_word' id='word_1_13' title='bbox 939 567 1136 630; x_wconf 84' lang='lat' dir='ltr'>haberentur.¹</span> <span class='ocrx_word' id='word_1_14' title='bbox 1178 570 1249 628; x_wconf 84' lang='lat' dir='ltr'>Haec</span> 
     </span>
     <span class='ocr_line' id='line_1_3' title="bbox 160 669 1250 745; baseline -0.003 -16"><span class='ocrx_word' id='word_1_15' title='bbox 160 671 369 730; x_wconf 86' lang='lat' dir='ltr'>humanissima</span> <span class='ocrx_word' id='word_1_16' title='bbox 384 673 492 730; x_wconf 89' lang='lat' dir='ltr'>sanctio</span> <span class='ocrx_word' id='word_1_17' title='bbox 512 670 691 745; x_wconf 90' lang='lat' dir='ltr'>sequioribus</span> <span class='ocrx_word' id='word_1_18' title='bbox 711 669 823 728; x_wconf 74' lang='lat' dir='ltr'>seculis</span> <span class='ocrx_word' id='word_1_19' title='bbox 844 669 984 728; x_wconf 86' lang='lat' dir='ltr'>infirmata</span> <span class='ocrx_word' id='word_1_20' title='bbox 1003 681 1057 738; x_wconf 88' lang='lat' dir='ltr'>est,</span> <span class='ocrx_word' id='word_1_21' title='bbox 1079 671 1250 729; x_wconf 87' lang='lat' dir='ltr'>commercio</span> 
     </span>
     <span class='ocr_line' id='line_1_4' title="bbox 161 769 417 829; baseline 0.004 -2"><span class='ocrx_word' id='word_1_22' title='bbox 161 769 277 829; x_wconf 88' lang='lat' dir='ltr'>inducto</span> <span class='ocrx_word' id='word_1_23' title='bbox 291 769 417 828; x_wconf 79' lang='lat' dir='ltr'>infando.</span> 
     </span>
    </p>

    <p class='ocr_par' dir='ltr' id='par_1_3' title="bbox 161 866 1261 3102">
     <span class='ocr_line' id='line_1_5' title="bbox 201 866 1254 944; baseline -0.003 -17"><span class='ocrx_word' id='word_1_24' title='bbox 201 873 250 927; x_wconf 80' lang='grc'>36.</span> <span class='ocrx_word' id='word_1_25' title='bbox 273 870 439 928; x_wconf 89' lang='lat' dir='ltr'>Novissime</span> <span class='ocrx_word' id='word_1_26' title='bbox 460 869 559 926; x_wconf 89' lang='lat' dir='ltr'>claruit</span> <span class='ocrx_word' id='word_1_27' title='bbox 579 868 632 925; x_wconf 89' lang='lat' dir='ltr'>hac</span> <span class='ocrx_word' id='word_1_28' title='bbox 652 870 682 927; x_wconf 92' lang='lat' dir='ltr'>in</span> <span class='ocrx_word' id='word_1_29' title='bbox 703 886 733 925; x_wconf 90' lang='lat' dir='ltr'>re</span> <span class='ocrx_word' id='word_1_30' title='bbox 760 867 920 927; x_wconf 89' lang='lat' dir='ltr'>humanitas</span> <span class='ocrx_word' id='word_1_31' title='bbox 943 868 1105 944; x_wconf 73' lang='lat' dir='ltr'>Apostolici</span> <span class='ocrx_word' id='word_1_32' title='bbox 1128 866 1254 942; x_wconf 77' lang='lat' dir='ltr'>presulis</span> 
     </span>
     <span class='ocr_line' id='line_1_6' title="bbox 162 965 1253 1045; baseline -0.004 -19"><span class='ocrx_word' id='word_1_33' title='bbox 162 968 296 1045; x_wconf 84' lang='lat' dir='ltr'>Gregorii</span> <span class='ocrx_word' id='word_1_34' title='bbox 307 968 402 1035; x_wconf 70' lang='lat' dir='ltr'>XVI,</span> <span class='ocrx_word' id='word_1_35' title='bbox 412 969 462 1040; x_wconf 91' lang='lat' dir='ltr'>qui</span> <span class='ocrx_word' id='word_1_36' title='bbox 472 967 654 1025; x_wconf 78' lang='lat' dir='ltr'><strong>decessorum</strong></span> <span class='ocrx_word' id='word_1_37' title='bbox 662 984 778 1025; x_wconf 86' lang='lat' dir='ltr'>suorum</span> <span class='ocrx_word' id='word_1_38' title='bbox 788 967 923 1044; x_wconf 83' lang='lat' dir='ltr'>exempla</span> <span class='ocrx_word' id='word_1_39' title='bbox 935 976 1061 1034; x_wconf 89' lang='lat' dir='ltr'>secutus,</span> <span class='ocrx_word' id='word_1_40' title='bbox 1076 967 1107 1025; x_wconf 93' lang='lat' dir='ltr'>N</span> <span class='ocrx_word' id='word_1_41' title='bbox 1110 965 1253 1043; x_wconf 85' lang='lat' dir='ltr'>igritarurn</span> 
     </span>
     <span class='ocr_line' id='line_1_7' title="bbox 162 1063 1254 1141; baseline -0.005 -18"><span class='ocrx_word' id='word_1_42' title='bbox 162 1068 375 1134; x_wconf 83' lang='lat' dir='ltr'>commercium,</span> <span class='ocrx_word' id='word_1_43' title='bbox 385 1065 462 1139; x_wconf 90' lang='lat' dir='ltr'>quod</span> <span class='ocrx_word' id='word_1_44' title='bbox 475 1067 601 1124; x_wconf 86' lang='lat' dir='ltr'>nationes</span> <span class='ocrx_word' id='word_1_45' title='bbox 610 1065 777 1124; x_wconf 89' lang='lat' dir='ltr'>christianas</span> <span class='ocrx_word' id='word_1_46' title='bbox 791 1082 923 1123; x_wconf 87' lang='lat' dir='ltr'>exercere</span> <span class='ocrx_word' id='word_1_47' title='bbox 937 1083 993 1123; x_wconf 91' lang='lat' dir='ltr'>non</span> <span class='ocrx_word' id='word_1_48' title='bbox 1007 1064 1119 1141; x_wconf 90' lang='lat' dir='ltr'>puduit,</span> <span class='ocrx_word' id='word_1_49' title='bbox 1130 1063 1254 1122; x_wconf 82' lang='lat' dir='ltr'>sutilibus</span> 
     </span>
     <span class='ocr_line' id='line_1_8' title="bbox 161 1161 1255 1240; baseline -0.003 -18"><span class='ocrx_word' id='word_1_50' title='bbox 161 1161 191 1222; x_wconf 89' lang='lat' dir='ltr'>&#39;et</span> <span class='ocrx_word' id='word_1_51' title='bbox 204 1167 334 1224; x_wconf 88' lang='lat' dir='ltr'>inanibus</span> <span class='ocrx_word' id='word_1_52' title='bbox 347 1166 500 1223; x_wconf 88' lang='lat' dir='ltr'>rationibus</span> <span class='ocrx_word' id='word_1_53' title='bbox 520 1163 555 1222; x_wconf 90' lang='lat' dir='ltr'>ad</span> <span class='ocrx_word' id='word_1_54' title='bbox 576 1175 681 1223; x_wconf 89' lang='lat' dir='ltr'>tantam</span> <span class='ocrx_word' id='word_1_55' title='bbox 700 1163 866 1240; x_wconf 87' lang='lat' dir='ltr'>injustitiam</span> <span class='ocrx_word' id='word_1_56' title='bbox 888 1162 1098 1222; x_wconf 80' lang='lat' dir='ltr'>extenuandam</span> <span class='ocrx_word' id='word_1_57' title='bbox 1120 1161 1255 1226; x_wconf 89' lang='lat' dir='ltr'>adductis,</span> 
     </span>
     <span class='ocr_line' id='line_1_9' title="bbox 163 1261 1255 1341; baseline -0.003 -21"><span class='ocrx_word' id='word_1_58' title='bbox 163 1262 308 1323; x_wconf 86' lang='lat' dir='ltr'>damnavit</span> <span class='ocrx_word' id='word_1_59' title='bbox 338 1274 367 1320; x_wconf 89' lang='lat' dir='ltr'>et</span> <span class='ocrx_word' id='word_1_60' title='bbox 398 1264 557 1341; x_wconf 84' lang='lat' dir='ltr'>prohibuit:</span> <span class='ocrx_word' id='word_1_61' title='bbox 592 1263 792 1321; x_wconf 80' lang='lat' dir='ltr'>“Auctoritate</span> <span class='ocrx_word' id='word_1_62' title='bbox 819 1261 1017 1338; x_wconf 79' lang='lat' dir='ltr'>Apostolica,”</span> <span class='ocrx_word' id='word_1_63' title='bbox 1045 1263 1082 1318; x_wconf 89' lang='lat' dir='ltr'>ait</span> <span class='ocrx_word' id='word_1_64' title='bbox 1110 1261 1255 1324; x_wconf 83' lang='lat' dir='ltr'>Pontifex,</span> 
     </span>
     <span class='ocr_line' id='line_1_10' title="bbox 164 1358 1256 1438; baseline -0.005 -18"><span class='ocrx_word' id='word_1_65' title='bbox 164 1370 293 1420; x_wconf 88' lang='lat' dir='ltr'>“omnes</span> <span class='ocrx_word' id='word_1_66' title='bbox 316 1363 521 1438; x_wconf 89' lang='lat' dir='ltr'>cujuscumque</span> <span class='ocrx_word' id='word_1_67' title='bbox 541 1360 710 1419; x_wconf 91' lang='lat' dir='ltr'>conditionis</span> <span class='ocrx_word' id='word_1_68' title='bbox 730 1359 940 1419; x_wconf 85' lang='lat' dir='ltr'>Christifideles</span> <span class='ocrx_word' id='word_1_69' title='bbox 961 1358 1150 1418; x_wconf 90' lang='lat' dir='ltr'>admonemus</span> <span class='ocrx_word' id='word_1_70' title='bbox 1170 1370 1200 1417; x_wconf 89' lang='lat' dir='ltr'>et</span> <span class='ocrx_word' id='word_1_71' title='bbox 1212 1360 1256 1417; x_wconf 82' lang='lat' dir='ltr'>ob</span> 
     </span>
     <span class='ocr_line' id='line_1_11' title="bbox 162 1456 1255 1534; baseline -0.003 -18"><span class='ocrx_word' id='word_1_72' title='bbox 162 1470 298 1519; x_wconf 89' lang='lat' dir='ltr'>testamur</span> <span class='ocrx_word' id='word_1_73' title='bbox 311 1461 341 1518; x_wconf 92' lang='lat' dir='ltr'>in</span> <span class='ocrx_word' id='word_1_74' title='bbox 355 1459 482 1518; x_wconf 91' lang='lat' dir='ltr'>Domino</span> <span class='ocrx_word' id='word_1_75' title='bbox 495 1458 687 1527; x_wconf 89' lang='lat' dir='ltr'>vehementer,</span> <span class='ocrx_word' id='word_1_76' title='bbox 701 1477 736 1516; x_wconf 90' lang='lat' dir='ltr'>ne</span> <span class='ocrx_word' id='word_1_77' title='bbox 757 1459 822 1531; x_wconf 88' lang='lat' dir='ltr'>quis</span> <span class='ocrx_word' id='word_1_78' title='bbox 842 1456 943 1516; x_wconf 87' lang='lat' dir='ltr'>audeat</span> <span class='ocrx_word' id='word_1_79' title='bbox 955 1458 985 1515; x_wconf 94' lang='lat' dir='ltr'>in</span> <span class='ocrx_word' id='word_1_80' title='bbox 998 1468 1147 1534; x_wconf 88' lang='lat' dir='ltr'>posterum</span> <span class='ocrx_word' id='word_1_81' title='bbox 1161 1456 1255 1522; x_wconf 87' lang='lat' dir='ltr'>ludos,</span> 
     </span>
     <span class='ocr_line' id='line_1_12' title="bbox 163 1555 1255 1635; baseline -0.005 -19"><span class='ocrx_word' id='word_1_82' title='bbox 163 1558 301 1635; x_wconf 78' lang='lat' dir='ltr'>Nigritae,</span> <span class='ocrx_word' id='word_1_83' title='bbox 316 1576 367 1615; x_wconf 88' lang='lat' dir='ltr'>seu</span> <span class='ocrx_word' id='word_1_84' title='bbox 380 1558 451 1616; x_wconf 87' lang='lat' dir='ltr'>alios</span> <span class='ocrx_word' id='word_1_85' title='bbox 464 1555 629 1633; x_wconf 88' lang='lat' dir='ltr'>hujusmodi</span> <span class='ocrx_word' id='word_1_86' title='bbox 649 1556 781 1615; x_wconf 92' lang='lat' dir='ltr'>homines</span> <span class='ocrx_word' id='word_1_87' title='bbox 804 1557 909 1633; x_wconf 90' lang='lat' dir='ltr'>injuste</span> <span class='ocrx_word' id='word_1_88' title='bbox 931 1573 1046 1623; x_wconf 80' lang='lat' dir='ltr'>vexare,</span> <span class='ocrx_word' id='word_1_89' title='bbox 1066 1568 1117 1614; x_wconf 88' lang='lat' dir='ltr'>aut</span> <span class='ocrx_word' id='word_1_90' title='bbox 1135 1555 1255 1631; x_wconf 85' lang='lat' dir='ltr'>spoliare</span> 
     </span>
     <span class='ocr_line' id='line_1_13' title="bbox 163 1653 1256 1731; baseline -0.003 -18"><span class='ocrx_word' id='word_1_91' title='bbox 163 1658 223 1714; x_wconf 89' lang='lat' dir='ltr'>suis</span> <span class='ocrx_word' id='word_1_92' title='bbox 236 1657 331 1722; x_wconf 89' lang='lat' dir='ltr'>bonis,</span> <span class='ocrx_word' id='word_1_93' title='bbox 342 1666 390 1713; x_wconf 92' lang='lat' dir='ltr'>aut</span> <span class='ocrx_word' id='word_1_94' title='bbox 402 1658 432 1714; x_wconf 94' lang='lat' dir='ltr'>in</span> <span class='ocrx_word' id='word_1_95' title='bbox 445 1655 610 1713; x_wconf 85' lang='lat' dir='ltr'>servitutem</span> <span class='ocrx_word' id='word_1_96' title='bbox 624 1654 762 1731; x_wconf 84' lang='lat' dir='ltr'>redigere,</span> <span class='ocrx_word' id='word_1_97' title='bbox 770 1653 816 1712; x_wconf 80' lang='lat' dir='ltr'>rel</span> <span class='ocrx_word' id='word_1_98' title='bbox 824 1655 887 1713; x_wconf 88' lang='lat' dir='ltr'>aliis</span> <span class='ocrx_word' id='word_1_99' title='bbox 901 1655 966 1712; x_wconf 89' lang='lat' dir='ltr'>talia</span> <span class='ocrx_word' id='word_1_100' title='bbox 978 1655 1009 1712; x_wconf 93' lang='lat' dir='ltr'>in</span> <span class='ocrx_word' id='word_1_101' title='bbox 1021 1672 1073 1712; x_wconf 89' lang='lat' dir='ltr'>eos</span> <span class='ocrx_word' id='word_1_102' title='bbox 1083 1653 1256 1731; x_wconf 89' lang='lat' dir='ltr'>patrantibus</span> 
     </span>
     <span class='ocr_line' id='line_1_14' title="bbox 163 1751 1256 1829; baseline -0.003 -17"><span class='ocrx_word' id='word_1_103' title='bbox 163 1755 302 1814; x_wconf 87' lang='lat' dir='ltr'>auxilium</span> <span class='ocrx_word' id='word_1_104' title='bbox 316 1764 364 1813; x_wconf 88' lang='lat' dir='ltr'>aut</span> <span class='ocrx_word' id='word_1_105' title='bbox 373 1755 498 1813; x_wconf 85' lang='lat' dir='ltr'>savorem</span> <span class='ocrx_word' id='word_1_106' title='bbox 512 1762 661 1829; x_wconf 79' lang='lat' dir='ltr'>priestare;</span> <span class='ocrx_word' id='word_1_107' title='bbox 682 1771 733 1810; x_wconf 91' lang='lat' dir='ltr'>seu</span> <span class='ocrx_word' id='word_1_108' title='bbox 747 1770 881 1810; x_wconf 85' lang='lat' dir='ltr'>exercere</span> <span class='ocrx_word' id='word_1_109' title='bbox 894 1752 1081 1812; x_wconf 86' lang='lat' dir='ltr'>inhumanum</span> <span class='ocrx_word' id='word_1_110' title='bbox 1095 1751 1167 1812; x_wconf 90' lang='lat' dir='ltr'>illud</span> <span class='ocrx_word' id='word_1_111' title='bbox 1181 1771 1256 1810; x_wconf 89' lang='lat' dir='ltr'>com·</span> 
     </span>
     <span class='ocr_line' id='line_1_15' title="bbox 163 1849 1257 1929; baseline -0.005 -16"><span class='ocrx_word' id='word_1_112' title='bbox 163 1855 312 1921; x_wconf 85' lang='lat' dir='ltr'>mercium,</span> <span class='ocrx_word' id='word_1_113' title='bbox 327 1872 384 1927; x_wconf 91' lang='lat' dir='ltr'>quo</span> <span class='ocrx_word' id='word_1_114' title='bbox 398 1853 530 1929; x_wconf 77' lang='lat' dir='ltr'>Nigritae,</span> <span class='ocrx_word' id='word_1_115' title='bbox 544 1861 687 1924; x_wconf 89' lang='lat' dir='ltr'>tamquam</span> <span class='ocrx_word' id='word_1_116' title='bbox 700 1851 725 1908; x_wconf 90' lang='lat' dir='ltr'>si</span> <span class='ocrx_word' id='word_1_117' title='bbox 738 1870 796 1910; x_wconf 90' lang='lat' dir='ltr'>uon</span> <span class='ocrx_word' id='word_1_118' title='bbox 817 1851 949 1910; x_wconf 89' lang='lat' dir='ltr'>homines</span> <span class='ocrx_word' id='word_1_119' title='bbox 968 1849 1019 1908; x_wconf 84' lang='lat' dir='ltr'>sed</span> <span class='ocrx_word' id='word_1_120' title='bbox 1040 1869 1114 1929; x_wconf 90' lang='lat' dir='ltr'>pura</span> <span class='ocrx_word' id='word_1_121' title='bbox 1134 1861 1257 1926; x_wconf 87' lang='lat' dir='ltr'>putaque</span> 
     </span>
     <span class='ocr_line' id='line_1_16' title="bbox 164 1948 1257 2023; baseline -0.006 -12"><span class='ocrx_word' id='word_1_122' title='bbox 164 1953 316 2011; x_wconf 85' lang='lat' dir='ltr'>animantia</span> <span class='ocrx_word' id='word_1_123' title='bbox 335 1952 436 2019; x_wconf 81' lang='lat' dir='ltr'>forent,</span> <span class='ocrx_word' id='word_1_124' title='bbox 457 1952 487 2009; x_wconf 91' lang='lat' dir='ltr'>in</span> <span class='ocrx_word' id='word_1_125' title='bbox 507 1951 670 2008; x_wconf 86' lang='lat' dir='ltr'>servitutem</span> <span class='ocrx_word' id='word_1_126' title='bbox 689 1960 843 2023; x_wconf 89' lang='lat' dir='ltr'>utcumque</span> <span class='ocrx_word' id='word_1_127' title='bbox 862 1949 978 2017; x_wconf 86' lang='lat' dir='ltr'>redacti,</span> <span class='ocrx_word' id='word_1_128' title='bbox 998 1951 1062 2008; x_wconf 88' lang='lat' dir='ltr'>sine</span> <span class='ocrx_word' id='word_1_129' title='bbox 1085 1950 1147 2008; x_wconf 92' lang='lat' dir='ltr'>ullo</span> <span class='ocrx_word' id='word_1_130' title='bbox 1160 1948 1257 2006; x_wconf 88' lang='lat' dir='ltr'>discri-</span> 
     </span>
     <span class='ocr_line' id='line_1_17' title="bbox 164 2047 1257 2127; baseline -0.002 -20"><span class='ocrx_word' id='word_1_131' title='bbox 164 2051 252 2117; x_wconf 87' lang='lat' dir='ltr'>mine,</span> <span class='ocrx_word' id='word_1_132' title='bbox 273 2060 370 2106; x_wconf 85' lang='lat' dir='ltr'>eontra</span> <span class='ocrx_word' id='word_1_133' title='bbox 384 2051 501 2127; x_wconf 75' lang='lat' dir='ltr'>justitie</span> <span class='ocrx_word' id='word_1_134' title='bbox 522 2058 550 2104; x_wconf 93' lang='lat' dir='ltr'>et</span> <span class='ocrx_word' id='word_1_135' title='bbox 568 2047 749 2106; x_wconf 85' lang='lat' dir='ltr'>humanitatis</span> <span class='ocrx_word' id='word_1_136' title='bbox 770 2049 846 2125; x_wconf 86' lang='lat' dir='ltr'>jura,</span> <span class='ocrx_word' id='word_1_137' title='bbox 859 2056 1008 2114; x_wconf 80' lang='lat' dir='ltr'>emuntur,</span> <span class='ocrx_word' id='word_1_138' title='bbox 1029 2047 1202 2115; x_wconf 82' lang='lat' dir='ltr'>venduntur,</span> <span class='ocrx_word' id='word_1_139' title='bbox 1227 2066 1257 2105; x_wconf 91' lang='lat' dir='ltr'>ac</span> 
     </span>
     <span class='ocr_line' id='line_1_18' title="bbox 163 2145 1259 2222; baseline -0.003 -17"><span class='ocrx_word' id='word_1_140' title='bbox 163 2147 323 2207; x_wconf 88' lang='lat' dir='ltr'>durissimis</span> <span class='ocrx_word' id='word_1_141' title='bbox 344 2147 485 2206; x_wconf 89' lang='lat' dir='ltr'>interdum</span> <span class='ocrx_word' id='word_1_142' title='bbox 506 2147 648 2204; x_wconf 87' lang='lat' dir='ltr'>laboribus</span> <span class='ocrx_word' id='word_1_143' title='bbox 673 2145 851 2204; x_wconf 87' lang='lat' dir='ltr'>exantlandis</span> <span class='ocrx_word' id='word_1_144' title='bbox 876 2146 1064 2215; x_wconf 83' lang='lat' dir='ltr'>devorentur,</span> <span class='ocrx_word' id='word_1_145' title='bbox 1084 2157 1115 2205; x_wconf 91' lang='lat' dir='ltr'>et</span> <span class='ocrx_word' id='word_1_146' title='bbox 1142 2147 1259 2222; x_wconf 87' lang='lat' dir='ltr'>insuper</span> 
     </span>
     <span class='ocr_line' id='line_1_19' title="bbox 164 2244 1258 2323; baseline -0.001 -20"><span class='ocrx_word' id='word_1_147' title='bbox 164 2247 236 2304; x_wconf 89' lang='lat' dir='ltr'>lucri</span> <span class='ocrx_word' id='word_1_148' title='bbox 248 2265 301 2322; x_wconf 88' lang='lat' dir='ltr'>spe</span> <span class='ocrx_word' id='word_1_149' title='bbox 312 2246 487 2323; x_wconf 90' lang='lat' dir='ltr'>Nigritarum</span> <span class='ocrx_word' id='word_1_150' title='bbox 500 2245 715 2321; x_wconf 79' lang='lat' dir='ltr'>occupatoribus</span> <span class='ocrx_word' id='word_1_151' title='bbox 725 2262 777 2319; x_wconf 93' lang='lat' dir='ltr'>per</span> <span class='ocrx_word' id='word_1_152' title='bbox 788 2245 994 2304; x_wconf 90' lang='lat' dir='ltr'>commercium</span> <span class='ocrx_word' id='word_1_153' title='bbox 1007 2244 1085 2304; x_wconf 91' lang='lat' dir='ltr'>idem</span> <span class='ocrx_word' id='word_1_154' title='bbox 1098 2245 1258 2321; x_wconf 88' lang='lat' dir='ltr'>proposita,</span> 
     </span>
     <span class='ocr_line' id='line_1_20' title="bbox 164 2341 1261 2419; baseline 0.001 -20"><span class='ocrx_word' id='word_1_155' title='bbox 164 2343 284 2400; x_wconf 88' lang='lat' dir='ltr'>dissidia</span> <span class='ocrx_word' id='word_1_156' title='bbox 296 2354 324 2399; x_wconf 89' lang='lat' dir='ltr'>et</span> <span class='ocrx_word' id='word_1_157' title='bbox 336 2354 472 2418; x_wconf 88' lang='lat' dir='ltr'>perpetua</span> <span class='ocrx_word' id='word_1_158' title='bbox 484 2341 696 2414; x_wconf 89' lang='lat' dir='ltr'>quodammodo</span> <span class='ocrx_word' id='word_1_159' title='bbox 709 2342 739 2398; x_wconf 90' lang='lat' dir='ltr'>in</span> <span class='ocrx_word' id='word_1_160' title='bbox 752 2341 865 2399; x_wconf 87' lang='lat' dir='ltr'>illorum</span> <span class='ocrx_word' id='word_1_161' title='bbox 878 2342 1041 2418; x_wconf 87' lang='lat' dir='ltr'>regionibus</span> <span class='ocrx_word' id='word_1_162' title='bbox 1051 2342 1151 2419; x_wconf 70' lang='lat' dir='ltr'>praelia</span> <span class='ocrx_word' id='word_1_163' title='bbox 1163 2341 1261 2400; x_wconf 81' lang='lat' dir='ltr'>loven·</span> 
     </span>
     <span class='ocr_line' id='line_1_21' title="bbox 164 2436 1260 2513; baseline -0.001 -16"><span class='ocrx_word' id='word_1_164' title='bbox 164 2448 218 2497; x_wconf 86' lang='lat' dir='ltr'>tur.</span> <span class='ocrx_word' id='word_1_165' title='bbox 261 2440 350 2496; x_wconf 88' lang='lat' dir='ltr'>Enim</span> <span class='ocrx_word' id='word_1_166' title='bbox 365 2457 432 2496; x_wconf 86' lang='lat' dir='ltr'>vero</span> <span class='ocrx_word' id='word_1_167' title='bbox 447 2440 510 2496; x_wconf 83' lang='lat' dir='ltr'>Noe</span> <span class='ocrx_word' id='word_1_168' title='bbox 531 2436 663 2513; x_wconf 79' lang='lat' dir='ltr'>praedicta</span> <span class='ocrx_word' id='word_1_169' title='bbox 680 2439 787 2506; x_wconf 89' lang='lat' dir='ltr'>omnia,</span> <span class='ocrx_word' id='word_1_170' title='bbox 803 2449 949 2511; x_wconf 87' lang='lat' dir='ltr'>tamqnam</span> <span class='ocrx_word' id='word_1_171' title='bbox 962 2437 1132 2498; x_wconf 79' lang='lat' dir='ltr'>Christiano</span> <span class='ocrx_word' id='word_1_172' title='bbox 1145 2441 1260 2497; x_wconf 90' lang='lat' dir='ltr'>nornine</span> 
     </span>
     <span class='ocr_line' id='line_1_22' title="bbox 163 2524 1258 2614; baseline 0.001 -20"><span class='ocrx_word' id='word_1_173' title='bbox 163 2554 279 2612; x_wconf 88' lang='lat' dir='ltr'>prorsus</span> <span class='ocrx_word' id='word_1_174' title='bbox 293 2536 418 2611; x_wconf 83' lang='lat' dir='ltr'>indigna,</span> <span class='ocrx_word' id='word_1_175' title='bbox 433 2535 606 2593; x_wconf 62' lang='lat' dir='ltr'>auctoritate</span> <span class='ocrx_word' id='word_1_176' title='bbox 614 2537 780 2612; x_wconf 79' lang='lat' dir='ltr'>Apostolica</span> <span class='ocrx_word' id='word_1_177' title='bbox 790 2524 994 2614; x_wconf 87' lang='lat' dir='ltr'>reprobamus;</span> <span class='ocrx_word' id='word_1_178' title='bbox 1009 2537 1171 2611; x_wconf 88' lang='lat' dir='ltr'>eademqne</span> <span class='ocrx_word' id='word_1_179' title='bbox 1184 2539 1258 2596; x_wconf 82' lang='lat' dir='ltr'>Aue·</span> 
     </span>
     <span class='ocr_line' id='line_1_23' title="bbox 166 2633 1260 2709; baseline 0 -17"><span class='ocrx_word' id='word_1_180' title='bbox 166 2635 274 2692; x_wconf 87' lang='lat' dir='ltr'>toritate</span> <span class='ocrx_word' id='word_1_181' title='bbox 294 2633 417 2690; x_wconf 86' lang='lat' dir='ltr'>districte</span> <span class='ocrx_word' id='word_1_182' title='bbox 439 2635 625 2709; x_wconf 89' lang='lat' dir='ltr'>prohibemus</span> <span class='ocrx_word' id='word_1_183' title='bbox 646 2644 729 2705; x_wconf 89' lang='lat' dir='ltr'>atque</span> <span class='ocrx_word' id='word_1_184' title='bbox 749 2634 956 2704; x_wconf 85' lang='lat' dir='ltr'>interdicimus,</span> <span class='ocrx_word' id='word_1_185' title='bbox 970 2636 1085 2709; x_wconf 90' lang='lat' dir='ltr'>nequis</span> <span class='ocrx_word' id='word_1_186' title='bbox 1098 2636 1260 2694; x_wconf 82' lang='lat' dir='ltr'>Ecclesiae·</span> 
     </span>
     <span class='ocr_line' id='line_1_24' title="bbox 166 2731 1261 2808; baseline 0 -17"><span class='ocrx_word' id='word_1_187' title='bbox 166 2734 237 2791; x_wconf 91' lang='lat' dir='ltr'>ticus</span> <span class='ocrx_word' id='word_1_188' title='bbox 252 2742 299 2789; x_wconf 89' lang='lat' dir='ltr'>ant</span> <span class='ocrx_word' id='word_1_189' title='bbox 311 2731 414 2790; x_wconf 89' lang='lat' dir='ltr'>Laicns</span> <span class='ocrx_word' id='word_1_190' title='bbox 428 2734 524 2808; x_wconf 87' lang='lat' dir='ltr'>ipsum</span> <span class='ocrx_word' id='word_1_191' title='bbox 537 2731 606 2789; x_wconf 91' lang='lat' dir='ltr'>illud</span> <span class='ocrx_word' id='word_1_192' title='bbox 628 2731 804 2808; x_wconf 86' lang='lat' dir='ltr'>Nigritarum</span> <span class='ocrx_word' id='word_1_193' title='bbox 824 2734 1029 2792; x_wconf 89' lang='lat' dir='ltr'>commercium</span> <span class='ocrx_word' id='word_1_194' title='bbox 1052 2734 1142 2793; x_wconf 84' lang='lat' dir='ltr'>veluti</span> <span class='ocrx_word' id='word_1_195' title='bbox 1154 2734 1261 2791; x_wconf 90' lang='lat' dir='ltr'>licitum</span> 
     </span>
     <span class='ocr_line' id='line_1_25' title="bbox 165 2829 1259 2905; baseline 0.002 -19"><span class='ocrx_word' id='word_1_196' title='bbox 165 2833 219 2889; x_wconf 89' lang='lat' dir='ltr'>sub</span> <span class='ocrx_word' id='word_1_197' title='bbox 232 2831 333 2905; x_wconf 86' lang='lat' dir='ltr'>quovis</span> <span class='ocrx_word' id='word_1_198' title='bbox 347 2830 471 2898; x_wconf 84' lang='lat' dir='ltr'>obtentu,</span> <span class='ocrx_word' id='word_1_199' title='bbox 486 2839 534 2888; x_wconf 90' lang='lat' dir='ltr'>aut</span> <span class='ocrx_word' id='word_1_200' title='bbox 546 2831 664 2902; x_wconf 75' lang='lat' dir='ltr'>quaesito</span> <span class='ocrx_word' id='word_1_201' title='bbox 677 2829 771 2886; x_wconf 89' lang='lat' dir='ltr'>colore</span> <span class='ocrx_word' id='word_1_202' title='bbox 785 2831 866 2897; x_wconf 89' lang='lat' dir='ltr'>tueri,</span> <span class='ocrx_word' id='word_1_203' title='bbox 876 2840 924 2888; x_wconf 92' lang='lat' dir='ltr'>aut</span> <span class='ocrx_word' id='word_1_204' title='bbox 936 2831 1016 2890; x_wconf 90' lang='lat' dir='ltr'>aliter</span> <span class='ocrx_word' id='word_1_205' title='bbox 1028 2842 1128 2891; x_wconf 81' lang='lat' dir='ltr'>uonna</span> <span class='ocrx_word' id='word_1_206' title='bbox 1140 2849 1184 2897; x_wconf 91' lang='lat' dir='ltr'>ea,</span> <span class='ocrx_word' id='word_1_207' title='bbox 1196 2850 1259 2904; x_wconf 78' lang='lat' dir='ltr'>que</span> 
     </span>
     <span class='ocr_line' id='line_1_26' title="bbox 165 2927 1258 3006; baseline 0.002 -20"><span class='ocrx_word' id='word_1_208' title='bbox 165 2930 268 2987; x_wconf 90' lang='lat' dir='ltr'>nostris</span> <span class='ocrx_word' id='word_1_209' title='bbox 282 2929 362 2986; x_wconf 86' lang='lat' dir='ltr'>hisce</span> <span class='ocrx_word' id='word_1_210' title='bbox 376 2928 550 3004; x_wconf 78' lang='lat' dir='ltr'>Apostolicts</span> <span class='ocrx_word' id='word_1_211' title='bbox 564 2927 679 2986; x_wconf 74' lang='lat' dir='ltr'>Litteris</span> <span class='ocrx_word' id='word_1_212' title='bbox 693 2930 869 2996; x_wconf 86' lang='lat' dir='ltr'>monuimus,</span> <span class='ocrx_word' id='word_1_213' title='bbox 890 2929 1045 3006; x_wconf 76' lang='lat' dir='ltr'>predicare</span> <span class='ocrx_word' id='word_1_214' title='bbox 1066 2947 1118 2990; x_wconf 90' lang='lat' dir='ltr'>seu</span> <span class='ocrx_word' id='word_1_215' title='bbox 1140 2948 1258 3002; x_wconf 92' lang='lat' dir='ltr'>quomo·</span> 
     </span>
     <span class='ocr_line' id='line_1_27' title="bbox 165 3020 927 3102; baseline 0.001 -19"><span class='ocrx_word' id='word_1_216' title='bbox 165 3024 271 3084; x_wconf 85' lang='lat' dir='ltr'>delibet</span> <span class='ocrx_word' id='word_1_217' title='bbox 283 3025 395 3102; x_wconf 91' lang='lat' dir='ltr'>publice</span> <span class='ocrx_word' id='word_1_218' title='bbox 407 3027 452 3083; x_wconf 86' lang='lat' dir='ltr'>vel</span> <span class='ocrx_word' id='word_1_219' title='bbox 465 3027 595 3102; x_wconf 84' lang='lat' dir='ltr'>privatim</span> <span class='ocrx_word' id='word_1_220' title='bbox 609 3024 711 3083; x_wconf 92' lang='lat' dir='ltr'>docere</span> <span class='ocrx_word' id='word_1_221' title='bbox 724 3020 927 3102; x_wconf 73' lang='lat' dir='ltr'>praesumat&#39;&#39;²</span> 
     </span>
    </p>

    <p class='ocr_par' dir='ltr' id='par_1_4' title="bbox 165 3122 1263 3700">
     <span class='ocr_line' id='line_1_28' title="bbox 205 3122 1259 3199; baseline 0.005 -19"><span class='ocrx_word' id='word_1_222' title='bbox 205 3128 254 3182; x_wconf 86' lang='grc'>37.</span> <span class='ocrx_word' id='word_1_223' title='bbox 276 3122 353 3190; x_wconf 87' lang='lat' dir='ltr'>Quid</span> <span class='ocrx_word' id='word_1_224' title='bbox 376 3134 469 3182; x_wconf 91' lang='lat' dir='ltr'>autem</span> <span class='ocrx_word' id='word_1_225' title='bbox 488 3122 668 3182; x_wconf 90' lang='lat' dir='ltr'>sentiendum</span> <span class='ocrx_word' id='word_1_226' title='bbox 688 3133 732 3181; x_wconf 86' lang='lat' dir='ltr'>est</span> <span class='ocrx_word' id='word_1_227' title='bbox 743 3124 779 3182; x_wconf 93' lang='lat' dir='ltr'>de</span> <span class='ocrx_word' id='word_1_228' title='bbox 801 3124 958 3185; x_wconf 87' lang='lat' dir='ltr'>domestica</span> <span class='ocrx_word' id='word_1_229' title='bbox 980 3128 1125 3196; x_wconf 83' lang='lat' dir='ltr'>servitute,</span> <span class='ocrx_word' id='word_1_230' title='bbox 1147 3145 1210 3199; x_wconf 71' lang='lat' dir='ltr'>qne</span> <span class='ocrx_word' id='word_1_231' title='bbox 1230 3128 1259 3186; x_wconf 93' lang='lat' dir='ltr'>in</span> 
     </span>
     <span class='ocr_line' id='line_1_29' title="bbox 165 3221 1259 3303; baseline 0.005 -24"><span class='ocrx_word' id='word_1_232' title='bbox 165 3223 320 3298; x_wconf 85' lang='lat' dir='ltr'>provinciis</span> <span class='ocrx_word' id='word_1_233' title='bbox 333 3223 477 3299; x_wconf 92' lang='lat' dir='ltr'>plerisque</span> <span class='ocrx_word' id='word_1_234' title='bbox 490 3221 721 3281; x_wconf 86' lang='lat' dir='ltr'>meridionalibus</span> <span class='ocrx_word' id='word_1_235' title='bbox 736 3232 764 3280; x_wconf 91' lang='lat' dir='ltr'>et</span> <span class='ocrx_word' id='word_1_236' title='bbox 783 3224 1004 3284; x_wconf 86' lang='lat' dir='ltr'>occidentalibus</span> <span class='ocrx_word' id='word_1_237' title='bbox 1024 3227 1110 3303; x_wconf 82' lang='lat' dir='ltr'>riget,</span> <span class='ocrx_word' id='word_1_238' title='bbox 1135 3227 1259 3302; x_wconf 77' lang='lat' dir='ltr'>posteris</span> 
     </span>
     <span class='ocr_line' id='line_1_30' title="bbox 167 3321 1263 3402; baseline 0.004 -24"><span class='ocrx_word' id='word_1_239' title='bbox 167 3340 267 3382; x_wconf 90' lang='lat' dir='ltr'>eorum</span> <span class='ocrx_word' id='word_1_240' title='bbox 280 3324 329 3397; x_wconf 89' lang='lat' dir='ltr'>qui</span> <span class='ocrx_word' id='word_1_241' title='bbox 350 3340 386 3380; x_wconf 83' lang='lat' dir='ltr'>ex</span> <span class='ocrx_word' id='word_1_242' title='bbox 400 3321 498 3382; x_wconf 77' lang='lat' dir='ltr'>Africa</span> <span class='ocrx_word' id='word_1_243' title='bbox 521 3321 631 3380; x_wconf 89' lang='lat' dir='ltr'>abducti</span> <span class='ocrx_word' id='word_1_244' title='bbox 654 3331 721 3381; x_wconf 88' lang='lat' dir='ltr'>suut</span> <span class='ocrx_word' id='word_1_245' title='bbox 733 3321 824 3381; x_wconf 92' lang='lat' dir='ltr'>adhuc</span> <span class='ocrx_word' id='word_1_246' title='bbox 833 3324 905 3402; x_wconf 91' lang='lat' dir='ltr'>jugo</span> <span class='ocrx_word' id='word_1_247' title='bbox 918 3325 1075 3402; x_wconf 67' lang='lat' dir='ltr'>subjectis?</span> <span class='ocrx_word' id='word_1_248' title='bbox 1115 3322 1263 3396; x_wconf 87' lang='lat' dir='ltr'>Equidem</span> 
     </span>
     <span class='ocr_line' id='line_1_31' title="bbox 166 3421 1262 3499; baseline 0.001 -22"><span class='ocrx_word' id='word_1_249' title='bbox 166 3421 196 3477; x_wconf 95' lang='lat' dir='ltr'>in</span> <span class='ocrx_word' id='word_1_250' title='bbox 215 3421 269 3478; x_wconf 89' lang='lat' dir='ltr'>lrac</span> <span class='ocrx_word' id='word_1_251' title='bbox 288 3421 424 3480; x_wconf 87' lang='lat' dir='ltr'>libertatis</span> <span class='ocrx_word' id='word_1_252' title='bbox 445 3440 502 3494; x_wconf 90' lang='lat' dir='ltr'>qua</span> <span class='ocrx_word' id='word_1_253' title='bbox 526 3439 626 3479; x_wconf 90' lang='lat' dir='ltr'>omnes</span> <span class='ocrx_word' id='word_1_254' title='bbox 652 3422 805 3499; x_wconf 90' lang='lat' dir='ltr'>gloriantur</span> <span class='ocrx_word' id='word_1_255' title='bbox 830 3421 1016 3499; x_wconf 88' lang='lat' dir='ltr'>plenitudine,</span> <span class='ocrx_word' id='word_1_256' title='bbox 1041 3421 1200 3481; x_wconf 89' lang='lat' dir='ltr'>dolendum</span> <span class='ocrx_word' id='word_1_257' title='bbox 1223 3432 1262 3480; x_wconf 92' lang='lat' dir='ltr'>tot</span> 
     </span>
     <span class='ocr_line' id='line_1_32' title="bbox 166 3501 1260 3598; baseline 0.003 -23"><span class='ocrx_word' id='word_1_258' title='bbox 166 3519 308 3594; x_wconf 86' lang='lat' dir='ltr'>mancipia</span> <span class='ocrx_word' id='word_1_259' title='bbox 329 3538 404 3585; x_wconf 89' lang='lat' dir='ltr'>esse,</span> <span class='ocrx_word' id='word_1_260' title='bbox 428 3539 444 3574; x_wconf 90' lang='lat' dir='ltr'>a</span> <span class='ocrx_word' id='word_1_261' title='bbox 467 3537 587 3590; x_wconf 89' lang='lat' dir='ltr'>quorum</span> <span class='ocrx_word' id='word_1_262' title='bbox 610 3521 732 3597; x_wconf 89' lang='lat' dir='ltr'>inceptis</span> <span class='ocrx_word' id='word_1_263' title='bbox 751 3529 783 3577; x_wconf 94' lang='lat' dir='ltr'>ut</span> <span class='ocrx_word' id='word_1_264' title='bbox 800 3531 933 3580; x_wconf 85' lang='lat' dir='ltr'>caveatur</span> <span class='ocrx_word' id='word_1_265' title='bbox 944 3501 1006 3580; x_wconf 77' lang='lat' dir='ltr'>latre</span> <span class='ocrx_word' id='word_1_266' title='bbox 1021 3530 1088 3580; x_wconf 90' lang='lat' dir='ltr'>sunt</span> <span class='ocrx_word' id='word_1_267' title='bbox 1100 3520 1182 3598; x_wconf 86' lang='lat' dir='ltr'>leges</span> <span class='ocrx_word' id='word_1_268' title='bbox 1196 3538 1260 3594; x_wconf 81' lang='lat' dir='ltr'>que</span> 
     </span>
     <span class='ocr_line' id='line_1_33' title="bbox 166 3615 1261 3700; baseline 0.007 -30"><span class='ocrx_word' id='word_1_269' title='bbox 166 3623 261 3674; x_wconf 81' lang='lat' dir='ltr'>vatam</span> <span class='ocrx_word' id='word_1_270' title='bbox 282 3633 318 3673; x_wconf 92' lang='lat' dir='ltr'>ne</span> <span class='ocrx_word' id='word_1_271' title='bbox 339 3617 438 3674; x_wconf 85' lang='lat' dir='ltr'>litteris</span> <span class='ocrx_word' id='word_1_272' title='bbox 458 3615 634 3684; x_wconf 85' lang='lat' dir='ltr'>excolantur,</span> <span class='ocrx_word' id='word_1_273' title='bbox 655 3629 684 3675; x_wconf 90' lang='lat' dir='ltr'>et</span> <span class='ocrx_word' id='word_1_274' title='bbox 708 3637 772 3691; x_wconf 83' lang='lat' dir='ltr'>quae</span> <span class='ocrx_word' id='word_1_275' title='bbox 792 3618 939 3700; x_wconf 88' lang='lat' dir='ltr'>religionis</span> <span class='ocrx_word' id='word_1_276' title='bbox 964 3619 1134 3679; x_wconf 87' lang='lat' dir='ltr'>exercitium</span> <span class='ocrx_word' id='word_1_277' title='bbox 1156 3619 1261 3678; x_wconf 89' lang='lat' dir='ltr'>alicubi</span> 
     </span>
    </p>
   </div>
   <div class='ocr_carea' id='block_1_3' title="bbox 168 3853 1274 4182">
    <p class='ocr_par' dir='ltr' id='par_1_5' title="bbox 205 3853 774 3920">
     <span class='ocr_line' id='line_1_34' title="bbox 205 3853 774 3920; baseline 0.002 -16"><span class='ocrx_word' id='word_1_278' title='bbox 205 3857 247 3920; x_wconf 91' lang='lat'>(1)</span> <span class='ocrx_word' id='word_1_279' title='bbox 262 3854 324 3905; x_wconf 88' lang='lat' dir='ltr'>Vide</span> <span class='ocrx_word' id='word_1_280' title='bbox 336 3855 366 3904; x_wconf 88' lang='lat' dir='ltr'>de</span> <span class='ocrx_word' id='word_1_281' title='bbox 378 3853 478 3904; x_wconf 85' lang='lat' dir='ltr'>Meistre</span> <span class='ocrx_word' id='word_1_282' title='bbox 489 3854 531 3905; x_wconf 89' lang='lat' dir='ltr'>Du</span> <span class='ocrx_word' id='word_1_283' title='bbox 544 3853 629 3920; x_wconf 86' lang='lat' dir='ltr'>Papls,</span> <span class='ocrx_word' id='word_1_284' title='bbox 641 3859 657 3906; x_wconf 93' lang='lat' dir='ltr'>l.</span> <span class='ocrx_word' id='word_1_285' title='bbox 670 3855 703 3907; x_wconf 85' lang='lat' dir='ltr'>iii.</span> <span class='ocrx_word' id='word_1_286' title='bbox 716 3873 738 3907; x_wconf 88' lang='lat' dir='ltr'>e.</span> <span class='ocrx_word' id='word_1_287' title='bbox 749 3858 774 3907; x_wconf 90' lang='lat' dir='ltr'>ii.</span> 
     </span>
    </p>

    <p class='ocr_par' dir='ltr' id='par_1_6' title="bbox 168 3939 1274 4182">
     <span class='ocr_line' id='line_1_35' title="bbox 209 3939 1267 4012; baseline 0.002 -24"><span class='ocrx_word' id='word_1_288' title='bbox 209 3941 253 4004; x_wconf 77' lang='lat' dir='ltr'>(a)</span> <span class='ocrx_word' id='word_1_289' title='bbox 267 3939 365 3989; x_wconf 80' lang='lat' dir='ltr'>Littera</span> <span class='ocrx_word' id='word_1_290' title='bbox 385 3940 534 4006; x_wconf 78' lang='lat' dir='ltr'>Apostolicoe</span> <span class='ocrx_word' id='word_1_291' title='bbox 551 3941 679 4006; x_wconf 82' lang='lat' dir='ltr'>incipiunt</span> <span class='ocrx_word' id='word_1_292' title='bbox 699 3939 731 3991; x_wconf 85' lang='lat' dir='ltr'>ln</span> <span class='ocrx_word' id='word_1_293' title='bbox 752 3941 876 4009; x_wconf 76' lang='lat' dir='ltr'>Supremo</span> <span class='ocrx_word' id='word_1_294' title='bbox 888 3943 1049 4010; x_wconf 81' lang='lat' dir='ltr'>Apostolctus</span> <span class='ocrx_word' id='word_1_295' title='bbox 1062 3942 1175 4012; x_wconf 80' lang='lat' dir='ltr'>fastigio</span> <span class='ocrx_word' id='word_1_296' title='bbox 1189 3942 1229 3992; x_wconf 85' lang='lat' dir='ltr'>dis</span> <span class='ocrx_word' id='word_1_297' title='bbox 1252 3943 1267 3990; x_wconf 86' lang='lat'>³</span> 
     </span>
     <span class='ocr_line' id='line_1_36' title="bbox 172 4023 1273 4090; baseline 0.003 -16"><span class='ocrx_word' id='word_1_298' title='bbox 172 4025 232 4074; x_wconf 79' lang='lat' dir='ltr'>Dec</span> <span class='ocrx_word' id='word_1_299' title='bbox 245 4023 318 4084; x_wconf 79' lang='lat' dir='ltr'>leet,</span> <span class='ocrx_word' id='word_1_300' title='bbox 329 4024 398 4076; x_wconf 76' lang='lat' dir='ltr'>date.</span> <span class='ocrx_word' id='word_1_301' title='bbox 432 4026 487 4075; x_wconf 80' lang='lat' dir='ltr'>llas</span> <span class='ocrx_word' id='word_1_302' title='bbox 500 4026 521 4074; x_wconf 89' lang='lat' dir='ltr'>si</span> <span class='ocrx_word' id='word_1_303' title='bbox 533 4025 632 4075; x_wconf 87' lang='lat' dir='ltr'>vidisset</span> <span class='ocrx_word' id='word_1_304' title='bbox 642 4025 797 4077; x_wconf 87' lang='lat' dir='ltr'>doctissimus</span> <span class='ocrx_word' id='word_1_305' title='bbox 808 4027 937 4090; x_wconf 72' lang='lat' dir='ltr'>theologus</span> <span class='ocrx_word' id='word_1_306' title='bbox 947 4027 1065 4086; x_wconf 75' lang='lat' dir='ltr'>Cernere,</span> <span class='ocrx_word' id='word_1_307' title='bbox 1076 4042 1148 4078; x_wconf 84' lang='lat' dir='ltr'>susm</span> <span class='ocrx_word' id='word_1_308' title='bbox 1159 4027 1191 4079; x_wconf 88' lang='lat' dir='ltr'>ds</span> <span class='ocrx_word' id='word_1_309' title='bbox 1207 4043 1273 4078; x_wconf 83' lang='lat' dir='ltr'>conr·</span> 
     </span>
     <span class='ocr_line' id='line_1_37' title="bbox 168 4110 1274 4182; baseline 0.005 -23"><span class='ocrx_word' id='word_1_310' title='bbox 168 4110 258 4159; x_wconf 77' lang='lat' dir='ltr'>mersio</span> <span class='ocrx_word' id='word_1_311' title='bbox 271 4110 319 4161; x_wconf 90' lang='lat' dir='ltr'>hoc</span> <span class='ocrx_word' id='word_1_312' title='bbox 329 4112 478 4176; x_wconf 89' lang='lat' dir='ltr'>opinionem,</span> <span class='ocrx_word' id='word_1_313' title='bbox 491 4116 573 4176; x_wconf 85' lang='lat' dir='ltr'>(opere</span> <span class='ocrx_word' id='word_1_314' title='bbox 585 4115 617 4165; x_wconf 88' lang='lat' dir='ltr'>de</span> <span class='ocrx_word' id='word_1_315' title='bbox 624 4114 720 4182; x_wconf 86' lang='lat' dir='ltr'>justitia</span> <span class='ocrx_word' id='word_1_316' title='bbox 731 4122 755 4164; x_wconf 90' lang='lat' dir='ltr'>st</span> <span class='ocrx_word' id='word_1_317' title='bbox 771 4115 834 4179; x_wconf 86' lang='lat' dir='ltr'>jure,</span> <span class='ocrx_word' id='word_1_318' title='bbox 845 4129 895 4179; x_wconf 83' lang='lat' dir='ltr'>pst.</span> <span class='ocrx_word' id='word_1_319' title='bbox 907 4115 923 4164; x_wconf 88' lang='lat' dir='ltr'>i.</span> <span class='ocrx_word' id='word_1_320' title='bbox 934 4122 992 4164; x_wconf 81' lang='lat' dir='ltr'>sect·</span> <span class='ocrx_word' id='word_1_321' title='bbox 1004 4115 1020 4164; x_wconf 89' lang='grc'><strong>1.</strong></span> <span class='ocrx_word' id='word_1_322' title='bbox 1033 4130 1054 4164; x_wconf 80' lang='grc' dir='ltr'>ο.</span> <span class='ocrx_word' id='word_1_323' title='bbox 1066 4113 1101 4164; x_wconf 81' lang='lat' dir='ltr'>iii.</span> <span class='ocrx_word' id='word_1_324' title='bbox 1112 4121 1156 4164; x_wconf 75' lang='grc' dir='ltr'>ιιι</span> <span class='ocrx_word' id='word_1_325' title='bbox 1170 4115 1197 4162; x_wconf 75' lang='grc'>3.</span> <span class='ocrx_word' id='word_1_326' title='bbox 1226 4114 1274 4164; x_wconf 85' lang='lat' dir='ltr'>Ps-</span> 
     </span>
    </p>
   </div>
   <div class='ocr_carea' id='block_1_4' title="bbox 167 4194 1270 4330">
    <p class='ocr_par' dir='ltr' id='par_1_7' title="bbox 167 4194 1270 4330">
     <span class='ocr_line' id='line_1_38' title="bbox 167 4194 1270 4265; baseline 0.005 -21"><span class='ocrx_word' id='word_1_327' title='bbox 167 4194 230 4244; x_wconf 87' lang='lat' dir='ltr'>risiis</span> <span class='ocrx_word' id='word_1_328' title='bbox 242 4210 307 4245; x_wconf 83' lang='lat' dir='ltr'>anno</span> <span class='ocrx_word' id='word_1_329' title='bbox 318 4194 402 4259; x_wconf 81' lang='grc'><strong>1839,)</strong></span> <span class='ocrx_word' id='word_1_330' title='bbox 415 4199 499 4262; x_wconf 89' lang='lat' dir='ltr'>procul</span> <span class='ocrx_word' id='word_1_331' title='bbox 510 4199 584 4251; x_wconf 86' lang='lat' dir='ltr'>dublo</span> <span class='ocrx_word' id='word_1_332' title='bbox 592 4200 752 4260; x_wconf 80' lang='lat' dir='ltr'>emendasset,</span> <span class='ocrx_word' id='word_1_333' title='bbox 763 4198 835 4256; x_wconf 68' lang='lat' dir='ltr'>Sedis</span> <span class='ocrx_word' id='word_1_334' title='bbox 851 4199 984 4265; x_wconf 78' lang='lat' dir='ltr'>Apostolis</span> <span class='ocrx_word' id='word_1_335' title='bbox 995 4214 1073 4264; x_wconf 85' lang='lat' dir='ltr'>quum</span> <span class='ocrx_word' id='word_1_336' title='bbox 1092 4197 1124 4249; x_wconf 88' lang='lat' dir='ltr'>sit</span> <span class='ocrx_word' id='word_1_337' title='bbox 1135 4197 1270 4249; x_wconf 84' lang='lat' dir='ltr'>obssrrsn·</span> 
     </span>
     <span class='ocr_line' id='line_1_39' title="bbox 169 4277 288 4330; baseline -0.017 0"><span class='ocrx_word' id='word_1_338' title='bbox 169 4277 288 4330; x_wconf 79' lang='lat' dir='ltr'>tissimus.</span> 
     </span>
    </p>
   </div>
   <div class='ocr_carea' id='block_1_5' title="bbox 0 0 1385 4980">
    <p class='ocr_par' dir='ltr' id='par_1_8' title="bbox 0 0 1385 4980">
     <span class='ocr_line' id='line_1_40' title="bbox 0 0 1385 4980; baseline 0 0"><span class='ocrx_word' id='word_1_339' title='bbox 0 0 1385 4980; x_wconf 95' lang='lat' dir='ltr'> </span> 
     </span>
    </p>
   </div>
  </div>
 </body>
</html>
