2766 4996
431 432 487 492 DE
508 431 657 493 PRAVIS
677 433 929 495 DESIDERIIS.
1164 439 1223 494 329

132 598 211 655 enim
225 599 370 657 eharitatis
391 609 465 657 vetat
477 619 513 658 ne
532 601 644 658 lucrum
663 613 791 660 nostrum
810 604 875 662 vitre
895 601 993 661 aliene
1013 619 1223 678 preponamus.

134 697 242 755 Merito
256 697 341 772 igitur
353 699 519 775 proscriptae
539 701 655 757 suntab
674 699 842 760 Innocentio
862 700 916 760 Xl.
932 709 1084 773 sequentes
1097 701 1225 777 proposi·

134 796 245 853 tiones:
269 795 332 852 “Si
354 816 419 854 eum
440 797 533 854 debita
552 795 744 855 moderatione
766 798 864 867 facins,
886 808 969 877 potes
988 800 1096 871 absque
1109 808 1226 876 peceato

135 895 247 953 mortali
260 893 295 951 de
310 895 367 952 vita
379 895 500 972 alicujus
513 895 626 962 tristari,
640 906 669 952 et
688 895 723 953 de
743 897 818 954 illius
839 907 928 956 morte
953 898 1072 955 naturali
1085 896 1206 974 gaudere
1218 917 1226 962 ;

135 993 214 1051 illam
229 992 369 1052 inefficaci
384 994 485 1053 affectu
500 1003 595 1071 petere
615 1005 644 1051 et
665 993 846 1063 desiderare;
866 1013 924 1053 non
943 994 1059 1067 quidem
1081 1014 1117 1054 ex
1131 994 1228 1072 displi-

136 1092 230 1148 oentia
243 1110 383 1168 personae,
398 1091 450 1151 sed
464 1095 500 1152 ob
514 1092 629 1164 aliquod
649 1093 805 1169 temporale
825 1093 1083 1152 emolumentum.”
1126 1093 1229 1152 “Lici-

138 1199 199 1248 tum
220 1201 264 1247 est
284 1193 413 1250 absoluto
436 1190 578 1250 desiderio
601 1209 705 1268 cupere
726 1202 847 1251 mortem
864 1193 961 1268 patris,
984 1210 1043 1250 non
1065 1190 1180 1265 quidem
1200 1203 1231 1249 ut

139 1288 246 1346 malum
260 1291 357 1365 patris,
371 1288 422 1348 sed
436 1299 467 1347 ut
478 1293 585 1349 bonum
607 1290 758 1366 cupientis,
780 1292 846 1364 quia
868 1291 1002 1349 nimirum
1026 1291 1053 1348 ei
1076 1291 1231 1348 obventura

139 1396 184 1444 est
196 1388 310 1465 pinguis
330 1382 532 1447 hereditas.'’⁸
571 1388 671 1447 “Non
690 1388 866 1448 damnandus
886 1387 1014 1456 tamen,‘’
1035 1388 1232 1447 animadvertit

140 1484 173 1543 S.
189 1485 365 1561 Alphonsus‚
381 1489 461 1561 “qui
474 1486 578 1565 gaudet
590 1487 625 1545 de
645 1487 748 1547 effectu
768 1496 876 1556 secuto,
897 1487 1007 1546 seilicet
1018 1487 1053 1545 de
1067 1487 1230 1545 haereditate

140 1585 255 1642 obtenta
267 1604 304 1642 ex
319 1596 408 1644 morte
421 1587 546 1652 alterius,
556 1587 582 1643 si
596 1605 652 1645 non
667 1585 770 1661 gaudet
782 1586 818 1644 de
831 1604 926 1652 causa,
940 1586 995 1645 boo
1004 1595 1056 1651 est,
1071 1584 1106 1643 de
1119 1597 1229 1644 morte:

140 1682 209 1741 licet
221 1684 337 1741 materia
349 1686 387 1743 sit
399 1678 610 1761 periculosa.”²

185 1784 251 1838 121.
274 1782 428 1842 “Licitum
451 1795 494 1842 est
516 1793 609 1840 autem
631 1781 754 1859 gaudere
773 1782 809 1839 de
831 1783 907 1841 malo
920 1782 1057 1858 proximi,
1080 1784 1117 1839 ob
1140 1785 1233 1858 majus

143 1881 248 1938 bonum
263 1881 349 1947 illius,
358 1882 403 1939 vel
413 1883 583 1948 innocentis,
595 1900 698 1958 nempe
712 1881 737 1938 si
750 1879 875 1939 delector
884 1880 920 1938 de
928 1881 1053 1956 proximi
1060 1881 1233 1951 infirmitate,

142 1988 171 2035 et
191 1981 276 2037 etiam
296 1978 331 2037 de
353 1992 453 2048 morte,
477 1991 508 2039 ut
527 1982 569 2038 sic
592 1979 709 2039 desistat
730 1998 746 2036 a
768 1981 904 2056 peccatis,
925 1999 941 2037 a
964 1978 1115 2046 scandalis,
1137 1974 1234 2037 &w

144 2086 163 2111 ‘¹
176 2076 276 2134 Potest
288 2078 402 2151 aliquis,
417 2079 495 2137 salva
507 2079 652 2146 charitate,
673 2095 770 2155 optare
790 2079 897 2138 malum
919 2077 1074 2153 temporale
1095 2077 1192 2146 alicui,
1205 2089 1235 2136 et

143 2174 276 2252 gaudere,
290 2177 314 2233 ai
329 2179 476 2256 contingit,
490 2197 548 2237 non
562 2179 592 2237 in
605 2187 739 2251 quantum
753 2187 798 2235 ost
810 2179 917 2236 malum
930 2177 1017 2243 illius,
1031 2176 1083 2234 sed
1095 2179 1126 2236 in
1146 2197 1234 2251 quan·

146 2284 204 2332 tum
218 2286 264 2333 est
275 2275 512 2351 impedimentum
526 2276 664 2335 malorum
675 2276 799 2344 alterius,
815 2294 901 2348 quem
910 2274 975 2351 plus
986 2284 1096 2332 tenetur
1108 2274 1235 2351 diligere,

145 2374 191 2431 vel
206 2372 439 2442 communitatis,
454 2376 500 2434 vel
520 2370 712 2433 Eoolesiae.'’⁴
751 2374 851 2446 Aliqui
870 2375 1031 2450 opinantur,
1052 2382 1081 2431 et
1094 2373 1239 2432 adherent

147 2471 395 2540 Salmantioenses‚
416 2492 445 2531 u.
460 2478 510 2541 44,
524 2488 553 2530 et
573 2471 741 2550 Ronoaglia,
764 2491 852 2550 posse
869 2482 978 2550 patrem
999 2480 1095 2550 optare
1115 2484 1237 2533 mortem

145 2570 207 2637 filii,
221 2571 247 2628 si
259 2571 338 2630 timet
350 2572 459 2648 exejus
473 2573 586 2649 flagitiis
600 2572 842 2632 dehonestandam
857 2573 1003 2632 familiam.

189 2672 255 2727 122.
276 2670 374 2742 Aliqui
387 2689 445 2729 non
465 2672 687 2749 improbabiliter
710 2671 852 2730 affirmant
871 2671 958 2730 licere
979 2671 1095 2728 sibimet
1115 2681 1237 2729 mortem

147 2779 243 2844 optare
257 2768 292 2826 ad
313 2768 454 2829 vitandam
475 2772 562 2828 vitam
581 2770 668 2827 nimis
691 2769 791 2826 duram
811 2787 896 2826 eausa
917 2768 1099 2831 infirmitatis,
1123 2769 1239 2824 sevitiae

147 2866 211 2934 viri,
225 2867 413 2926 mendicitatis
427 2878 455 2925 et
467 2868 618 2935 similium,
632 2884 701 2925 casu
714 2885 773 2940 quo
783 2868 841 2925 vita
853 2875 910 2923 tam
923 2865 1046 2924 molesta
1055 2863 1241 2922 estimaretur

148 2963 244 3023 durior
257 2967 320 3043 ipsa
333 2963 450 3024 morte.⁵

185 3133 226 3196 (1)
248 3131 319 3196 Prop.
332 3133 382 3182 xiii.
391 3143 416 3182 st
428 3133 475 3182 riv.
488 3132 569 3181 damn.
579 3146 646 3181 suno
661 3133 734 3180 tots.

184 3217 224 3280 (2)
244 3214 331 3266 Theol.
345 3217 405 3265 Mor.
417 3217 433 3266 l.
443 3233 465 3265 v.
477 3234 498 3266 c.
511 3216 526 3264 i.
535 3216 599 3265 Dub.
611 3215 635 3263 ii.
647 3224 690 3263 nrt
703 3215 727 3265 ii.
739 3231 765 3265 n.
777 3214 816 3264 20.
887 3214 928 3278 (³)
950 3213 1051 3270 Ibidem,
1063 3228 1087 3261 u.
1100 3215 1140 3259 21.

187 3301 228 3364 (4)
249 3299 340 3348 dsent.
352 3301 416 3348 Dist.
428 3303 472 3357 311,
482 3316 523 3363 qu.
535 3300 550 3348 i.
562 3307 606 3348 art.
618 3301 633 3350 i.
645 3299 675 3348 ad
689 3298 720 3346 iv,

187 3390 228 3452 (5)
248 3387 275 3434 S.
287 3385 361 3449 Alpb.
374 3384 415 3435 ubi
426 3401 507 3449 supra.
517 3402 542 3435 n.
554 3384 594 3433 22.
