2744 4980
415 405 472 467 un
493 405 658 476 eumue
674 368 932 477 banonico.
1170 414 1226 471 nr

125 573 291 650 pharmacis
303 569 489 632 abstinent”¹
531 571 674 631 ceterum
694 576 749 632 nisi
769 573 879 632 indoles
899 572 1061 650 peculiaris,
1076 573 1122 629 vel
1143 585 1223 632 natu·

126 673 196 730 ralis
211 672 327 745 quidam
340 671 557 748 pharmacorum
577 672 675 731 horror
697 692 746 730 eos
766 654 894 740 ercuset,
916 692 974 730 non
994 672 1124 729 videntur
1144 673 1224 748 gravi

126 772 215 848 culpa
227 773 381 838 immunes,
396 790 484 842 quum
498 771 589 829 nolint
600 771 725 828 remedia
744 772 846 844 quibus
867 771 963 831 forsan
982 770 1175 828 conservanda
1188 772 1225 828 sit

127 871 188 927 vita
200 869 342 927 adbibere.
383 870 529 942 Equidem
542 881 722 937 excusantur,
737 871 847 943 quoties
861 870 1021 928 remedium
1035 870 1221 928 durissimum

128 978 185 1034 est,
200 969 354 1025 cruciatum
366 970 477 1044 corpori
491 969 625 1036 inferens,
636 969 681 1025 vel
696 969 797 1044 pudori
815 968 895 1025 valde
909 987 1079 1045 repugnans.
1114 979 1133 1005 ‘⁴
1147 968 1225 1026 Hinc

128 1066 227 1142 puella
242 1076 290 1123 aut
302 1065 407 1123 semina
419 1087 520 1125 cancro
530 1068 621 1136 alione
636 1068 735 1124 morbo
750 1069 779 1125 in
789 1067 919 1125 verendis
929 1078 957 1125 et
970 1068 1086 1124 secretis
1099 1069 1224 1143 partibus

128 1165 272 1232 laborans,
286 1183 344 1221 non
357 1176 466 1223 tenetur
475 1166 620 1223 admittere
634 1168 839 1241 inspectionem
853 1185 886 1223 ac
897 1165 1225 1224 curationemamedicis

131 1272 161 1321 et
180 1263 329 1338 chirurgia,
352 1265 481 1336 quamvis
501 1265 576 1322 licite
596 1266 696 1341 possit.
739 1265 823 1321 Ratio
844 1275 887 1320 est
909 1266 975 1338 quia
997 1264 1165 1340 plerumque
1188 1263 1224 1320 ob

131 1361 288 1419 custodiam
302 1362 445 1437 pudicitiae
458 1364 493 1419 ab
506 1362 561 1421 hoc
580 1383 638 1421 non
661 1365 756 1421 minus
777 1362 928 1421 abhorrent
947 1362 1059 1420 feminae
1080 1381 1165 1434 quarn
1189 1361 1223 1418 ab

132 1461 196 1536 ipsa
221 1455 361 1517 morte.”²
409 1462 548 1538 Adjungit
576 1462 697 1538 Mayol:
726 1461 834 1519 “Hinc
855 1462 1002 1521 laudantur
1028 1459 1143 1533 quidam
1171 1459 1224 1516 viri

130 1576 231 1634 graves
245 1568 274 1615 et
286 1559 412 1636 perfecti,
427 1561 534 1617 calculo
548 1560 715 1629 laborantes,
730 1561 778 1632 qui
792 1561 821 1617 in
835 1560 879 1616 his
894 1561 1020 1636 partibus
1040 1578 1071 1616 se
1086 1559 1161 1634 tangi
1176 1565 1225 1614 aut

131 1658 237 1731 inspici
259 1657 293 1714 ad
319 1659 411 1715 morbi
424 1660 597 1716 curationem
611 1662 728 1717 omnino
748 1668 922 1726 recusarunt,
945 1659 1071 1716 dicentes
1097 1675 1129 1712 se
1155 1657 1224 1713 satis

129 1756 249 1823 vixisse,
264 1757 290 1814 si
303 1756 378 1814 aliud
392 1775 450 1815 nou
463 1767 627 1833 suppeteret
639 1758 796 1816 remedium
810 1756 845 1813 ad
858 1756 1000 1813 vitandam
1010 1745 1185 1838 mortemss’?

386 1966 455 2041 §V.
476 1967 524 2026 Dn
545 1985 790 2026 nmnrscnonuu
810 1985 975 2027 sonantem.

174 2143 462 2203 131.Malesaet0res
491 2146 582 2205 occidi
607 2165 694 2224 posse
720 2157 860 2222 negamnt
885 2142 1090 2212 Waldenses;⁴
1116 2143 1221 2202 Scotus

130 2242 230 2302 docuit
243 2243 340 2301 mortis
360 2263 475 2320 poenam
494 2246 529 2302 iis
553 2256 659 2303 tannim
678 2245 845 2303 criminibus
865 2245 980 2303 decerni
1003 2262 1098 2320 posse,
1111 2262 1174 2314 quae
1194 2244 1224 2300 in

132 2342 289 2418 Scripturis
313 2361 347 2398 ea
364 2344 509 2420 punienda
530 2344 661 2402 dicuntur
682 2362 719 2401 ex
732 2346 834 2402 veteris
853 2344 925 2420 legis
949 2344 1128 2400 auctoritate:
1150 2339 1229 2399 theo·

133 2439 194 2516 logi
208 2439 285 2509 verb,
300 2461 365 2499 cum
379 2443 418 2500 D.
434 2444 559 2511 Thomu,
573 2444 680 2520 passim
693 2442 795 2501 docent
807 2461 969 2518 supremam
983 2442 1096 2499 civilem
1110 2439 1228 2497 auctori·

130 2549 219 2596 tatem
239 2550 358 2597 mortem
380 2561 466 2619 posse
486 2543 607 2620 irrogare
630 2543 685 2599 reis
708 2561 829 2614 quorum
851 2542 974 2599 facinora
994 2559 1080 2615 grave
1103 2538 1229 2596 inserunt

130 2638 295 2713 reipublice
309 2637 517 2698 detrimentum.
561 2650 580 2677 ‘⁴
592 2640 732 2707 Quaelibet
744 2651 839 2698 autem
848 2658 970 2716 persona
983 2638 1137 2714 singularis
1151 2653 1229 2693 com·

131 2745 245 2810 paratur
258 2735 293 2791 ad
306 2747 392 2795 totam
407 2741 648 2807 communitatem,
658 2741 804 2814 sicutpars
816 2739 850 2794 ad
859 2747 958 2803 totum,
970 2745 999 2792 et
1008 2736 1072 2793 ideo
1086 2736 1110 2790 si
1124 2733 1228 2803 aliquis

131 2832 222 2890 homo
235 2835 273 2890 sit
284 2836 459 2910 periculosus
473 2838 675 2904 communitati,
691 2846 719 2892 et
737 2837 915 2910 corruptivas
936 2834 1028 2909 ipsius
1051 2842 1167 2907 propter
1180 2829 1228 2886 ali·

134 2931 213 3004 quod
227 2941 389 3008 peccatum,
404 2935 577 2992 laudabiliter
597 2945 625 2993 et
644 2934 792 2991 salubriter
812 2932 958 2999 occiditur,
972 2940 1004 2987 ut
1022 2931 1127 2988 bonum
1150 2946 1227 2986 com·

132 3027 457 3090 muneconservetur.”⁶
497 3034 654 3105 Equidem,
667 3033 731 3089 Deo
744 3033 807 3107 ipso
816 3032 968 3097 sanciente,
977 3030 1103 3106 pluribus
1115 3026 1225 3085 delictis

134 3146 168 3185 ea
181 3128 250 3185 olim
263 3129 407 3206 adsignata
419 3142 575 3209 estpoena;
596 3151 680 3206 quam
701 3131 756 3188 Dei
777 3131 892 3187 nomine
913 3129 1030 3186 decerni
1051 3137 1078 3183 et
1098 3126 1225 3200 irrogari,

135 3228 219 3284 etiam
234 3229 269 3284 ab
289 3229 410 3287 ethnicis
433 3232 657 3306 imperatoribus,
672 3249 708 3287 ex
732 3230 763 3285 S.
778 3229 860 3286 Pauli
881 3228 916 3284 ad
940 3229 1096 3291 Romanos,
1111 3223 1225 3280 ethnico

136 3325 262 3383 subditos
270 3329 401 3402 imperio,
411 3329 502 3397 dictis,
514 3329 620 3400 liquet;
641 3331 679 3386 ait
688 3328 797 3385 scilicet
807 3335 825 3361 ‘⁴
837 3327 980 3402 principes
989 3344 1046 3381 non
1055 3331 1121 3379 sunt
1131 3319 1225 3377 timori

135 3423 201 3480 boni
215 3427 321 3498 operis,
336 3426 386 3483 sed
400 3428 474 3484 mali.
517 3429 571 3485 Vis
585 3439 678 3485 autem
695 3445 752 3484 non
764 3426 862 3482 timere
880 3421 1070 3499 potestatem?
1112 3420 1227 3477 Bonum

137 3521 197 3589 fac;
218 3533 247 3579 et
260 3524 376 3581 habebis
389 3525 502 3583 laudem
516 3546 553 3583 ex
564 3526 619 3583 illa.
662 3525 719 3584 Dei
729 3525 805 3582 enim
815 3524 944 3581 minister
953 3533 997 3581 est
1006 3521 1055 3580 tibi
1067 3521 1095 3577 in
1109 3520 1229 3576 bonum.

139 3619 170 3676 Si
183 3631 279 3679 autem
293 3624 400 3681 malum
413 3624 524 3690 leceris,
539 3625 624 3681 time:
646 3624 793 3683 nonenim
807 3623 868 3679 sine
882 3641 967 3680 causa
986 3619 1112 3700 gladium
1127 3625 1232 3696 portat,

140 3716 194 3775 Dei
207 3721 286 3776 enim
299 3723 429 3779 minister
447 3732 507 3779 est:
530 3722 635 3780 vindex
655 3724 684 3780 in
705 3725 774 3780 iram
798 3721 835 3786 ei,
850 3723 899 3793 qui
919 3723 1026 3779 malum
1040 3709 1146 3795 agit-”⁶
1187 3713 1231 3774 lu

142 3818 254 3888 quidem
268 3830 297 3876 et
309 3821 452 3895 principes
476 3819 631 3878 Christiani
654 3822 748 3898 gladio
768 3839 883 3895 semper
905 3825 1115 3878 consueverunt
1134 3813 1176 3870 uti
1203 3813 1234 3869 in

145 3916 292 3974 criminum
314 3919 478 3987 vindictam,
501 3921 615 3978 nemine
628 3921 775 3979 incusante
789 3937 839 3977 cos
862 3917 987 3976 mandati
1009 3915 1098 3973 divini
1115 3909 1230 3968 violati:

177 4087 214 4151 (l)
232 4089 325 4152 Expoe
334 4106 356 4138 v.
368 4106 437 4154 prae.
449 4099 491 4141 art
503 4093 536 4145 iv.
547 4093 560 4153 b
572 4093 588 4143 i.
623 4094 664 4143 An
675 4098 769 4152 aulem,
780 4092 825 4141 col.
838 4094 896 4140 588.

179 4170 218 4236 (2)
239 4173 339 4232 lbidcm,
352 4178 366 4233 ξ
377 4175 402 4223 ii.
411 4175 457 4224 col.
468 4176 524 4224 591.
906 4173 947 4238 (3)
966 4170 1069 4222 Ibidem.

179 4255 218 4320 (l)
239 4257 322 4306 Guido
334 4258 467 4308 Carmelita
477 4260 516 4309 cit
528 4261 559 4308 sb
570 4259 699 4325 Alphonso
709 4275 725 4308 a
739 4258 826 4308 Castro
839 4258 893 4307 sdv.
903 4257 987 4307 beni.
999 4257 1032 4306 xi.
1044 4272 1067 4305 v.
1083 4250 1204 4303 Occidere.

179 4342 218 4406 (b)
237 4339 349 4406 Μαῖα.
362 4343 420 4392 lxiv.
432 4351 476 4394 ert.
488 4343 514 4393 ii.
547 4343 623 4413 Resp-
908 4342 950 4405 (bl
968 4342 1040 4392 Rom.
1051 4340 1104 4390 xiii.
1115 4342 1139 4387 3.
