2766 4996
216 428 277 484 sou
396 421 454 481 oa
474 416 744 501 1111111111.
759 376 1136 491 111111110111111.

219 595 333 664 prestet
345 586 442 644 utilem
456 592 594 643 1111111111.
628 582 790 659 Diligenter
803 581 887 640 debet
898 583 1009 641 clientis
1023 585 1069 642 sui
1080 599 1182 659 gerere
1196 581 1312 659 negotia,

220 702 346 758 querere
365 684 507 751 urlinus,
528 692 557 739 et
575 701 662 742 omne
681 681 848 759 impendere
865 681 1000 749 1111111111,
1020 693 1052 739 ut
1073 683 1190 759 incepta
1207 680 1312 739 felicem

219 782 470 852 hubemtexitum.
511 781 624 839 Arcana
636 780 690 839 sibi
703 778 951 840 commissadsbet
962 779 1085 839 fideliter
1098 780 1252 847 custodire,
1264 795 1312 836 nee

219 881 319 941 notitia
331 890 493 958 comparata
512 880 542 938 in
555 880 665 938 ebenus
679 878 881 939 detrimentum
893 880 944 937 nti.
987 878 1068 937 Huic
1087 879 1176 938 debet
1194 880 1312 956 ingenue

220 978 344 1056 pandere
364 998 456 1038 causoe
470 989 608 1046 naturam,
623 990 652 1036 et
664 980 729 1051 quis
741 980 805 1056 ejus
824 978 918 1037 exitus
932 979 1133 1037 verosimiliter
1146 978 1258 1036 11111111
1269 977 1310 1034 sit

222 1075 349 1137 Causam
363 1090 456 1137 antem
470 1079 508 1136 ita
520 1094 620 1154 gerere
634 1088 754 1153 oportet,
767 1084 799 1134 ut
813 1076 930 1154 justitie
950 1087 980 1134 et
997 1077 1124 1150 equitati
1145 1077 1311 1140 consulatur,

220 1188 250 1236 et
262 1177 338 1235 fraus
351 1180 445 1237 omnis
459 1189 487 1235 ct
498 1175 679 1237 mendacium
693 1175 792 1253 procul
805 1173 968 1234 habeantur.

187 1296 192 1305 ·
264 1280 331 1334 133.
354 1278 473 1342 Quoties
486 1277 549 1352 lege
573 1275 618 1334 vel
636 1274 842 1334 consuetudine
863 1275 994 1351 pretinm,
1007 1274 1054 1331 vel
1068 1273 1258 1351 stipendium,
1271 1273 1313 1330 ad·

222 1375 359 1450 signatur,
374 1394 432 1435 non
446 1375 528 1432 debet
546 1373 698 1432 advocatus
719 1376 812 1451 majus
832 1374 965 1450 exigere:
986 1382 1167 1450 quapropter
1180 1373 1312 1449 justitiam

221 1471 317 1537 violat,
331 1482 360 1528 et
373 1470 409 1529 ad
421 1489 573 1529 excessum
587 1471 794 1531 restituendum
808 1481 930 1540 tenetur,
938 1474 987 1543 qui
998 1472 1091 1548 exigit
1103 1490 1249 1529 summam
1261 1490 1311 1529 ma·

218 1568 313 1647 j'orern
339 1581 476 1631 consueta
500 1573 538 1629 ob
559 1571 746 1629 instrumenta
764 1569 950 1629 conficienda.
992 1569 1079 1638 Quod
1105 1568 1142 1627 ad
1167 1570 1312 1628 honoraria

222 1669 352 1746 pertinet,
376 1668 500 1744 pendent
521 1670 689 1746 plerumque
709 1688 746 1728 ex
759 1670 816 1726 litis
829 1668 1033 1744 magnitudine,
1047 1678 1076 1726 et
1099 1668 1232 1728 advocati
1245 1687 1308 1745 pre·

222 1769 343 1834 stantia;
364 1778 391 1824 et
404 1769 480 1826 licite
489 1769 666 1844 accipiuntur
679 1786 742 1839 quae
752 1777 854 1843 sponte
868 1767 968 1825 dantur
980 1787 997 1825 a
1008 1768 1183 1826 clientibus:
1205 1769 1257 1826 sed
1269 1768 1311 1839 qui

205 1867 324 1951 molunt
335 1883 416 1925 suam
440 1876 572 1942 praestare
594 1883 709 1941 operam
734 1867 882 1924 clientibus
901 1866 932 1924 in
951 1884 1046 1925 rerum
1067 1864 1247 1933 discrimine,
1261 1867 1311 1925 nisi

223 1965 400 2040 amplissima
420 1965 541 2040 pecunia
553 1975 680 2040 accepta,
691 1966 832 2041 justitiam
847 1964 977 2024 videntur
989 1964 1107 2033 violare,
1122 1968 1279 2042 praesertim
1290 1965 1312 2022 si

222 2063 341 2122 clientes
352 2063 381 2119 in
395 2063 443 2121 illa
457 2080 550 2122 rerum
566 2064 693 2140 positura
706 2073 850 2137 nequeant
863 2062 897 2121 ad
911 2064 997 2123 alium
1005 2082 1163 2124 recurrere.
1208 2066 1312 2124 Debent

222 2160 329 2221 idcirco
343 2162 487 2218 restituere
501 2179 663 2228 excessum,
677 2162 771 2222 habita
783 2164 892 2221 ratione
904 2163 1019 2230 laboris,
1041 2174 1070 2221 et
1083 2165 1195 2240 peritiae
1208 2184 1275 2231 sue,
1287 2174 1312 2219 et

222 2259 438 2321 consuetudinis
451 2271 582 2338 recepte.
625 2261 683 2328 Qui
697 2261 838 2320 verticum
850 2262 999 2320 clientibus
1009 2264 1235 2338 paciscunturse
1247 2262 1312 2320 nihil

224 2360 415 2437 postulaturos
442 2361 514 2419 ultra
540 2362 687 2435 impensas
710 2363 886 2421 necessarias
909 2361 938 2419 in
961 2361 1009 2418 lite
1031 2362 1242 2437 prosequenda,
1263 2361 1311 2418 nisi

223 2476 310 2516 causa
324 2459 450 2524 vicerint,
466 2469 586 2534 possunt
604 2460 767 2518 mercedem
779 2460 865 2537 longe
885 2461 1024 2536 majorem
1038 2463 1158 2537 exigere
1171 2463 1209 2520 ob
1223 2459 1310 2519 eondi-

224 2555 329 2611 tionem
344 2555 420 2609 illam
435 2565 536 2628 sponte
549 2566 723 2631 susceptam,
738 2560 894 2632 presertim
907 2560 931 2616 si
942 2577 1027 2617 causa
1036 2559 1120 2618 valde
1134 2560 1214 2619 dubii
1227 2561 1310 2617 exitus

222 2652 268 2710 sit.
310 2651 395 2718 Quod
408 2662 502 2709 autem
524 2653 654 2710 nonnulli
678 2664 817 2726 quartam,
832 2659 878 2714 vel
901 2659 1009 2716 tertiam
1034 2669 1157 2735 partem,
1172 2660 1310 2717 ueletiam

223 2750 374 2811 dimidium
385 2753 426 2809 rei
439 2750 474 2808 de
488 2771 546 2824 qua
559 2753 659 2829 agitur,
674 2754 728 2811 sibi
741 2753 806 2812 ideo
820 2756 973 2824 vindicent,
987 2758 1034 2816 vix
1048 2767 1145 2834 potest
1157 2778 1224 2816 curn
1235 2757 1310 2835 justi·

227 2851 272 2909 tie
286 2850 397 2927 legibus
411 2851 565 2919 conciliari,
587 2854 699 2924 quoties
714 2865 863 2930 paupertas
878 2856 923 2913 vel
936 2856 990 2913 alia
1003 2855 1073 2914 dura
1084 2875 1181 2915 rerum
1195 2855 1312 2915 conditio

222 2948 372 3006 clientibus
386 2951 581 3009 necessitatem
595 2951 766 3010 assentiendi
786 2953 930 3029 imposuit.
973 2954 1196 3030 Sapientissime
1210 2956 1309 3014 ideirco

222 3054 251 3102 et
259 3046 417 3121 justissime
427 3047 492 3121 jure
500 3049 577 3106 civili
587 3049 751 3127 hujusmodi
762 3062 842 3126 pacta
855 3054 939 3110 vetita
952 3050 1043 3120 sunt,¹
1056 3065 1156 3130 utpote
1164 3055 1309 3113 clientibus

222 3144 337 3220 injusta,
352 3154 380 3200 et
399 3147 578 3205 occasionem
600 3149 751 3223 praebentia
770 3149 912 3209 advocatis
932 3170 983 3228 per
1001 3152 1043 3209 sas
1064 3163 1093 3209 et
1112 3153 1193 3211 nefas
1207 3153 1243 3210 ad
1256 3154 1309 3211 eri·

222 3252 282 3301 tum
296 3242 406 3300 felicem
424 3262 485 3302 rem
508 3247 691 3321 perducendi.
734 3246 878 3307 Caeterum
899 3269 987 3322 quarn
1010 3250 1086 3327 apud
1107 3271 1162 3310 nos
1184 3253 1234 3310 lex
1255 3271 1308 3310 non

222 3342 324 3408 obstet,
338 3341 373 3398 de
387 3343 476 3416 pactis
483 3343 569 3420 juxta
583 3348 742 3418 equitatem
751 3346 937 3422 judicandum
952 3359 1004 3408 est.

263 3444 331 3498 134.
354 3439 424 3498 Nou
446 3441 512 3498 licet
532 3444 675 3518 suscipere
699 3463 791 3502 cause
814 3447 963 3506 manifesto
984 3450 1096 3525 injuste
1110 3451 1309 3526 patrocinium,
1366 3480 1374 3499 ·

222 3539 289 3608 qtria
309 3540 357 3609 qui
371 3556 486 3612 operam
507 3559 587 3597 suam
607 3553 722 3616 prestat
740 3544 884 3620 injustitias
899 3547 1050 3622 patrandae,
1065 3549 1111 3607 vel
1125 3547 1309 3613 vindicandae,

222 3633 252 3690 in
265 3646 407 3689 causaest
421 3645 451 3689 ut
460 3647 594 3709 patretur,
607 3641 651 3697 vel
666 3642 777 3698 obicem
787 3645 886 3721 objicit
898 3665 934 3702 ne
948 3656 1102 3722 reparetur.
1146 3656 1166 3682 ‘⁶
1178 3647 1309 3704 Illicitum

221 3742 265 3790 est
278 3731 361 3789 alicui
374 3734 520 3807 cooperari
540 3732 574 3788 ad
595 3737 700 3793 malum
721 3739 893 3810 laciendum,
908 3745 968 3802 sive
989 3744 1176 3812 consulendo,
1191 3745 1309 3803 111111-

215 3831 353 3909 juvando,
368 3831 429 3888 sive
444 3830 686 3905 qualitercumque
700 3840 921 3898 consentiendo:
944 3844 1010 3915 quia
1022 3844 1177 3902 consilians
1191 3853 1220 3899 et
1232 3844 1310 3902 coad-

214 3930 329 4006 111818,
351 3929 561 4003 quodammodo
585 3944 629 3989 est
651 3931 767 3992 faciens.
810 3938 850 3995 Et
869 3941 1025 4015 Apostolus
1044 3941 1113 3998 dicit
1131 3941 1167 3999 ad
1188 3942 1307 4001 Romi.

218 4030 294 4102 quod
310 4028 407 4106 ‘digni
421 4041 487 4086 sunt
500 4041 591 4089 morte
610 4051 668 4090 non
688 4033 782 4092 solum
797 4038 846 4108 qui
860 4037 968 4096 faciunt
981 4049 1138 4116 peccatum,
1160 4041 1212 4099 sed
1227 4043 1309 4100 etiam

217 4129 266 4199 qni
279 4128 460 4186 consentiunt
472 4128 637 4188 iacientibus
649 4130 668 4186 τ’
690 4131 765 4189 unde
786 4145 813 4190 et
833 4154 918 4211 supra
938 4137 1044 4197 dictum
1059 4148 1103 4195 est
1116 4138 1194 4212 quod
1207 4157 1307 4199 ornnes

618 4315 658 4378 (1)
677 4313 706 4363 L.
716 4315 756 4364 liii.
769 4321 783 4377 ς
795 4316 824 4367 de
830 4323 899 4384 poet.
