2744 4980
324 419 381 481 DE
403 417 697 481 Peucinorum
717 420 1040 486 DIS'I'INGTIONE.
1167 433 1227 490 28⁷

108 582 360 661 multiplicantur
371 603 424 662 pro
435 587 545 644 ratione
565 585 742 661 singulorum
762 595 875 646 actuum
895 589 1057 658 voluntatis,
1074 594 1227 665 qniaunus
1312 592 1321 615 ¹
1363 598 1369 605 '

108 682 158 742 ab
173 681 239 742 alio
252 704 311 743 non
326 683 440 761 pendet
483 685 561 743 Hinc
574 684 624 757 qui
641 684 774 744 heresim
793 687 889 745 animo
908 686 994 756 fovet,
1008 707 1116 749 novum
1129 692 1228 752 admit·

108 782 154 840 tit
168 793 339 857 peccatum,
354 783 465 856 quoties
479 783 652 842 deliberante
665 785 761 843 animo
772 801 880 844 novum
893 803 1017 847 errorem
1030 798 1127 847 contra
1139 790 1226 850 tidem

108 882 318 960 pertinaciter
329 882 516 958 amplectitur,
530 882 578 940 vel
589 881 684 941 eidem
702 901 778 942 novo
797 894 860 942 actu
875 882 1007 947 adhaeret
1048 887 1101 946 Illa
1113 899 1227 949 acmnm

108 978 333 1057 multiplicatio
346 982 376 1039 in
389 981 569 1040 confessione
579 981 750 1057 explicanda
761 992 815 1052 est,
826 1001 889 1061 que
902 991 997 1045 tamen
1009 985 1177 1061 plerumque
1190 990 1227 1048 ss

111 1080 276 1156 temporis
289 1078 415 1139 diuturni
427 1082 570 1139 mentione
583 1091 613 1138 et
623 1080 781 1154 frequentia
793 1091 907 1141 actuum
919 1092 965 1141 est
976 1084 1155 1161 colligenda:
1177 1089 1228 1145 vix

108 1178 212 1237 enim
226 1178 292 1251 quis
305 1178 380 1237 valet
398 1178 527 1255 singulos
547 1188 626 1237 actus
638 1179 752 1239 referre.
794 1181 844 1238 Sic
858 1181 976 1257 juvenis
1002 1183 1052 1256 qni
1073 1184 1226 1262 cupiditate

110 1295 273 1336 accensus
287 1279 474 1355 cogitationes
491 1286 588 1355 turpes
607 1296 672 1336 cum
685 1279 829 1355 voluptate
841 1296 894 1356 per
906 1299 996 1340 annos
1009 1283 1118 1355 aliquot
1129 1284 1226 1342 fovere

111 1376 294 1445 consuevit,
308 1386 336 1434 ct
348 1375 488 1435 desideria
500 1377 583 1436 etiam
595 1394 691 1454 prava,
705 1378 842 1436 saussacit
853 1379 879 1436 si
888 1381 1054 1438 confiteatur
1065 1381 1143 1440 illam
1156 1400 1225 1440 con·

113 1475 325 1543 mendicem,
335 1486 364 1534 et
372 1475 458 1534 simul
467 1477 592 1553 explicet
603 1485 716 1536 actium
726 1477 915 1550 frequentiam
928 1479 1065 1555 majorem
1077 1479 1123 1537 vel
1136 1482 1226 1543 mino·

114 1590 203 1632 rem.
247 1573 409 1647 Aliquando
421 1584 500 1633 actus
519 1575 560 1633 illi
573 1576 677 1634 interni
689 1593 727 1633 ex
739 1577 824 1635 unico
836 1575 997 1652 cupiditatis
1009 1577 1117 1653 impetu
1131 1580 1225 1639 oriun-

116 1680 186 1739 tur,
201 1672 327 1747 ideoque
338 1691 427 1731 nuum
440 1682 588 1751 peccatum
603 1675 788 1741 constituunt,
807 1674 875 1732 licet
892 1675 977 1733 breve
990 1676 1169 1734 intervallum
1182 1679 1224 1736 in·

119 1771 276 1838 tercedat3
297 1773 371 1831 sicnt
379 1773 517 1849 contingit
527 1772 639 1832 homini
650 1773 767 1832 libidine
780 1772 1093 1850 flagrantivisapnclla,
1103 1774 1150 1832 vel
1159 1775 1225 1834 odio

124 1870 169 1928 ob
183 1881 330 1947 acceptam
343 1871 487 1947 injuriam.

174 1973 224 2028 1³.
239 1969 358 2036 Quotim
368 1987 430 2043 que
444 1969 565 2029 interius
571 1969 770 2046 concipiuntur
778 1970 847 2028 soris
857 1967 998 2046 prodeunt
1006 1987 1055 2028 ore
1067 1969 1115 2028 vel
1124 1988 1222 2048 opere,
1311 2036 1322 2053 ι

128 2078 251 2144 peccata
262 2068 484 2145 multiplicantur
496 2069 597 2128 morali
610 2086 789 2142 quacumque
802 2079 915 2127 actvinm
928 2069 1149 2145 interruptione:
1171 2072 1225 2129 sci·

127 2166 199 2226 licut
211 2169 238 2225 si
250 2167 380 2225 voluntas
393 2176 565 2237 retractetur,
588 2167 633 2225 vel
653 2169 678 2227 si
692 2170 757 2241 quis
778 2167 933 2227 voluntarie
945 2176 975 2225 et
992 2166 1081 2226 libere
1094 2180 1189 2227 cesset
1208 2190 1225 2227 a

130 2266 281 2342 proposito
293 2284 390 2342 pravo.
413 2266 461 2324 Sic
475 2269 500 2325 si
514 2268 578 2339 quis
588 2266 725 2342 vituperia
737 2265 897 2332 effundens,
910 2284 942 2322 se
956 2264 1070 2324 tandem
1083 2267 1223 2333 cohibeat,

132 2363 248 2437 alioque
261 2363 381 2434 recedat
396 2365 446 2423 sed
457 2375 556 2442 postea
568 2366 609 2422 ira
621 2365 723 2423 iterum
736 2364 959 2433 excandescens,
972 2362 1079 2433 redeat,
1092 2383 1167 2424 nova
1179 2366 1226 2424 ad·

132 2460 253 2530 diturus,
267 2463 368 2524 iterum
381 2483 498 2542 peccare
511 2463 697 2522 convincitur.
731 2464 780 2521 Sic
793 2474 822 2522 et
837 2464 963 2522 rixatum
976 2463 1129 2537 aliquando
1142 2481 1223 2542 sepa·

132 2571 231 2620 rantur
244 2562 399 2621 amicorum
419 2564 589 2631 interventu,
609 2572 639 2620 et
651 2562 787 2639 deinceps
799 2563 911 2621 obviam
931 2563 985 2621 sibi
1008 2563 1074 2622 sacti
1087 2575 1224 2624 renovant

132 2678 271 2736 pugnam,
282 2678 388 2719 novum
402 2660 579 2719 admittentes
592 2670 749 2737 peccatam.

176 2763 224 2817 14.
246 2760 384 2827 Qnoerunt
397 2759 522 2836 theologi
534 2769 628 2817 unium
648 2760 756 2818 malurn
777 2758 928 2817 voluntatis
949 2760 1126 2833 propositum
1140 2763 1223 2818 inter·

133 2869 248 2935 ruptum
261 2857 437 2917 censendum
450 2859 496 2925 sit,
510 2860 604 2916 mente
617 2857 653 2916 ad
666 2859 721 2917 alia
733 2857 769 2917 ad
782 2868 894 2934 tempus
906 2855 1067 2915 necessarii
1081 2856 1221 2925 distracta,

132 2957 177 3015 vel
194 2975 314 3034 corpore
327 2976 429 3016 somno
442 2975 553 3033 presso,
568 2958 638 3029 quin
650 2958 737 3015 animi
750 2956 901 3014 consilinm
914 2964 1047 3014 mutetur.
1089 2955 1222 3030 Plerique

133 3067 264 3113 asserunt
276 3075 334 3115 non
353 3057 537 3132 interrumpi:
558 3056 609 3114 sed
629 3054 745 3115 difficile
765 3056 944 3113 continuatur
963 3054 1131 3132 perplures
1150 3055 1221 3113 dies.

133 3153 191 3220 Qui
205 3153 373 3213 adulterium
387 3156 441 3213 sibi
454 3157 606 3232 proposuit
624 3155 800 3233 patrandum,
814 3166 843 3212 et
855 3164 929 3212 artes
952 3154 1115 3230 decipiendi
1128 3155 1223 3212 animo

133 3263 226 3310 versat
239 3272 290 3330 per
303 3253 363 3311 dies
377 3254 526 3329 plurimos,
548 3256 660 3312 interim
681 3253 849 3312 neoessariis
868 3253 988 3328 negotiis
1001 3270 1117 3320 vacans,
1131 3250 1221 3309 donec

132 3349 160 3408 id
174 3351 341 3427 perficiendi
351 3364 511 3429 opportuna
524 3352 588 3411 data
607 3354 644 3411 sit
659 3351 782 3417 occasio,
802 3369 893 3408 unum
908 3348 997 3408 videri
1014 3359 1112 3425 posset
1125 3348 1223 3409 aenio

133 3459 190 3507 tere
211 3462 369 3526 peccatum,
390 3453 419 3510 in
443 3452 520 3526 quod
540 3462 613 3510 totus
634 3450 771 3509 intendit:
793 3449 844 3507 sed
864 3449 902 3507 ob
921 3457 963 3506 tot
981 3449 1085 3507 mentis
1104 3448 1221 3515 distrw

130 3549 224 3606 tiones
238 3550 416 3626 interpositas
430 3551 539 3610 videtur
558 3551 664 3628 pluries
684 3566 812 3626 peccare,
827 3567 916 3622 quum
929 3549 1012 3606 toties
1024 3557 1143 3608 renovet
1160 3568 1222 3626 pra·

134 3664 199 3705 vum
215 3650 403 3725 propositum.

173 3749 221 3803 15.
243 3748 364 3815 Quoties
387 3749 490 3807 mentis
499 3744 655 3806 'consilium
669 3748 776 3806 actibus
789 3745 894 3824 prodiit
907 3746 956 3819 qui
969 3748 1042 3805 inter
1054 3765 1085 3805 se
1099 3764 1221 3803 connec-

133 3853 237 3914 tuntur,
251 3847 303 3906 fini
316 3846 410 3906 eidem
425 3848 621 3915 inservientes,
634 3845 670 3904 ad
683 3847 759 3906 idem
779 3855 927 3922 peccatum
939 3863 1040 3904 omnes
1053 3845 1220 3903 referuntur.

132 3941 212 4022 ilinc
226 3948 276 4018 qui
290 3947 387 4006 animo
408 3947 558 4006 inimicum
577 3945 765 4007 interficiendi
787 3944 843 4002 tela
861 3944 939 4010 emit,
960 3951 1107 4020 paratque,
1127 3950 1156 3997 et
1168 3943 1221 4000 iter

127 4045 241 4121 arripit,
255 4046 374 4105 insidias
392 4047 420 4104 ei
432 4047 628 4114 instructurus,
647 4044 802 4104 homicidio
821 4053 888 4120 post
899 4041 961 4100 diss
974 4042 1082 4115 aliquot
1102 4048 1221 4118 patrato,

125 4144 215 4202 nnius
229 4147 339 4220 peccati
351 4163 417 4204 reus
429 4145 556 4204 habetur.
598 4145 656 4211 Qui
675 4161 737 4203 rem
748 4144 849 4202 retinet
868 4142 998 4208 alienam,
1019 4141 1098 4201 nullo
1110 4143 1221 4200 restitu-

121 4242 198 4302 endi
221 4255 361 4322 concepto
387 4245 516 4313 consilio,
542 4262 602 4304 non
627 4252 757 4300 censent
777 4259 858 4300 mora
883 4240 1069 4316 multiplicare
1095 4252 1220 4318 peccata,

120 4360 218 4415 quum
239 4361 373 4420 perversa
391 4344 520 4404 voluntas
540 4342 639 4403 eadem
659 4350 780 4408 maneat,
803 4349 880 4400 etro
896 4348 1006 4400 retem:
1024 4341 1219 4400 continuetur:
