2744 4980
220 414 276 469 106
502 407 559 466 DE
581 406 745 474 QUINTO
765 405 1018 467 PRAECEPTO.

216 583 248 630 ut
260 571 373 638 evadat:
394 571 440 628 vel
452 572 539 630 alium
553 572 666 650 aggredi
680 573 730 644 qui
745 581 806 628 actu
820 573 878 629 vim
901 590 959 628 non
979 571 1080 628 insert:
1103 589 1169 627 nam
1183 571 1239 627 sibi
1254 587 1314 626 non

217 670 299 729 debet
317 672 463 727 consulere
483 673 663 730 innoxiorum
687 669 774 728 caede.
817 671 849 727 si
872 670 994 727 furiosus
1014 669 1097 727 alicui
1118 671 1176 726 vim
1199 669 1313 733 inserat,

216 787 269 826 nec
280 770 316 825 sit
334 771 404 826 ratio
418 770 565 837 evadendi,
581 772 635 828 nisi
651 772 736 828 vitam
756 771 783 827 ei
801 767 956 844 eripiendo,
978 779 1044 825 sunt
1066 768 1116 839 qui
1136 767 1237 824 dicunt
1256 785 1315 823 non

217 868 303 925 licere
317 887 383 925 cnm
397 869 564 934 interlicere,
579 888 667 940 quum
690 869 792 945 injuria
812 886 869 924 non
890 868 926 923 sit
938 884 1014 933 vera,
1028 866 1179 923 deficiente
1195 865 1314 922 rationis

215 984 280 1032 usu,
294 977 322 1022 et
335 984 483 1040 aggressor
506 977 621 1042 peccato
641 977 703 1024 ante
724 965 854 1023 delirium
875 965 969 1021 forsan
984 965 1157 1035 inquinatus,
1173 965 1203 1020 in
1223 963 1315 1020 mani·

217 1063 289 1120 sesto
310 1065 438 1120 interitus
459 1062 620 1121 discrimine
641 1065 696 1120 sit:
718 1064 769 1120 sed
789 1063 908 1120 adversa
932 1062 1013 1119 nobis
1034 1062 1139 1119 arridet
1161 1061 1315 1127 sententia,

219 1180 285 1219 nam
295 1163 343 1236 jus
358 1160 459 1217 habere
474 1162 583 1218 videtur
595 1164 715 1235 quisque
729 1183 745 1218 a
759 1173 856 1217 natura
876 1169 907 1217 ut
928 1179 959 1216 se
980 1169 1090 1217 tucatur
1103 1170 1202 1217 contra
1215 1177 1316 1230 quem·

218 1278 273 1332 que
287 1279 354 1315 eum
368 1260 473 1330 absque
487 1280 572 1317 causa
585 1260 804 1337 aggredientem.
846 1258 880 1316 ld
893 1277 928 1314 eo
948 1260 1040 1334 magis
1054 1257 1207 1316 dicendum
1223 1267 1268 1313 est
1281 1254 1317 1312 de

222 1359 291 1414 ebrii
317 1358 497 1433 aggressione
518 1378 603 1431 quem
626 1359 762 1434 repellere
785 1359 852 1415 lieet
872 1375 939 1414 eum
959 1355 1126 1424 occidendo,
1147 1375 1238 1429 quum
1267 1373 1319 1411 sun

217 1455 300 1531 culpa
313 1456 342 1512 in
356 1456 508 1513 discrimen
522 1477 552 1514 se
566 1457 724 1514 adduxerit.

260 1557 327 1611 104.
349 1556 382 1612 Si
396 1555 459 1626 quis
473 1557 654 1613 occasionem
668 1556 776 1611 dederit
797 1555 973 1630 aggressioni
990 1554 1174 1620 contumelia,
1189 1551 1320 1609 dubitant

219 1653 347 1710 nonnulli
360 1663 453 1710 utrum
474 1655 564 1729 possit
582 1656 669 1711 vitam
691 1654 771 1719 tueri,
792 1653 1002 1728 aggredientem
1027 1650 1243 1709 interficiendo:
1267 1649 1319 1706 sed

219 1751 346 1826 plerique
360 1751 515 1817 affirmant;
536 1752 603 1809 licet
615 1754 693 1810 enim
716 1753 746 1807 in
765 1752 849 1826 eulpa
868 1752 952 1809 fuerit
972 1751 1108 1826 probrum
1132 1748 1319 1825 proferendo,

219 1867 279 1906 non
292 1847 356 1906 ideo
370 1851 464 1906 amisit
473 1851 522 1925 jus
533 1851 568 1907 ad
583 1852 667 1908 vitam
682 1849 826 1916 tuendam,
840 1868 926 1921 quam
939 1849 1007 1906 alter
1021 1849 1126 1924 injuria
1136 1848 1319 1925 aggreditur:

220 1948 390 2004 contumelia
403 1949 479 2005 enim
492 1960 612 2007 mortem
626 1969 685 2007 non
698 1958 828 2005 meretur.
860 1948 923 2005 lmo
937 1946 1005 2004 dicit
1019 1948 1139 2024 Mayol:
1165 1945 1319 2003 “Adulter

221 2043 414 2120 deprehensus
428 2047 459 2103 in
472 2046 610 2121 flagranti,
634 2059 661 2104 et
682 2049 797 2104 invasus
817 2067 833 2103 a
853 2047 962 2113 marito,
987 2055 1080 2121 potest
1102 2046 1178 2103 licite
1198 2064 1230 2101 se
1252 2061 1319 2101 curn

221 2142 413 2201 moderamine
427 2143 588 2212 defendere,
602 2148 686 2205 etiarn
701 2165 767 2203 cum
782 2146 870 2222 ipsius
885 2138 1079 2202 occisione.’‘1

268 2245 334 2298 105.
355 2244 429 2299 Actu
443 2245 586 2319 aggressio
600 2245 649 2302 fiat
661 2263 777 2303 necesse
791 2254 877 2301 estut
890 2244 954 2316 quis
969 2244 1028 2300 vim
1048 2243 1076 2299 vi
1089 2241 1229 2318 repellere
1244 2240 1320 2296 dica-

221 2349 275 2406 tur,
301 2359 354 2396 nec
379 2341 484 2398 sufficit
508 2350 540 2398 ut
571 2345 634 2414 quis
660 2352 793 2402 noscatur
818 2361 1022 2418 aggressurus:
1058 2342 1107 2413 qui
1130 2342 1217 2417 igitur
1241 2338 1321 2396 novit

220 2455 257 2494 ex
272 2436 382 2495 indiciis
396 2440 519 2511 aliquem
533 2459 564 2496 se
584 2452 668 2500 noctu
690 2443 763 2499 velle
786 2441 952 2506 interficere,
967 2459 1024 2498 non
1045 2448 1138 2516 potest
1150 2457 1218 2495 eum
1233 2448 1316 2494 antea

222 2536 262 2592 nil
285 2537 493 2610 aggredientem
515 2538 627 2597 tollere:
651 2560 713 2612 quae
735 2541 812 2597 eninr
835 2539 916 2595 datur
941 2539 1058 2595 facultas
1078 2557 1110 2594 se
1132 2535 1228 2593 tuendi
1250 2554 1317 2593 curn

223 2633 336 2691 ulterius
350 2634 512 2693 discrimine
527 2645 683 2696 extremam
696 2640 894 2695 necessitatem
904 2638 1028 2713 respicit,
1039 2655 1092 2694 nec
1105 2635 1141 2692 ad
1154 2636 1225 2692 alios
1238 2633 1319 2693 saeile

227 2731 405 2790 extendenda
417 2746 461 2792 est
473 2755 567 2792 rerum
593 2757 685 2794 casus.
728 2735 873 2794 Censetur
898 2745 992 2794 antem
1013 2744 1075 2792 actu
1093 2733 1208 2810 aggredi
1222 2733 1273 2804 qui
1288 2749 1318 2788 se

224 2831 375 2891 manifesto
389 2844 469 2908 parat
482 2834 516 2890 ad
530 2835 763 2910 agrrediendnnr3
784 2854 836 2891 nec
850 2844 959 2891 tenetur
973 2835 1037 2907 quis
1051 2842 1213 2908 expectare,
1229 2849 1318 2902 quum

224 2947 305 2986 mora
317 2928 476 2989 facultatem
489 2948 604 2990 omnem
618 2934 767 2992 resistendi
787 2933 884 2989 tollere
902 2932 1002 3008 possit.
1045 2931 1094 2987 Sic
1108 2932 1200 2987 viator
1217 2929 1317 2985 videns

223 3026 373 3083 inimicum
387 3047 464 3084 arma
472 3031 534 3103 jam
553 3030 696 3087 tollentem
719 3042 827 3087 uteum
841 3030 999 3095 interficiat,
1014 3030 1117 3103 poterit
1129 3046 1198 3084 eum
1213 3026 1317 3084 interfi-

224 3123 325 3181 ciendo
346 3125 510 3199 prevenire,
534 3127 559 3181 si
581 3127 635 3182 alia
654 3128 730 3185 nulla
750 3128 786 3183 sit
798 3126 868 3184 ratio
881 3124 1028 3183 evadendi.

267 3225 334 3280 100.
358 3224 459 3280 Utrum
473 3223 537 3294 quis
551 3225 685 3299 possitae
702 3222 852 3282 defendere
872 3244 938 3282 cum
957 3225 1021 3280 vitae
1041 3223 1202 3280 innocentis
1222 3223 1322 3279 discri-

225 3323 303 3380 mine
316 3322 458 3394 quaeritnr,
473 3321 497 3377 si
512 3341 546 3379 v:
568 3342 604 3399 g:
627 3325 781 3399 posthunc
794 3296 878 3380 lateat
892 3300 1051 3400 aggrissor,
1066 3340 1119 3379 nec
1134 3322 1219 3379 saeile
1230 3322 1324 3396 possit

225 3418 356 3476 discerni.
398 3417 520 3478 Videtur
531 3440 589 3478 non
602 3422 687 3479 licere
702 3426 883 3482 innocentem
897 3420 1024 3480 consulti»
1042 3421 1218 3479 interficere:
1242 3419 1321 3491 quod

225 3518 329 3588 siquis
344 3529 508 3589 nequeatsc
530 3521 600 3577 tueri
623 3522 680 3579 nisi
702 3542 767 3582 cum
789 3521 939 3579 manifesto
961 3521 1120 3578 innocentis
1144 3519 1320 3584 discrimine,

225 3633 283 3672 non
305 3615 415 3674 videtur
433 3634 486 3674 suo
503 3619 609 3693 juras
630 3628 728 3678 natura
749 3620 886 3686 derivato,
907 3619 1017 3685 cadere,
1040 3618 1161 3690 ideoque
1181 3636 1248 3674 reus
1263 3637 1322 3675 non

226 3713 288 3778 erit,
304 3714 328 3770 si
341 3733 417 3773 mors
436 3714 594 3774 innocentis
615 3732 758 3790 sequatur,
780 3737 843 3790 quae
864 3718 1021 3793 aggressori
1041 3717 1136 3792 potius
1157 3717 1210 3773 erit
1230 3717 1322 3790 impu·

227 3810 321 3869 tanda.

270 3914 336 3967 107.
359 3910 432 3968 Sunt
453 3930 490 3968 ex
512 3913 651 3989 theologis
675 3915 724 3986 qui
741 3913 844 3971 docent
855 3913 940 3970 licere
954 3913 1014 3969 viro
1028 3913 1118 3970 nobili
1131 3921 1159 3969 et
1171 3911 1321 3976 honorato,

226 4009 385 4083 prasertim
400 4009 493 4079 militi,
508 4012 554 4069 cui
567 4015 670 4086 probro
684 4024 759 4069 esset
778 4012 885 4089 sugere,
900 4010 1056 4068 interficere
1071 4029 1137 4069 eum
1151 4011 1201 4081 qui
1215 4009 1321 4066 fustem

265 4211 307 4275 (¹)
322 4209 386 4274 Pl¹1>-
399 4227 423 4259 v·
434 4227 502 4276 pree
515 4221 561 4264 nrt.
572 4215 602 4264 vi.
615 4219 637 4274 ς.
650 4215 665 4264 i.
686 4215 732 4264 eol.
746 4214 803 4265 62³.
821 4214 885 4264 Vide
896 4222 921 4264 et
932 4213 1046 4264 Loesium
1058 4214 1088 4262 de
1097 4212 1196 4278 justitie
1207 4217 1233 4259 et
1240 4211 1297 4274 Jnre
1310 4212 1324 4266 ς

229 4310 246 4342 ι.
254 4309 274 4342 ο.
287 4309 321 4342 ix.

1262 4472 1314 4569 ta
