2766 4996
150 429 211 485 666
298 425 356 485 DE
377 423 739 486 OBLIGA'I'IONIBUS
759 422 1099 484 RELIGIOSORUII.

149 590 368 648 communicatio
381 589 446 664 ipso
459 586 542 645 lacto.
585 587 693 645 “Dum
707 598 801 646 autem
814 586 1019 646 confessarius
1032 588 1240 646 ciniensionem

151 687 238 754 audit,
252 686 355 744 debent
367 686 498 744 assistere
508 687 698 746 comitatrices
716 685 751 743 ad
759 687 889 763 januam,
903 687 941 744 ita
949 698 982 744 ut
990 705 1059 745 enm
1072 686 1170 745 videre
1183 705 1242 764 pue

151 779 256 846 dintm

189 889 239 943 67.
261 882 461 942 “Notandum
483 902 521 941 en
534 883 649 942 decreto
663 882 823 941 Clementis
837 883 924 942 VIII.
937 901 1175 956 unamquamque
1188 902 1241 942 mo

150 984 254 1043 ninlem
268 983 370 1041 debere
384 982 474 1040 solam
488 981 621 1049 dormire,
643 981 766 1054 ideoque
780 992 821 1040 tot
838 982 925 1039 cellas
945 983 976 1040 in
996 1000 1176 1054 unoquoque
1189 1000 1241 1039 mo

149 1084 275 1141 nasterio
288 1081 430 1140 iaciendas
444 1100 518 1148 esse,
532 1091 601 1152 quot
621 1082 659 1138 ibi
672 1080 779 1156 degunt
790 1079 938 1138 moniales.
951 1121 958 1136 .
974 1121 981 1136 .
994 1121 1003 1137 .
1046 1080 1099 1137 Sic
1111 1081 1198 1138 etiam
1211 1081 1240 1137 S.

150 1181 345 1260 congregatio
378 1180 591 1257 Episcoporum
614 1190 644 1237 et
666 1179 851 1255 Regularium
873 1177 980 1254 pluries
1002 1179 1111 1247 statuit,
1135 1178 1240 1255 puellas

149 1291 359 1339 commorantes
376 1280 405 1336 in
419 1279 599 1337 monasteriis
612 1277 780 1335 monialium
794 1295 879 1334 cansa
890 1275 1068 1334 educationis
1081 1275 1186 1335 debere
1198 1277 1241 1334 ba·

148 1379 214 1435 bere
227 1378 321 1434 locum
334 1387 494 1452 separabam
514 1396 530 1433 a
547 1376 718 1433 monialibus
738 1394 791 1452 pro
803 1393 900 1434 earum
920 1374 1103 1442 dormitione,
1123 1377 1198 1434 sicut
1215 1387 1240 1431 et

148 1493 201 1552 pro
214 1465 398 1550 operibus.”²

187 1577 236 1631 66.
258 1572 355 1631 Etiam
368 1590 499 1631 accessus
513 1573 549 1630 ud
559 1574 731 1631 monasteria
743 1573 878 1646 colloquii
890 1591 977 1630 causa
989 1573 1100 1646 absque
1113 1574 1238 1650 ingressu

147 1673 220 1730 intra
232 1684 314 1750 septa
328 1672 516 1748 Regularibus
527 1671 651 1729 districte
661 1671 841 1748 prohibetur:
864 1680 883 1707 ‘⁶
895 1673 925 1729 in
938 1670 1051 1728 decreto
1066 1671 1100 1729 S.
1115 1670 1239 1749 congre

148 1772 270 1848 gationis
283 1771 359 1829 edito
367 1772 452 1848 jussu
473 1771 550 1829 Sinti
564 1771 601 1827 V.
616 1789 690 1829 auno
713 1773 800 1835 1590,
815 1769 1003 1844 Regularibus
1015 1770 1240 1842 colloquentibus

148 1888 214 1928 cum
228 1871 453 1943 quibuscumque
467 1870 636 1926 monialibus
649 1869 709 1926 sive
722 1870 778 1934 sni,
794 1868 839 1925 vel
852 1864 966 1925 alterim
979 1867 1102 1935 ordinis,
1118 1869 1163 1926 vel
1176 1888 1239 1927 curu

147 1968 274 2040 qualibet
293 1968 411 2025 muliere
432 1969 461 2025 in
482 1968 655 2025 monasterio
675 1966 806 2043 degente,
829 1966 963 2042 imposita
984 1976 1030 2022 est
1051 1985 1140 2043 poenu
1153 1969 1239 2044 priva

147 2066 234 2123 tionis
247 2064 344 2131 officii,
358 2069 438 2123 vocis
451 2067 548 2123 active
562 2075 590 2122 et
603 2066 722 2141 passive
737 2066 800 2141 ipso
810 2064 883 2121 sacto
897 2063 1075 2123 incurrendo.
1119 2064 1238 2124 Confes-

146 2163 229 2222 saviis
255 2171 349 2223 autem
376 2163 565 2239 Regularibns
598 2162 651 2221 init
676 2163 853 2221 interdicutm
879 2163 909 2220 in
935 2161 1044 2220 oedibus
1071 2165 1236 2222 monialium

149 2264 323 2322 monasterio
342 2263 485 2340 contiguis
505 2271 690 2339 pernoctem
711 2272 758 2320 aut
771 2262 863 2319 Iacere
876 2270 907 2317 ut
928 2260 976 2317 alii
996 2272 1176 2337 pernoctent,
1196 2263 1237 2319 vel

146 2361 215 2420 alias
228 2380 327 2420 secum
341 2362 480 2429 retinere3
495 2363 565 2419 item
580 2379 617 2419 ne
630 2361 660 2416 in
673 2361 707 2417 iis
721 2362 815 2418 cibum
826 2372 941 2417 sumant
952 2368 1033 2417 entrt
1047 2372 1160 2438 tempus
1173 2381 1236 2420 eou-

145 2458 302 2516 Iessionum
319 2459 503 2533 generalium.
546 2459 586 2515 Et
604 2457 665 2514 haec
685 2459 734 2516 lex
747 2458 840 2516 verius
863 2459 971 2533 obligat
992 2459 1047 2516 sub
1066 2460 1234 2518 mortali...

145 2573 182 2614 ex
197 2554 310 2611 decreto
324 2555 356 2610 S.
372 2555 609 2630 Congregationis
629 2554 705 2612 edito
722 2561 734 2612 I
751 2557 769 2614 J
773 2556 834 2623 ulii,
855 2547 981 2614 1626.”3
1021 2557 1054 2614 S.
1075 2557 1236 2635 Congrega·

146 2655 184 2714 tio
202 2658 213 2710 l
231 2653 316 2730 Maji,
341 2657 428 2721 1669,
448 2652 584 2730 probante
607 2652 775 2712 Innocentio
795 2655 849 2713 IX.
872 2654 1057 2713 “declaravit
1078 2656 1235 2733 Regulams

145 2756 195 2828 qui
214 2751 250 2812 ad
267 2756 436 2812 monasteria
450 2752 626 2820 monialium,
646 2755 776 2825 quamvis
797 2754 867 2829 ipsis
889 2754 1078 2830 Regularibus
1102 2757 1236 2833 subjecta,

144 2855 250 2926 absque
263 2853 391 2928 legitima
404 2853 534 2911 facultate
548 2850 695 2919 accedunt,
715 2853 905 2924 colloquendo
918 2853 1003 2910 etiam
1018 2871 1070 2929 per
1082 2854 1236 2925 quodcum·

143 2969 199 3023 que
214 2949 357 3007 modicum
379 2952 514 3027 temporis
529 2952 650 3026 spatium
665 2969 729 3007 cum
744 2951 924 3016 monialibus,
938 2970 1056 3026 peccare
1070 2954 1237 3018 mortaliter,

143 3066 250 3120 eosque
265 3065 349 3121 piena
362 3050 676 3116 excommunicationis,
699 3050 866 3125 privationis
888 3051 967 3107 vocis
987 3051 1085 3107 activa
1099 3060 1130 3108 et
1150 3052 1236 3127 passi·

143 3165 195 3214 ute,
210 3146 330 3219 aliisque
344 3148 453 3204 statutis
467 3147 560 3223 pomis
574 3165 661 3222 posse
675 3149 709 3204 ab
722 3147 874 3206 Ordinario
894 3157 1037 3220 tamquam
1051 3147 1129 3207 sedis
1145 3152 1236 3226 Apos-

144 3246 235 3305 tolicoe
249 3245 379 3321 delegato
392 3244 549 3305 coerceri.”

182 3349 231 3404 69.
254 3344 326 3402 llaec
340 3344 473 3419 pleraque
486 3364 523 3402 ex
537 3344 569 3401 S.
584 3344 737 3421 Alphonsi,
752 3356 779 3402 et
800 3345 921 3413 Giraldi,
936 3345 1055 3402 celebris
1076 3346 1236 3422 interpretis

137 3444 211 3519 juris
225 3443 378 3510 Pontificii,
393 3445 510 3502 mutuati
524 3462 634 3509 sumus,
648 3454 679 3500 ut
698 3443 911 3502 ostenderemus
931 3454 1035 3517 quanta
1054 3445 1235 3502 solicitudine

142 3540 275 3596 Ecclesia
287 3541 418 3616 invigilet
437 3542 704 3600 SanctImonialinm
725 3543 847 3618 puritati.
889 3541 984 3599 Verba
997 3543 1234 3602 Tridentinorum

141 3645 252 3713 petrum
276 3636 457 3711 ponderanda
479 3649 562 3696 sunt:
586 3640 760 3699 “Bonisacii
782 3641 866 3700 v111-.
891 3639 1145 3708 constitutionem,
1174 3660 1234 3714 quae

141 3736 257 3813 incipit:
278 3732 464 3803 Periculose,
483 3753 622 3793 renovans
644 3739 676 3795 S.
701 3740 849 3815 Spodns,
864 3740 1003 3798 universis
1023 3740 1170 3815 episcopis
1183 3740 1235 3797 sub

140 3837 326 3895 obtestatIone
349 3833 436 3892 divini
455 3832 568 3920 judicii,
590 3846 618 3892 et
640 3836 868 3896 interminatione
888 3835 1096 3897 maledictionis
1110 3849 1232 3902 ammes,

141 3936 278 4012 praecipit,
293 3946 323 3992 ut
337 3936 365 3993 in
379 3935 512 3995 omnibus
526 3936 704 3993 monasteriis
724 3937 777 3994 sibi
797 3937 934 4013 subjectis
953 3936 1105 4004 ordinaria,
1126 3937 1156 3994 in
1171 3936 1233 3994 aliis

140 4032 205 4091 verd
221 4034 306 4092 Sedis
326 4035 501 4110 Apostolieae
522 4035 696 4101 auctoritate,
711 4035 870 4093 clausuram
891 4035 1173 4103 sanctimonialium,
1188 4035 1234 4093 ubi

175 4221 217 4283 (l)
232 4219 257 4268 S.
271 4220 345 4285 Alpb.
359 4221 372 4269 l.
383 4221 422 4270 sii.
435 4236 459 4270 n.
469 4223 526 4269 227.
774 4223 814 4278 (2)
827 4220 928 4278 Ibidem,
940 4220 1030 4270 mm.

555 4305 597 4370 (8)
612 4303 712 4364 Ibidem,
724 4320 749 4353 n.
761 4302 818 4352 9³2.
862 4299 866 4307 ’
