2744 4980
496 423 553 485 DE
574 424 841 488 PRIVILEGIIS.
1176 435 1233 490 189

143 609 211 649 onus
225 592 404 669 privilegiato
417 591 595 667 impositum,
608 601 677 652 tunc
689 601 721 651 ut
732 603 879 652 revocetur
893 591 978 673 (ultra
986 596 1094 672 juatam
1104 595 1232 675 oausam)

141 691 292 762 requiritur
303 688 545 766 compensatio.'’¹

179 791 229 846 64.
252 788 438 865 Privilegium
441 785 618 868 favorabile
630 797 783 865 reputatur,
797 791 823 847 ai
837 791 876 847 ita
887 791 937 849 uni
950 790 1042 849 faveat
1054 802 1086 850 ut
1098 791 1161 850 aliia
1175 809 1234 851 non

143 886 240 944 afferat
252 885 485 946 incommodum:
507 906 535 945 v.
550 907 587 964 g:
609 897 640 945 ut
652 889 718 961 quis
731 888 864 946 carnibus
884 890 964 948 vesci
976 891 1069 965 possit
1087 891 1116 947 in
1136 889 1233 956 Quad-

143 986 289 1060 agesima.
338 984 384 1044 Do
404 1004 439 1044 eo
460 985 532 1045 iliud
548 987 662 1044 axioma
683 985 854 1044 celebratur:
878 988 1081 1047 “beneficium
1094 990 1233 1067 principia

141 1083 192 1139 iate
211 1083 414 1160 explicandum
426 1081 519 1142 cat.'’²
558 1083 665 1144 Omnia
677 1085 825 1163 privilegia
837 1086 923 1144 realia
945 1088 1068 1163 amplam
1090 1089 1234 1163 patiuntur

143 1183 408 1258 interpretationem,
423 1201 512 1255 quum
531 1184 608 1241 enim
631 1186 720 1243 rebus
738 1184 901 1250 inhaereant,
923 1184 1061 1243 habentur
1083 1186 1172 1245 veluti
1192 1187 1234 1246 in·

145 1289 214 1337 sarta
227 1282 258 1339 in
271 1298 374 1357 corpus
392 1279 410 1338 J
413 1282 481 1339 uris.
524 1281 602 1338 “Ea
614 1283 698 1342 etiam
718 1300 782 1354 qua
795 1290 861 1338 aunt
880 1300 1019 1341 concessa
1031 1283 1116 1341 alicui
1130 1283 1233 1350 ordini,

144 1380 304 1447 conventui,
318 1380 526 1447 communitati,
541 1378 635 1436 autad
648 1380 731 1438 aliam
751 1381 829 1455 piam
849 1397 975 1447 causam,
996 1384 1096 1439 omnia
1109 1384 1232 1441 suntin·

144 1478 318 1552 terpretanda
330 1495 389 1535 non
403 1476 490 1536 modo
502 1477 567 1544 late,
582 1476 634 1534 aed
654 1479 738 1536 etiam
758 1478 906 1544 latissime,
921 1479 1034 1537 etiamsi
1047 1478 1234 1539 adversentur

138 1574 191 1648 juri
209 1563 378 1641 communi*
389 1561 436 1634 val
450 1574 534 1634 alicui
547 1576 640 1642 tertio,
654 1574 894 1648 quemadmodum
908 1578 1145 1637 communissime
1159 1579 1232 1636 affir-

141 1674 373 1733 mantdoctoraa.
384 1714 391 1730 .
404 1715 432 1731 ..
455 1673 612 1751 Privilegia
631 1675 709 1732 enim
729 1675 981 1733 communitatibus
1003 1695 1142 1734 concessa
1161 1695 1233 1753 prte-

140 1784 294 1832 anmuntur
315 1774 414 1831 omnia
438 1790 502 1830 carc
528 1773 752 1832 remuneratoria
773 1773 955 1831 servitiorum
981 1776 1182 1850 prastitorum,
1205 1785 1233 1832 ct

138 1871 208 1931 ideo
221 1873 320 1932 omnia
332 1871 471 1930 habentur
484 1881 629 1945 tamquam
639 1870 814 1938 favorabilia,
829 1888 867 1929 cn
877 1869 897 1927 1.
913 1870 1140 1951 aicntpcraono‚
1155 1872 1186 1930 ff.
1198 1872 1233 1931 de

135 1966 284 2048 Relig.'’³
326 1968 472 2030 Odiosum
486 1970 588 2029 dicitur
601 1971 793 2057 privilegium
804 1971 829 2027 ai
839 1970 899 2046 juri
913 1973 1070 2039 communi,
1085 1982 1133 2031 aut
1146 1981 1233 2030 statu·

138 2069 222 2127 tinet
241 2068 494 2129 conaucmdinibna
516 2070 643 2146 deroget,
664 2070 709 2127 vel
722 2071 752 2127 in
773 2068 893 2127 aliorum
914 2069 996 2126 cedat
1008 2064 1230 2129 detrimentdm:

138 2186 166 2225 v.
182 2186 221 2244 g:
243 2170 270 2225 ai
282 2171 330 2227 cui
343 2168 514 2228 concedatur
533 2169 615 2245 plura
633 2168 719 2227 aimul
738 2167 858 2225 retinere
877 2168 1027 2236 beneficia,
1042 2169 1087 2226 vel
1101 2169 1229 2227 vacantia
1268 2215 1273 2223 .

138 2266 282 2325 conferre.
325 2266 398 2325 Hac
417 2270 512 2326 stricte
532 2277 599 2324 sunt
618 2265 811 2344 intelligenda,
832 2284 899 2325 nam
919 2266 1015 2325 “odia
1033 2277 1101 2326 aunt
1119 2267 1233 2326 restrin-

141 2365 269 2440 genda.’'
312 2365 499 2443 Privileginm
513 2366 683 2442 plerumque
695 2364 737 2423 od
752 2364 1043 2443 inniantiomportia
1063 2383 1234 2426 conceaaum
1257 2414 1290 2469 ι,

142 2464 282 2532 habetur3
297 2463 375 2537 qnod
388 2466 413 2523 ai
426 2471 511 2547 motu
519 2463 645 2544 proprio
659 2473 688 2521 ct
697 2481 734 2522 erc
743 2470 823 2523 certo
832 2464 960 2524 scientia
969 2462 1150 2532 concedatur,
1161 2465 1235 2522 inter

142 2563 257 2620 favores
269 2580 385 2641 semper
396 2573 568 2633 recensemr,
583 2564 632 2635 qni
652 2563 829 2639 amplissimo
843 2571 909 2623 sunt
921 2562 1089 2639 accipiendi,
1113 2560 1173 2621 etai‘
1188 2579 1233 2620 raa

144 2665 183 2720 ait
195 2662 276 2720 alteri
287 2664 399 2730 nociva,
408 2665 493 2738 juxta
512 2662 582 2721 illud
600 2662 674 2738 legis
695 2661 806 2719 civilia:
830 2670 848 2698 ‘⁶
859 2662 1031 2720 beneficium
1044 2663 1233 2739 imperatoria,

144 2759 224 2833 quod
237 2778 254 2816 a
265 2758 362 2819 divina
374 2761 484 2819 scilicet
495 2764 558 2838 ejus
569 2759 746 2836 indulgentia
758 2759 955 2836 proficiscitur,
967 2777 1053 2833 quam
1067 2760 1234 2835 planissime

146 2861 321 2936 interpretari
335 2856 518 2917 debendam

185 2962 234 3016 65.
256 2957 352 3015 Nemo
368 2966 479 3016 tenetur
491 2960 532 3015 uti
545 2955 695 3035 privilegio
716 2963 736 2992 “
747 2974 813 3014 cum
831 2955 952 3014 liberum
966 2956 1004 3012 ait
1016 2956 1168 3053 unicpique
1182 2940 1236 3055 sup⁸

142 3057 200 3132 jari
212 3052 429 3114 renunciare.''⁵
469 3056 502 3114 Si
516 3066 609 3114 tamen
623 3054 804 3133 privilegium
820 3071 878 3112 non
891 3071 1045 3130 personam
1065 3046 1116 3111 ae‘d
1129 3064 1234 3112 coetum

144 3155 286 3230 respiciat,
299 3156 399 3227 nequit
411 3155 514 3229 aliquis
527 3156 554 3213 ei
567 3173 634 3213 cum
652 3154 761 3215 ordinis
779 3170 831 3210 aen
844 3160 935 3210 coetua
949 3152 1116 3210 detrimento
1130 3169 1232 3209 renun-

146 3256 229 3312 ciare.
273 3251 351 3311 Hinc
364 3253 483 3312 clericus
498 3254 551 3313 sori
564 3253 713 3331 privilegio
727 3249 788 3330 (ubi
807 3249 896 3329 viget)
917 3267 949 3307 ae
972 3250 1101 3309 abdicare
1123 3249 1232 3321 nequit,

147 3355 228 3410 etiam
243 3353 410 3427 interposito
419 3354 600 3429 juramento:
623 3360 643 3388 ‘⁸
654 3370 720 3411 curn
734 3366 792 3407 non
805 3350 842 3407 ait
859 3348 1030 3406 beneficium
1044 3348 1100 3405 hoc
1119 3363 1235 3423 person·

148 3453 200 3518 ale,
214 3452 261 3509 cui
279 3452 440 3510 renunciari
459 3453 560 3519 valcat,
584 3450 635 3508 aed
657 3451 751 3529 potina
775 3448 825 3506 toti
847 3447 968 3523 collegio
987 3446 1179 3505 ecclesiastico
1201 3447 1238 3504 ait

148 3548 258 3626 publice
272 3549 430 3608 indultum:
451 3552 497 3610 cni
510 3553 684 3629 privatorum
697 3547 792 3625 pactio
801 3545 936 3623 derogare
949 3562 1007 3604 non
1021 3545 1145 3622 potcat.''
1186 3543 1236 3602 Sic

147 3650 231 3707 etiam
243 3649 372 3726 episcopi
391 3658 420 3706 at
430 3649 572 3726 regulares
593 3656 747 3723 nequeunt,
762 3664 827 3703 cum
840 3663 899 3704 snae
919 3643 1072 3723 dignitatis,
1094 3644 1140 3701 vel
1160 3641 1235 3701 onii·

148 3749 201 3814 nia,
221 3747 401 3816 detrimento,
421 3748 481 3806 auia
501 3749 659 3808 renuntiare
682 3735 864 3824 privilegiia.⁶
904 3743 936 3802 Si
957 3744 1137 3821 privilegium
1157 3739 1236 3798 tollat

283 3922 324 3985 (l)
344 3921 370 3970 S.
383 3921 457 3987 Alph.
470 3923 486 3971 1.
497 3923 513 3972 i.
525 3937 580 3986 app.
592 3925 615 3969 2.
627 3920 657 3971 de
668 3921 729 3985 priv.
743 3935 784 3968 xv.

277 4006 317 4072 (2)
331 4005 395 4071 Cap.
405 4005 464 4056 oiim
474 4005 505 4055 dc
517 4006 607 4054 verbor.
618 4004 701 4066 signif.
711 4012 736 4053 ct
747 4003 795 4064 lag.
807 4000 850 4053 uit.
862 3999 893 4049 do
909 4005 988 4048 const·
1001 3996 1107 4062 princip.

283 4093 327 4157 (3)
346 4091 371 4140 S.
380 4091 502 4157 Alphona
515 4092 569 4142 icoo
580 4105 654 4156 cupra
666 4089 707 4141 cit.
717 4105 743 4139 n.
755 4088 804 4138 viii.
998 4075 1001 4082 ¹

283 4176 326 4241 (4)
345 4175 407 4239 Rag.
413 4176 477 4242 juria
488 4175 531 4227 nit.
542 4173 568 4225 ff.
580 4172 610 4226 de
620 4171 718 4226 conatii.

283 4259 327 4326 (5)
345 4258 407 4326 Cap.
419 4262 442 4308 6.
454 4259 484 4310 de
491 4257 644 4327 privilegiis.

285 4344 327 4409 (6)
347 4344 412 4394 Vide
424 4343 450 4392 S.
462 4344 539 4411 Alph.
550 4344 654 4411 append.
668 4342 699 4394 11.
710 4343 741 4394 de
752 4340 933 4410 privilegiiac.
944 4338 962 4388 i.
970 4353 995 4387 n.
1007 4336 1041 4386 iii.
