2744 4980
491 1102 634 1164 CAPUT
655 1105 712 1165 111.

333 1330 371 1369 ltu
394 1331 529 1371 PECCATO
550 1333 683 1374 ttott'ttu
703 1334 743 1374 ΕΤ
763 1334 898 1373 vitutem.

102 1510 153 1563 28.
176 1507 344 1566 Psccnumt
357 1508 483 1568 mortale
503 1510 605 1570 dicitur
624 1532 641 1569 a
663 1521 752 1570 morte
765 1515 866 1571 anime
880 1529 943 1584 que
963 1510 1020 1571 Dei
1034 1511 1158 1569 amicitia

61 1604 189 1680 privatur
199 1607 235 1664 ob
248 1626 363 1683 gravem
376 1608 449 1685 legis
463 1602 726 1686 transgressionem,
740 1621 769 1668 et
781 1629 844 1684 quae
858 1619 968 1668 aeteruae
982 1612 1080 1669 mortis
1094 1627 1157 1666 sen·

62 1704 159 1761 teutiae
186 1706 327 1783 subjacet:
351 1707 522 1784 “stipendia
548 1710 656 1785 peceati
681 1708 807 1767 mors.''¹
854 1707 973 1767 Venlale
998 1717 1156 1784 peceatum,

62 1799 151 1858 veluti
166 1805 278 1862 veniam
291 1807 518 1882 impetraturum,
531 1806 633 1865 dicitur
646 1808 845 1881 quodcumque
858 1808 916 1884 legi
935 1807 1040 1866 divinae
1059 1806 1159 1865 leviter

59 1896 252 1971 disoonvenit,
275 1915 303 1961 et
325 1907 429 1964 minuit
450 1906 570 1964 caritatis
593 1906 733 1975 ardorem,
757 1909 827 1981 quin
840 1926 903 1965 eam
917 1906 1071 1983 extinguat.
1113 1904 1158 1962 De

59 2013 96 2054 eo
109 1997 190 2071 loqui
199 2001 264 2077 jure
278 2005 386 2079 optimo
399 2014 530 2064 censetur
551 2005 644 2064 Divus
664 2005 783 2075 Paulus,
803 2006 885 2083 ligni,
899 2006 977 2072 sesni,
991 2005 1158 2082 stipulaeque

60 2097 242 2168 nominibus
263 2119 325 2173 quae
355 2102 403 2176 qui
429 2103 612 2163 fundamento
638 2105 776 2184 injecerit,
802 2104 1002 2164 detrimentum
1028 2104 1158 2182 patietur,

61 2196 179 2255 nonnisi
203 2202 370 2278 perignem
393 2203 480 2262 veluti
503 2197 674 2263 evasurus:²
706 2214 734 2261 et
756 2204 911 2280 Apostolus
932 2202 1074 2261 lacobus:
1097 2201 1158 2258 “in
1226 2242 1238 2265 .

60 2295 161 2355 multis
173 2298 250 2356 euim
264 2299 435 2359 offendimus
446 2321 546 2360 omues
555 2295 601 2359 :'’³
620 2322 673 2362 neo
683 2303 759 2360 euim
773 2321 874 2362 omnes
893 2301 1031 2361 lethaliter
1040 2318 1158 2378 peceare

60 2393 203 2454 videntur.
224 2397 392 2458 Discrimerr
403 2403 475 2459 inter
488 2413 639 2476 utrumque
653 2420 690 2459 ex
702 2420 798 2460 rerum
811 2411 909 2459 natura
921 2396 1078 2467 derivatum
1092 2408 1158 2457 suut

59 2497 139 2554 enim
155 2495 283 2569 quedam
296 2517 348 2574 per
367 2518 397 2557 se
417 2501 505 2569 leves,
520 2519 583 2572 quae
602 2520 660 2559 nou
680 2511 824 2558 merentur
843 2518 956 2579 poenam
969 2510 1113 2567 aeternam,
1128 2499 1158 2556 in

59 2596 114 2653 hae
128 2595 229 2652 saltem
244 2614 337 2655 rerum
353 2618 439 2671 quam
453 2601 549 2657 statuit
567 2599 648 2657 Deus
668 2599 850 2658 conditione:
872 2611 1044 2674 quapropter
1057 2597 1156 2655 meriti

60 2694 196 2755 damnata
208 2705 251 2751 est
264 2695 329 2773 Baji
349 2700 522 2774 propositio:
546 2698 684 2757 “nullum
707 2708 750 2757 est
769 2707 916 2774 peceatum
936 2714 972 2753 ex
996 2707 1093 2753 natura
1106 2713 1157 2751 sua

60 2794 184 2854 veniale:
200 2793 343 2852 eodemne
351 2807 481 2872 pecatum
497 2808 617 2855 meretur
625 2815 739 2873 poenam
753 2791 933 2853 aeternam.'’⁴
953 2793 1103 2869 Explosus
1113 2802 1157 2849 est

60 2895 141 2952 enim
155 2911 232 2952 error
246 2893 363 2951 Lutheri
378 2896 454 2953 haud
468 2876 615 2963 absimilis,
630 2896 679 2970 qui
693 2894 801 2953 seilicet
814 2893 910 2951 docuit
928 2903 1043 2969 peecata
1062 2893 1158 2949 omnia

64 2993 201 3052 fidelibus
225 3010 287 3049 esse
311 2995 442 3062 venialia,
469 3004 565 3070 utpote
590 2996 627 3053 ob
650 2993 736 3051 fidem
759 2994 841 3050 venia
863 2992 974 3058 donata,
998 2989 1157 3049 infidelibus

61 3093 129 3151 verb
160 3092 297 3151 mortalia.
340 3093 451 3151 Ducem
479 3102 592 3151 secutus
625 3103 668 3151 est
701 3092 850 3157 Calvinus,
878 3091 975 3148 electis
1002 3090 1097 3147 omnia
1117 3091 1157 3164 ig·

60 3190 206 3251 noscenda
228 3189 344 3258 doeens,
359 3194 486 3268 reprobis
507 3194 604 3251 omnia
618 3194 647 3250 in
667 3201 787 3250 mortem
807 3207 930 3246 cessura.
972 3187 1017 3244 De
1029 3187 1074 3243 his
1089 3186 1156 3243 alias

63 3286 206 3368 egimus.⁵

101 3394 153 3448 29.
175 3388 295 3447 Constat
309 3398 327 3423 ‘⁶
339 3387 373 3445 ad
384 3399 531 3465 peceatum
544 3389 662 3446 mortale
676 3385 782 3457 requiri
795 3384 915 3441 omnino
925 3382 1081 3458 perfectum
1091 3400 1157 3440 con·

61 3508 192 3556 sensum,
207 3490 267 3545 sive
281 3487 512 3549 deliberationem
527 3475 726 3545 voluntatis.”⁶
766 3485 901 3542 Attamen
921 3482 1079 3539 consentire
1093 3499 1158 3540 cen·

61 3600 142 3646 setur
153 3590 203 3661 qui
217 3587 373 3644 voluntarie
386 3589 468 3664 ponit
480 3606 606 3652 causam,
620 3603 658 3642 ex
671 3602 727 3657 qua
740 3582 902 3640 necessario
915 3580 1033 3639 effectus
1052 3582 1157 3640 oritur:

61 3690 104 3745 sic
119 3687 261 3746 consentit
273 3687 302 3744 in
316 3687 501 3762 pollutionem
518 3687 567 3758 qui
587 3685 707 3743 libenter
720 3683 886 3741 immoratur
899 3682 930 3739 in
944 3683 1070 3759 turpibus
1083 3683 1160 3757 cogi·

61 3788 225 3854 tatiouibus,
239 3805 302 3858 quae
317 3786 485 3862 plerumque
499 3804 561 3841 eam
576 3784 724 3851 inducunt,
735 3782 780 3840 vel
791 3783 840 3854 qui
851 3781 1015 3839 familiarius
1023 3780 1080 3854 agit
1093 3797 1158 3836 oum

99 3977 142 4038 (l)
164 3973 234 4022 Rom.
249 3973 329 4024 vies.
614 3971 653 4034 (2)
677 3967 758 4017 icor.
772 3967 805 4016 iii.
819 3970 864 4016 15.·

100 4061 142 4121 (3)
163 4058 216 4107 Jnc.
226 4059 260 4107 iii.
273 4062 298 4106 2.
615 4057 654 4117 (cl)
676 4054 748 4116 Prop.
761 4066 801 4099 xx.

99 4147 140 4207 (5)
159 4145 248 4206 Dogm.
260 4143 348 4192 Theoi.
362 4152 379 4192 t.
391 4142 416 4192 ii.
428 4149 495 4192 treet.
508 4140 559 4189 viii.
570 4155 591 4188 o.
604 4154 629 4189 x.
641 4144 655 4198 ξ
666 4139 690 4187 ii.
710 4137 773 4186 Vide
785 4143 809 4185 et
820 4143 887 4184 tract
907 4133 1013 4194 Anglico
1025 4148 1136 4183 sermone
1148 4151 1162 4182 a

64 4245 102 4276 ine
117 4243 195 4291 nuper
204 4228 312 4277 editum:
331 4235 346 4258 ¹⁴
355 4225 411 4275 The
424 4224 537 4274 Catholie
549 4220 666 4272 Doctrina
677 4236 710 4271 on
719 4219 894 4275 Jueuficeuon,
906 4233 927 4267 c.
940 4218 1007 4267 xviii.

100 4318 142 4378 (6)
163 4314 189 4361 8.
198 4315 218 4361 A
227 4315 273 4378 tph·
283 4315 297 4363 Ι.
310 4329 332 4360 r.
343 4320 411 4362 treet.
422 4312 453 4360 de
464 4326 530 4375 peoc.
538 4325 559 4360 e.
572 4309 588 4358 i.
598 4308 656 4358 dub.
665 4307 681 4356 i.
693 4322 721 4357 n.
732 4309 756 4357 b.

611 4388 670 4444 26*
