2744 4980
372 409 660 470 nnteuccauts
681 409 968 470 CAPITALIBUS.
1158 419 1216 472 299

87 636 96 649 .
126 578 203 635 tione
217 578 353 641 materiae,
374 575 409 633 de
431 576 572 647 qusquis
593 575 735 652 gloriatur,
748 586 817 653 puta
836 594 925 648 quum
946 577 1010 649 quis
1030 540 1227 657 gloriatur·

125 677 225 749 aliquo
247 675 330 741 salso,
354 674 432 747 quod
452 676 635 732 contrariatur
655 674 758 733 divinae
780 677 953 743 reverentiae,
973 675 1130 734 secundum
1151 677 1220 734 illud

126 774 240 834 Erech.
255 775 356 832 xxviii.
388 774 559 832 ‘Elevatum
573 785 617 832 est
629 784 781 842 cortuum,
795 785 824 832 et
833 775 941 834 dixisti.
970 775 1051 833 Deus
1065 794 1119 852 ego
1132 775 1218 834 sum-⁹

127 875 167 934 Et
183 879 196 931 l
214 873 250 930 ad
260 873 331 931 Cor.
346 875 384 930 iv.
406 872 504 940 ‘Quid
517 871 604 930 habes
617 873 694 945 quod
714 892 772 932 non
793 875 951 952 accepisti?
981 875 1014 932 Si
1029 885 1121 933 autem
1141 892 1220 933 acce·

126 975 206 1051 pisti,
220 973 289 1045 quid
302 972 431 1049 gloriaris
442 973 524 1045 quasi
534 991 592 1031 non
607 974 749 1049 acceperis
760 973 782 1029 l’
805 974 860 1032 Vel
870 975 956 1032 etiam
967 992 1032 1032 cum
1041 975 1104 1047 quis
1114 975 1220 1032 bonum

128 1070 296 1148 temporale,
311 1071 345 1127 de
360 1090 419 1144 quo
430 1072 575 1148 gloriatur,
589 1072 702 1148 prefert
716 1069 828 1130 Deo.'’¹

168 1176 219 1229 tu.
251 1170 453 1229 lnobedientie
481 1183 627 1246 peceatum
651 1173 791 1248 superbia
814 1172 914 1230 vitium
940 1190 1016 1247 saepe
1040 1175 1222 1251 conjunctum

128 1271 224 1336 habet,
239 1269 354 1341 quaudo
367 1271 476 1327 scilicet
487 1272 631 1345 spernitur
643 1272 782 1345 superior,
797 1273 916 1349 ejusque
930 1272 1090 1329 auctoritas.
1124 1282 1144 1307 “
1156 1272 1223 1329 Ela-

128 1372 169 1428 tio
182 1370 392 1429 contemnentis
472 1371 613 1427 convertit
630 1371 660 1429 in
673 1371 788 1427 crimen
809 1371 902 1447 gravis
923 1370 1085 1428 rebellionis
1109 1389 1220 1428 nevum

128 1467 305 1526 satislevem
319 1469 459 1545 simplicis
481 1468 746 1545 transgressionis.”
788 1469 831 1527 lta
851 1463 1039 1526 Bemardus.2
1079 1468 1223 1527 Ceterum

130 1587 188 1626 non
202 1566 363 1626 censendus
380 1576 425 1624 est
436 1587 553 1644 semper
566 1569 720 1645 superioris
734 1569 923 1625 auctoritatem
938 1586 1083 1644 spernere,
1098 1571 1147 1640 qui
1161 1571 1224 1646 ejus

129 1668 300 1725 exercitium
313 1668 490 1739 aliquatenus
511 1668 656 1744 inculpat:
677 1666 815 1743 contingit
832 1668 910 1725 enim
925 1666 1075 1739 aliquando
1089 1686 1183 1725 mores
1197 1677 1225 1724 et

127 1768 212 1843 jussa
237 1767 393 1842 superioris
424 1766 604 1843 parvipendi,
629 1767 697 1839 quin
718 1767 781 1842 ipsa
807 1766 958 1824 auctoritas
980 1768 1155 1841 contemptui
1178 1766 1226 1822 ha·

132 1867 243 1922 beatur.

173 1968 223 2021 41.
245 1963 384 2022 Jactantia
398 1975 442 2021 est
455 1965 546 2021 inanis
560 1974 589 2021 et
610 1964 693 2021 stulta
714 1967 835 2040 propria
856 1964 1031 2021 excellentie
1052 1965 1225 2040 pradicatio.

134 2063 192 2121 Est
214 2063 381 2138 plerumque
395 2063 516 2120 venialis
540 2064 638 2138 culpa;
659 2064 784 2121 mortalis
807 2073 902 2121 tamen
924 2063 947 2119 si
971 2081 1085 2139 gravem
1108 2065 1226 2122 aliorum

132 2172 329 2238 contemptum
341 2164 528 2240 conjunctum
543 2162 652 2228 habeat,
666 2163 713 2220 vel
726 2181 841 2239 gravem
854 2162 945 2240 pariat
956 2161 1156 2221 offensionem.
1178 2163 1227 2220 Sic

133 2262 292 2338 phariseus
304 2280 356 2325 sua
364 2262 477 2337 jactans
491 2279 589 2337 opera,
601 2273 630 2318 et
640 2262 821 2337 publicanum
832 2278 978 2337 spernens,
993 2260 1058 2318 Deo
1076 2261 1228 2339 admodum

134 2353 307 2437 displicuit³
1224 2418 1231 2427 „

175 2464 225 2519 42.
248 2458 421 2536 Hypocrisis
435 2470 479 2516 est
491 2460 568 2517 fictio
582 2478 639 2532 qua
658 2458 723 2530 quis
736 2461 869 2519 virtutum
883 2442 1007 2518 siudium
1022 2470 1051 2517 et
1063 2461 1228 2518 exercitium

135 2559 261 2619 simulat.
304 2559 433 2616 Venialis
453 2568 506 2626 est,
530 2561 555 2617 si
579 2561 643 2630 quis
665 2569 773 2617 tantum
795 2560 891 2636 cupiat
912 2558 1019 2617 laudari
1033 2571 1061 2617 ct
1083 2561 1243 2626 aestimaris

134 2661 242 2731 absque
256 2659 375 2717 aliorum
389 2657 503 2726 damno,
527 2659 571 2715 vel
592 2659 737 2735 religionis
757 2658 913 2716 dedecore:
937 2659 1061 2716 mortalis
1083 2670 1188 2722 autem,
1203 2659 1227 2713 si

137 2759 203 2816 ideo
216 2758 334 2815 simulet
348 2758 479 2832 pietatem
494 2771 525 2815 ut
538 2759 668 2815 haeresim
683 2760 816 2823 insinuet,
831 2757 875 2813 vel
896 2759 1074 2814 innocentem
1090 2757 1118 2813 in
1133 2775 1231 2833 pecea-

136 2868 195 2915 tum
211 2857 335 2915 inducat.
359 2866 377 2890 ‘⁶
390 2856 459 2913 Non
474 2875 588 2933 semper
601 2858 663 2932 ipsa
675 2858 820 2914 simulatio
833 2863 877 2911 est
889 2856 915 2912 ei
929 2866 1087 2930 peccatum,
1102 2855 1230 2919 mortale,

135 2956 187 3015 sed
201 2956 373 3030 quandoque
387 2954 507 3013 veniale.
552 2955 636 3022 Quod
657 2954 875 3013 discernendum
897 2963 940 3010 est
958 2973 994 3011 ex
1009 2954 1075 3022 fine,
1090 2955 1176 3027 quisi
1190 2974 1232 3012 re-

137 3067 246 3134 pugnet
259 3055 384 3113 charitati
400 3055 456 3112 Dei
471 3057 515 3113 vel
536 3057 671 3135 proximi,
692 3056 745 3112 erit
764 3064 911 3131 peecatum
930 3054 1065 3121 mortale;
1086 3062 1154 3132 puta
1167 3073 1232 3112 cum

136 3150 455 3222 simulat²ianetitatem
472 3167 501 3211 ut
516 3156 614 3212 salsam
636 3156 791 3213 doctrinam
804 3155 981 3221 disseminet,
995 3154 1040 3210 vel
1053 3163 1084 3210 ut
1097 3154 1235 3229 adipisca-

136 3270 181 3312 tur
195 3254 359 3330 dignitatem
375 3254 598 3312 ecclesiasticam
621 3254 764 3331 indignus,
785 3254 830 3310 vel
851 3269 1038 3325 quaecumquc
1060 3253 1114 3309 alia
1127 3263 1234 3326 tempo-

135 3355 206 3412 ralia
226 3354 309 3419 bona,
332 3355 360 3410 in
379 3354 484 3424 ortibus
498 3355 585 3411 finem
607 3354 761 3411 constituit.
804 3353 836 3409 Si
857 3369 925 3408 vero
947 3351 1011 3407 finis
1035 3351 1156 3408 intentus
1178 3369 1235 3407 non

134 3465 278 3529 repugnet
290 3453 428 3517 charitati,
451 3455 505 3510 erit
523 3463 668 3529 peceatum
691 3452 811 3519 veniale,
834 3462 902 3527 puta
922 3469 986 3509 cum
1007 3450 1109 3521 aliquis
1130 3451 1159 3507 in
1173 3451 1236 3525 ipsa

136 3553 252 3610 fictione
266 3551 467 3610 delectatur.''⁴
1132 3628 1136 3635 .

177 3656 227 3708 43.
250 3649 405 3708 contentio
419 3663 463 3709 est
477 3650 639 3709 inordinata
659 3652 808 3708 verborum
822 3666 917 3727 pugna
929 3650 1004 3708 circa
1016 3667 1125 3709 verum.
1167 3649 1237 3707 Pro·

136 3751 251 3807 hibetur
264 3751 297 3807 ab
318 3751 477 3827 Apostolos
501 3751 606 3809 “Noli
628 3750 800 3809 contendere
815 3745 958 3808 verbis.”⁵
998 3750 1062 3806 “Si
1084 3748 1237 3823 accipiatur

137 3852 294 3917 contentio,
310 3850 467 3908 seeundum
482 3851 560 3923 quod
580 3851 722 3927 importat
736 3851 979 3929 impugnationem
993 3849 1127 3913 veritatis,
1148 3858 1176 3902 et
1198 3849 1237 3903 in·

138 3948 266 4007 debitum
286 3950 413 4015 modum,
438 3952 479 4008 sic
503 3963 547 4006 est
568 3931 719 4026 peccaturi
741 3949 921 4006 mortale...
937 3947 961 4002 si
981 3955 1074 4002 autem
1095 3938 1238 4002 contentio

138 4047 249 4106 dicatur
263 4050 439 4128 impugnatio
453 4049 583 4106 salsitatis
609 4068 674 4106 cum
695 4050 789 4107 debito
810 4046 896 4104 modo
917 4045 1095 4102 acrimoniae:
1117 4045 1157 4100 sie
1172 4064 1237 4102 eon·

240 4225 283 4288 (l)
304 4223 322 4271 S
342 4224 432 4273 Thom.
446 4228 469 4271 2.
483 4227 506 4271 2.
520 4239 560 4286 qu.
573 4223 664 4272 cxxxii.
677 4230 721 4271 art
733 4221 767 4271 iii.
780 4220 854 4287 Καρ

242 4308 284 4373 tQ)
305 4306 333 4355 1„
345 4308 375 4356 dc
384 4325 452 4371 prece.
464 4318 488 4356 et
500 4307 561 4370 disp.
574 4324 593 4355 c.
608 4308 642 4355 xi.
880 4305 923 4369 (3)
943 4302 1004 4353 Luc.
1018 4303 1085 4352 xviii.
1101 4306 1137 4351 ll.

239 4394 281 4458 (4)
303 4396 325 4442 2.
338 4393 360 4442 2.
374 4410 413 4457 qu.
428 4395 457 4443 vi.
470 4403 513 4442 art.
524 4394 556 4441 iv.
568 4396 592 4441 in
605 4407 669 4456 corp.
873 4391 913 4455 (5)
933 4391 949 4440 2
967 4387 1025 4438 Tim
1047 4389 1071 4442 ii.
1087 4391 1125 4437 ll.

1294 4306 1358 4702 l
