<?xml version="1.0" encoding="UTF-8"?>
<!DOCTYPE html PUBLIC "-//W3C//DTD XHTML 1.0 Transitional//EN"
    "http://www.w3.org/TR/xhtml1/DTD/xhtml1-transitional.dtd">
<html xmlns="http://www.w3.org/1999/xhtml" xml:lang="en" lang="en">
 <head>
  <title>
</title>
<meta http-equiv="Content-Type" content="text/html;charset=utf-8" />
  <meta name='ocr-system' content='tesseract 3.04.00' />
  <meta name='ocr-capabilities' content='ocr_page ocr_carea ocr_par ocr_line ocrx_word'/>
</head>
<body>
  <div class='ocr_page' id='page_1' title='image "./theologiaemoral00kenrgoog_0270.png"; bbox 0 0 2766 4996; ppageno 0'>
   <div class='ocr_carea' id='block_1_1' title="bbox 500 432 1160 502">
    <p class='ocr_par' dir='ltr' id='par_1_1' title="bbox 500 432 1160 502">
     <span class='ocr_line' id='line_1_1' title="bbox 500 432 1160 502; baseline -0.005 -9"><span class='ocrx_word' id='word_1_1' title='bbox 500 432 557 493; x_wconf 84' lang='lat' dir='ltr'>DE</span> <span class='ocrx_word' id='word_1_2' title='bbox 578 432 725 494; x_wconf 87' lang='lat' dir='ltr'><strong>BELLO.</strong></span> <span class='ocrx_word' id='word_1_3' title='bbox 1100 447 1160 502; x_wconf 75' lang='lat'>249</span> 
     </span>
    </p>
   </div>
   <div class='ocr_carea' id='block_1_2' title="bbox 62 596 1170 3924">
    <p class='ocr_par' dir='ltr' id='par_1_2' title="bbox 62 596 1159 1949">
     <span class='ocr_line' id='line_1_2' title="bbox 102 596 1158 682; baseline 0.009 -28"><span class='ocrx_word' id='word_1_4' title='bbox 102 602 151 654; x_wconf 78' lang='lat'>24.</span> <span class='ocrx_word' id='word_1_5' title='bbox 173 597 318 673; x_wconf 91' lang='lat' dir='ltr'>Principis</span> <span class='ocrx_word' id='word_1_6' title='bbox 332 597 459 674; x_wconf 87' lang='lat' dir='ltr'>supremi</span> <span class='ocrx_word' id='word_1_7' title='bbox 479 596 647 672; x_wconf 90' lang='lat' dir='ltr'>plerumque</span> <span class='ocrx_word' id='word_1_8' title='bbox 667 606 710 656; x_wconf 92' lang='lat' dir='ltr'>est</span> <span class='ocrx_word' id='word_1_9' title='bbox 728 599 834 658; x_wconf 89' lang='lat' dir='ltr'>bellum</span> <span class='ocrx_word' id='word_1_10' title='bbox 848 600 994 660; x_wconf 79' lang='lat' dir='ltr'><strong>indicere:</strong></span> <span class='ocrx_word' id='word_1_11' title='bbox 1016 603 1068 661; x_wconf 89' lang='lat' dir='ltr'>sed</span> <span class='ocrx_word' id='word_1_12' title='bbox 1082 606 1158 682; x_wconf 90' lang='lat' dir='ltr'>apud</span> 
     </span>
     <span class='ocr_line' id='line_1_3' title="bbox 62 694 1155 783; baseline 0.007 -30"><span class='ocrx_word' id='word_1_13' title='bbox 62 713 116 753; x_wconf 89' lang='lat' dir='ltr'>nos</span> <span class='ocrx_word' id='word_1_14' title='bbox 129 706 230 783; x_wconf 74' lang='lat' dir='ltr'>¹cretus</span> <span class='ocrx_word' id='word_1_15' title='bbox 254 697 387 772; x_wconf 87' lang='lat' dir='ltr'>Supremi</span> <span class='ocrx_word' id='word_1_16' title='bbox 409 694 637 771; x_wconf 88' lang='lat' dir='ltr'>legumlatorum,</span> <span class='ocrx_word' id='word_1_17' title='bbox 664 716 751 770; x_wconf 89' lang='lat' dir='ltr'>quem</span> <span class='ocrx_word' id='word_1_18' title='bbox 778 698 985 778; x_wconf 83' lang='lat' dir='ltr'>Congressum</span> <span class='ocrx_word' id='word_1_19' title='bbox 1009 720 1155 762; x_wconf 85' lang='lat' dir='ltr'>vocamus.</span> 
     </span>
     <span class='ocr_line' id='line_1_4' title="bbox 62 792 1158 873; baseline 0.009 -23"><span class='ocrx_word' id='word_1_20' title='bbox 62 792 225 852; x_wconf 86' lang='lat' dir='ltr'>Consuevit</span> <span class='ocrx_word' id='word_1_21' title='bbox 243 795 312 854; x_wconf 91' lang='lat' dir='ltr'>olim</span> <span class='ocrx_word' id='word_1_22' title='bbox 332 795 439 853; x_wconf 91' lang='lat' dir='ltr'>bellum</span> <span class='ocrx_word' id='word_1_23' title='bbox 452 795 617 854; x_wconf 89' lang='lat' dir='ltr'>solemniter</span> <span class='ocrx_word' id='word_1_24' title='bbox 636 795 734 864; x_wconf 89' lang='lat' dir='ltr'>iudici,</span> <span class='ocrx_word' id='word_1_25' title='bbox 755 807 908 870; x_wconf 78' lang='lat' dir='ltr'><strong>antequam</strong></span> <span class='ocrx_word' id='word_1_26' title='bbox 928 798 998 873; x_wconf 93' lang='lat' dir='ltr'>quid</span> <span class='ocrx_word' id='word_1_27' title='bbox 1017 801 1099 860; x_wconf 85' lang='lat' dir='ltr'>fieret</span> <span class='ocrx_word' id='word_1_28' title='bbox 1111 802 1158 859; x_wconf 91' lang='lat' dir='ltr'>ad·</span> 
     </span>
     <span class='ocr_line' id='line_1_5' title="bbox 63 893 1156 968; baseline 0.008 -19"><span class='ocrx_word' id='word_1_29' title='bbox 63 911 196 951; x_wconf 85' lang='lat' dir='ltr'>versum:</span> <span class='ocrx_word' id='word_1_30' title='bbox 219 895 268 966; x_wconf 91' lang='lat' dir='ltr'>qui</span> <span class='ocrx_word' id='word_1_31' title='bbox 288 913 351 953; x_wconf 91' lang='lat' dir='ltr'>mos</span> <span class='ocrx_word' id='word_1_32' title='bbox 365 893 477 952; x_wconf 83' lang='lat' dir='ltr'>saeoulis</span> <span class='ocrx_word' id='word_1_33' title='bbox 496 893 599 952; x_wconf 90' lang='lat' dir='ltr'>mediis</span> <span class='ocrx_word' id='word_1_34' title='bbox 618 896 737 961; x_wconf 85' lang='lat' dir='ltr'>omnino</span> <span class='ocrx_word' id='word_1_35' title='bbox 757 898 936 957; x_wconf 88' lang='lat' dir='ltr'>necessarius</span> <span class='ocrx_word' id='word_1_36' title='bbox 958 898 1072 958; x_wconf 90' lang='lat' dir='ltr'>habitus</span> <span class='ocrx_word' id='word_1_37' title='bbox 1095 911 1156 968; x_wconf 79' lang='lat' dir='ltr'>est3</span> 
     </span>
     <span class='ocr_line' id='line_1_6' title="bbox 63 990 1157 1079; baseline 0.01 -32"><span class='ocrx_word' id='word_1_38' title='bbox 63 990 115 1048; x_wconf 83' lang='lat' dir='ltr'>sed</span> <span class='ocrx_word' id='word_1_39' title='bbox 124 994 186 1069; x_wconf 83' lang='lat' dir='ltr'>jam</span> <span class='ocrx_word' id='word_1_40' title='bbox 200 991 235 1050; x_wconf 89' lang='lat' dir='ltr'>ad</span> <span class='ocrx_word' id='word_1_41' title='bbox 249 1012 328 1052; x_wconf 90' lang='lat' dir='ltr'>arma</span> <span class='ocrx_word' id='word_1_42' title='bbox 340 991 507 1068; x_wconf 87' lang='lat' dir='ltr'>confugiunt</span> <span class='ocrx_word' id='word_1_43' title='bbox 519 1002 628 1069; x_wconf 78' lang='lat' dir='ltr'>gentes,</span> <span class='ocrx_word' id='word_1_44' title='bbox 649 995 728 1053; x_wconf 90' lang='lat' dir='ltr'>nullo</span> <span class='ocrx_word' id='word_1_45' title='bbox 747 999 855 1072; x_wconf 73' lang='lat' dir='ltr'>praevio</span> <span class='ocrx_word' id='word_1_46' title='bbox 875 996 990 1064; x_wconf 90' lang='lat' dir='ltr'>indicio,</span> <span class='ocrx_word' id='word_1_47' title='bbox 1008 999 1065 1057; x_wconf 91' lang='lat' dir='ltr'>nisi</span> <span class='ocrx_word' id='word_1_48' title='bbox 1077 1018 1157 1079; x_wconf 89' lang='lat' dir='ltr'>repa·</span> 
     </span>
     <span class='ocr_line' id='line_1_7' title="bbox 63 1091 1157 1170; baseline 0.007 -23"><span class='ocrx_word' id='word_1_49' title='bbox 63 1091 181 1148; x_wconf 85' lang='lat' dir='ltr'>rationis</span> <span class='ocrx_word' id='word_1_50' title='bbox 200 1092 311 1168; x_wconf 76' lang='lat' dir='ltr'>injurias</span> <span class='ocrx_word' id='word_1_51' title='bbox 334 1093 481 1169; x_wconf 90' lang='lat' dir='ltr'>petitione,</span> <span class='ocrx_word' id='word_1_52' title='bbox 504 1110 567 1164; x_wconf 83' lang='lat' dir='ltr'>quae</span> <span class='ocrx_word' id='word_1_53' title='bbox 589 1094 741 1165; x_wconf 85' lang='lat' dir='ltr'>requiritur</span> <span class='ocrx_word' id='word_1_54' title='bbox 763 1112 799 1153; x_wconf 88' lang='lat' dir='ltr'>ns</span> <span class='ocrx_word' id='word_1_55' title='bbox 822 1093 944 1154; x_wconf 89' lang='lat' dir='ltr'>bellandi</span> <span class='ocrx_word' id='word_1_56' title='bbox 965 1095 1078 1156; x_wconf 85' lang='lat' dir='ltr'>libidini</span> <span class='ocrx_word' id='word_1_57' title='bbox 1093 1096 1157 1170; x_wconf 82' lang='lat' dir='ltr'>quis</span> 
     </span>
     <span class='ocr_line' id='line_1_8' title="bbox 63 1184 1157 1269; baseline 0.008 -24"><span class='ocrx_word' id='word_1_58' title='bbox 63 1188 210 1265; x_wconf 85' lang='lat' dir='ltr'>indulgere</span> <span class='ocrx_word' id='word_1_59' title='bbox 224 1184 374 1249; x_wconf 83' lang='lat' dir='ltr'>videatur.¹</span> <span class='ocrx_word' id='word_1_60' title='bbox 415 1189 525 1247; x_wconf 86' lang='lat' dir='ltr'>indicto</span> <span class='ocrx_word' id='word_1_61' title='bbox 538 1191 584 1248; x_wconf 89' lang='lat' dir='ltr'>vel</span> <span class='ocrx_word' id='word_1_62' title='bbox 597 1201 692 1269; x_wconf 81' lang='lat' dir='ltr'>coepto</span> <span class='ocrx_word' id='word_1_63' title='bbox 704 1193 789 1262; x_wconf 87' lang='lat' dir='ltr'>bello,</span> <span class='ocrx_word' id='word_1_64' title='bbox 804 1195 880 1252; x_wconf 86' lang='lat' dir='ltr'>cives</span> <span class='ocrx_word' id='word_1_65' title='bbox 894 1211 994 1252; x_wconf 91' lang='lat' dir='ltr'>omnes</span> <span class='ocrx_word' id='word_1_66' title='bbox 1008 1197 1157 1268; x_wconf 88' lang='lat' dir='ltr'>utriusque</span> 
     </span>
     <span class='ocr_line' id='line_1_9' title="bbox 63 1288 1157 1369; baseline 0.005 -24"><span class='ocrx_word' id='word_1_67' title='bbox 63 1289 156 1362; x_wconf 90' lang='lat' dir='ltr'>gentis</span> <span class='ocrx_word' id='word_1_68' title='bbox 171 1288 266 1346; x_wconf 90' lang='lat' dir='ltr'>hostes</span> <span class='ocrx_word' id='word_1_69' title='bbox 280 1293 353 1349; x_wconf 89' lang='lat' dir='ltr'>inter</span> <span class='ocrx_word' id='word_1_70' title='bbox 365 1307 397 1346; x_wconf 91' lang='lat' dir='ltr'>se</span> <span class='ocrx_word' id='word_1_71' title='bbox 411 1289 565 1347; x_wconf 88' lang='lat' dir='ltr'>habentur:</span> <span class='ocrx_word' id='word_1_72' title='bbox 587 1291 638 1349; x_wconf 89' lang='lat' dir='ltr'>sed</span> <span class='ocrx_word' id='word_1_73' title='bbox 652 1290 821 1368; x_wconf 89' lang='lat' dir='ltr'>plerumque</span> <span class='ocrx_word' id='word_1_74' title='bbox 834 1291 1004 1369; x_wconf 80' lang='lat' dir='ltr'>indulgetur,</span> <span class='ocrx_word' id='word_1_75' title='bbox 1018 1295 1113 1367; x_wconf 91' lang='lat' dir='ltr'>utqui</span> <span class='ocrx_word' id='word_1_76' title='bbox 1126 1297 1157 1352; x_wconf 91' lang='lat' dir='ltr'>in</span> 
     </span>
     <span class='ocr_line' id='line_1_10' title="bbox 63 1387 1157 1469; baseline 0.006 -25"><span class='ocrx_word' id='word_1_77' title='bbox 63 1387 180 1445; x_wconf 88' lang='lat' dir='ltr'>inimica</span> <span class='ocrx_word' id='word_1_78' title='bbox 191 1390 307 1464; x_wconf 85' lang='lat' dir='ltr'>regione</span> <span class='ocrx_word' id='word_1_79' title='bbox 321 1389 391 1447; x_wconf 86' lang='lat' dir='ltr'>sorte</span> <span class='ocrx_word' id='word_1_80' title='bbox 404 1396 561 1455; x_wconf 87' lang='lat' dir='ltr'>versantur,</span> <span class='ocrx_word' id='word_1_81' title='bbox 575 1389 707 1449; x_wconf 82' lang='lat' dir='ltr'>recedant</span> <span class='ocrx_word' id='word_1_82' title='bbox 719 1390 803 1448; x_wconf 87' lang='lat' dir='ltr'>rebus</span> <span class='ocrx_word' id='word_1_83' title='bbox 817 1391 933 1449; x_wconf 87' lang='lat' dir='ltr'>ablatis:</span> <span class='ocrx_word' id='word_1_84' title='bbox 955 1391 1033 1462; x_wconf 91' lang='lat' dir='ltr'>quod</span> <span class='ocrx_word' id='word_1_85' title='bbox 1045 1392 1157 1469; x_wconf 87' lang='lat' dir='ltr'>legibus</span> 
     </span>
     <span class='ocr_line' id='line_1_11' title="bbox 64 1480 1157 1566; baseline 0.006 -24"><span class='ocrx_word' id='word_1_86' title='bbox 64 1486 168 1543; x_wconf 89' lang='lat' dir='ltr'>nostris</span> <span class='ocrx_word' id='word_1_87' title='bbox 188 1496 321 1547; x_wconf 90' lang='lat' dir='ltr'>statutum</span> <span class='ocrx_word' id='word_1_88' title='bbox 334 1480 404 1554; x_wconf 58' lang='lat' dir='ltr'>est?</span> <span class='ocrx_word' id='word_1_89' title='bbox 411 1489 477 1564; x_wconf 90' lang='lat' dir='ltr'>jure</span> <span class='ocrx_word' id='word_1_90' title='bbox 491 1496 586 1545; x_wconf 91' lang='lat' dir='ltr'>tamen</span> <span class='ocrx_word' id='word_1_91' title='bbox 605 1487 747 1548; x_wconf 86' lang='lat' dir='ltr'>vindicato</span> <span class='ocrx_word' id='word_1_92' title='bbox 765 1508 783 1546; x_wconf 93' lang='lat' dir='ltr'>a</span> <span class='ocrx_word' id='word_1_93' title='bbox 803 1490 946 1566; x_wconf 89' lang='lat' dir='ltr'>Suprema</span> <span class='ocrx_word' id='word_1_94' title='bbox 959 1486 1048 1548; x_wconf 84' lang='lat' dir='ltr'>Curia</span> <span class='ocrx_word' id='word_1_95' title='bbox 1061 1490 1157 1549; x_wconf 89' lang='lat' dir='ltr'>alieni·</span> 
     </span>
     <span class='ocr_line' id='line_1_12' title="bbox 64 1584 1159 1666; baseline 0.005 -26"><span class='ocrx_word' id='word_1_96' title='bbox 64 1601 151 1658; x_wconf 87' lang='lat' dir='ltr'>genas</span> <span class='ocrx_word' id='word_1_97' title='bbox 161 1585 294 1645; x_wconf 89' lang='lat' dir='ltr'>inimicos</span> <span class='ocrx_word' id='word_1_98' title='bbox 307 1604 410 1659; x_wconf 91' lang='lat' dir='ltr'>resque</span> <span class='ocrx_word' id='word_1_99' title='bbox 424 1604 523 1645; x_wconf 89' lang='lat' dir='ltr'>eorum</span> <span class='ocrx_word' id='word_1_100' title='bbox 536 1587 701 1663; x_wconf 90' lang='lat' dir='ltr'>usurpandi,</span> <span class='ocrx_word' id='word_1_101' title='bbox 713 1590 739 1646; x_wconf 90' lang='lat' dir='ltr'>si</span> <span class='ocrx_word' id='word_1_102' title='bbox 749 1586 928 1666; x_wconf 83' lang='lat' dir='ltr'>Congressui</span> <span class='ocrx_word' id='word_1_103' title='bbox 941 1589 1035 1646; x_wconf 86' lang='lat' dir='ltr'>visum</span> <span class='ocrx_word' id='word_1_104' title='bbox 1049 1584 1159 1647; x_wconf 80' lang='lat' dir='ltr'>suerit³</span> 
     </span>
     <span class='ocr_line' id='line_1_13' title="bbox 65 1682 1157 1761; baseline 0.005 -23"><span class='ocrx_word' id='word_1_105' title='bbox 65 1682 136 1748; x_wconf 83' lang='lat' dir='ltr'>Quae</span> <span class='ocrx_word' id='word_1_106' title='bbox 151 1682 276 1743; x_wconf 92' lang='lat' dir='ltr'>hostium</span> <span class='ocrx_word' id='word_1_107' title='bbox 288 1703 375 1743; x_wconf 84' lang='lat' dir='ltr'>naves</span> <span class='ocrx_word' id='word_1_108' title='bbox 388 1686 418 1743; x_wconf 94' lang='lat' dir='ltr'>in</span> <span class='ocrx_word' id='word_1_109' title='bbox 438 1685 564 1761; x_wconf 90' lang='lat' dir='ltr'>portibus</span> <span class='ocrx_word' id='word_1_110' title='bbox 578 1697 734 1754; x_wconf 86' lang='lat' dir='ltr'>versantur,</span> <span class='ocrx_word' id='word_1_111' title='bbox 749 1688 889 1746; x_wconf 74' lang='lat' dir='ltr'>mercibus</span> <span class='ocrx_word' id='word_1_112' title='bbox 903 1696 1022 1753; x_wconf 73' lang='lat' dir='ltr'>onustae,</span> <span class='ocrx_word' id='word_1_113' title='bbox 1037 1698 1157 1744; x_wconf 78' lang='lat' dir='ltr'>ceteras·</span> 
     </span>
     <span class='ocr_line' id='line_1_14' title="bbox 64 1782 1157 1860; baseline 0.004 -23"><span class='ocrx_word' id='word_1_114' title='bbox 64 1799 120 1853; x_wconf 92' lang='lat' dir='ltr'>que</span> <span class='ocrx_word' id='word_1_115' title='bbox 134 1799 181 1839; x_wconf 91' lang='lat' dir='ltr'>res</span> <span class='ocrx_word' id='word_1_116' title='bbox 195 1782 322 1842; x_wconf 90' lang='lat' dir='ltr'>hostium</span> <span class='ocrx_word' id='word_1_117' title='bbox 336 1784 429 1842; x_wconf 91' lang='lat' dir='ltr'>solent</span> <span class='ocrx_word' id='word_1_118' title='bbox 442 1783 571 1852; x_wconf 84' lang='lat' dir='ltr'>detineri,</span> <span class='ocrx_word' id='word_1_119' title='bbox 585 1804 620 1842; x_wconf 91' lang='lat' dir='ltr'>ea</span> <span class='ocrx_word' id='word_1_120' title='bbox 632 1785 793 1844; x_wconf 88' lang='lat' dir='ltr'>conditione</span> <span class='ocrx_word' id='word_1_121' title='bbox 806 1793 838 1843; x_wconf 93' lang='lat' dir='ltr'>ut</span> <span class='ocrx_word' id='word_1_122' title='bbox 853 1786 878 1842; x_wconf 87' lang='lat' dir='ltr'>si</span> <span class='ocrx_word' id='word_1_123' title='bbox 892 1802 936 1842; x_wconf 91' lang='lat' dir='ltr'>res</span> <span class='ocrx_word' id='word_1_124' title='bbox 950 1794 1157 1860; x_wconf 90' lang='lat' dir='ltr'>componantur</span> 
     </span>
     <span class='ocr_line' id='line_1_15' title="bbox 64 1876 673 1949; baseline 0.002 -12"><span class='ocrx_word' id='word_1_125' title='bbox 64 1876 225 1949; x_wconf 90' lang='lat' dir='ltr'>reddantur,</span> <span class='ocrx_word' id='word_1_126' title='bbox 238 1901 321 1942; x_wconf 83' lang='lat' dir='ltr'>secus</span> <span class='ocrx_word' id='word_1_127' title='bbox 335 1881 526 1940; x_wconf 74' lang='lat' dir='ltr'>detinentibus</span> <span class='ocrx_word' id='word_1_128' title='bbox 539 1901 673 1940; x_wconf 75' lang='lat' dir='ltr'>cessure.</span> 
     </span>
    </p>

    <p class='ocr_par' dir='ltr' id='par_1_3' title="bbox 64 1978 1170 3137">
     <span class='ocr_line' id='line_1_16' title="bbox 105 1978 1170 2058; baseline 0.002 -25"><span class='ocrx_word' id='word_1_129' title='bbox 105 1981 156 2033; x_wconf 83' lang='lat'>25.</span> <span class='ocrx_word' id='word_1_130' title='bbox 178 1979 289 2040; x_wconf 92' lang='lat' dir='ltr'>Bellum</span> <span class='ocrx_word' id='word_1_131' title='bbox 303 1981 455 2056; x_wconf 90' lang='lat' dir='ltr'>aliquando</span> <span class='ocrx_word' id='word_1_132' title='bbox 467 1981 554 2038; x_wconf 89' lang='lat' dir='ltr'>licere</span> <span class='ocrx_word' id='word_1_133' title='bbox 574 1990 651 2058; x_wconf 91' lang='lat' dir='ltr'>patet</span> <span class='ocrx_word' id='word_1_134' title='bbox 670 1980 804 2056; x_wconf 84' lang='lat' dir='ltr'>exemplo</span> <span class='ocrx_word' id='word_1_135' title='bbox 823 1980 955 2047; x_wconf 74' lang='lat' dir='ltr'>Abrahae,</span> <span class='ocrx_word' id='word_1_136' title='bbox 970 1978 1075 2049; x_wconf 86' lang='lat' dir='ltr'>David,</span> <span class='ocrx_word' id='word_1_137' title='bbox 1090 1979 1170 2039; x_wconf 90' lang='lat' dir='ltr'>alio·.</span> 
     </span>
     <span class='ocr_line' id='line_1_17' title="bbox 65 2077 1158 2157; baseline 0.004 -25"><span class='ocrx_word' id='word_1_138' title='bbox 65 2094 186 2147; x_wconf 90' lang='lat' dir='ltr'>rumque</span> <span class='ocrx_word' id='word_1_139' title='bbox 198 2090 326 2137; x_wconf 87' lang='lat' dir='ltr'>veterum</span> <span class='ocrx_word' id='word_1_140' title='bbox 338 2089 510 2146; x_wconf 88' lang='lat' dir='ltr'>sanctorum,</span> <span class='ocrx_word' id='word_1_141' title='bbox 524 2080 599 2137; x_wconf 91' lang='lat' dir='ltr'>sicut</span> <span class='ocrx_word' id='word_1_142' title='bbox 617 2087 646 2136; x_wconf 91' lang='lat' dir='ltr'>et</span> <span class='ocrx_word' id='word_1_143' title='bbox 664 2096 702 2137; x_wconf 84' lang='lat' dir='ltr'>ex</span> <span class='ocrx_word' id='word_1_144' title='bbox 722 2080 884 2137; x_wconf 91' lang='lat' dir='ltr'>auctoritate</span> <span class='ocrx_word' id='word_1_145' title='bbox 906 2079 938 2136; x_wconf 83' lang='lat' dir='ltr'>S.</span> <span class='ocrx_word' id='word_1_146' title='bbox 952 2077 1074 2137; x_wconf 76' lang='lat' dir='ltr'>loannis</span> <span class='ocrx_word' id='word_1_147' title='bbox 1088 2096 1158 2157; x_wconf 78' lang='lat' dir='ltr'>pree·</span> 
     </span>
     <span class='ocr_line' id='line_1_18' title="bbox 64 2175 1158 2253; baseline 0.005 -23"><span class='ocrx_word' id='word_1_148' title='bbox 64 2176 199 2244; x_wconf 87' lang='lat' dir='ltr'>cursoris,</span> <span class='ocrx_word' id='word_1_149' title='bbox 213 2178 263 2250; x_wconf 93' lang='lat' dir='ltr'>qui</span> <span class='ocrx_word' id='word_1_150' title='bbox 276 2178 413 2236; x_wconf 85' lang='lat' dir='ltr'>militibus</span> <span class='ocrx_word' id='word_1_151' title='bbox 427 2177 587 2253; x_wconf 88' lang='lat' dir='ltr'>petentibus</span> <span class='ocrx_word' id='word_1_152' title='bbox 606 2176 676 2248; x_wconf 93' lang='lat' dir='ltr'>quid</span> <span class='ocrx_word' id='word_1_153' title='bbox 688 2176 743 2234; x_wconf 93' lang='lat' dir='ltr'>sibi</span> <span class='ocrx_word' id='word_1_154' title='bbox 759 2175 920 2235; x_wconf 85' lang='lat' dir='ltr'>laciendum</span> <span class='ocrx_word' id='word_1_155' title='bbox 932 2175 1014 2243; x_wconf 83' lang='lat' dir='ltr'>soret,</span> <span class='ocrx_word' id='word_1_156' title='bbox 1029 2188 1061 2235; x_wconf 95' lang='lat' dir='ltr'>ut</span> <span class='ocrx_word' id='word_1_157' title='bbox 1074 2176 1158 2236; x_wconf 87' lang='lat' dir='ltr'>saluti</span> 
     </span>
     <span class='ocr_line' id='line_1_19' title="bbox 65 2272 1159 2351; baseline 0.001 -20"><span class='ocrx_word' id='word_1_158' title='bbox 65 2275 257 2343; x_wconf 83' lang='lat' dir='ltr'>consulerent,</span> <span class='ocrx_word' id='word_1_159' title='bbox 267 2294 326 2334; x_wconf 89' lang='lat' dir='ltr'>non</span> <span class='ocrx_word' id='word_1_160' title='bbox 337 2274 485 2351; x_wconf 90' lang='lat' dir='ltr'>respoudit</span> <span class='ocrx_word' id='word_1_161' title='bbox 500 2276 631 2334; x_wconf 90' lang='lat' dir='ltr'>militiam</span> <span class='ocrx_word' id='word_1_162' title='bbox 649 2274 878 2346; x_wconf 90' lang='lat' dir='ltr'>relinquendam,</span> <span class='ocrx_word' id='word_1_163' title='bbox 889 2272 940 2332; x_wconf 92' lang='lat' dir='ltr'>sed</span> <span class='ocrx_word' id='word_1_164' title='bbox 958 2274 1047 2351; x_wconf 89' lang='lat' dir='ltr'>jussit</span> <span class='ocrx_word' id='word_1_165' title='bbox 1060 2292 1110 2332; x_wconf 86' lang='lat' dir='ltr'>eos</span> <span class='ocrx_word' id='word_1_166' title='bbox 1124 2290 1159 2332; x_wconf 88' lang='lat' dir='ltr'>ea</span> 
     </span>
     <span class='ocr_line' id='line_1_20' title="bbox 66 2365 1159 2451; baseline 0.004 -24"><span class='ocrx_word' id='word_1_167' title='bbox 66 2370 166 2448; x_wconf 89' lang='lat' dir='ltr'>sugere</span> <span class='ocrx_word' id='word_1_168' title='bbox 179 2374 247 2430; x_wconf 82' lang='lat' dir='ltr'>viria</span> <span class='ocrx_word' id='word_1_169' title='bbox 259 2373 360 2446; x_wconf 90' lang='lat' dir='ltr'>quibus</span> <span class='ocrx_word' id='word_1_170' title='bbox 373 2374 479 2433; x_wconf 89' lang='lat' dir='ltr'>milites</span> <span class='ocrx_word' id='word_1_171' title='bbox 492 2372 639 2450; x_wconf 89' lang='lat' dir='ltr'>indulgere</span> <span class='ocrx_word' id='word_1_172' title='bbox 652 2365 771 2432; x_wconf 85' lang='lat' dir='ltr'>solent.⁴</span> <span class='ocrx_word' id='word_1_173' title='bbox 796 2372 902 2447; x_wconf 88' lang='lat' dir='ltr'>Liquet</span> <span class='ocrx_word' id='word_1_174' title='bbox 914 2373 1031 2450; x_wconf 87' lang='lat' dir='ltr'>insuper</span> <span class='ocrx_word' id='word_1_175' title='bbox 1046 2390 1159 2451; x_wconf 84' lang='lat' dir='ltr'>exper·</span> 
     </span>
     <span class='ocr_line' id='line_1_21' title="bbox 67 2468 1161 2550; baseline 0.002 -22"><span class='ocrx_word' id='word_1_176' title='bbox 67 2479 153 2546; x_wconf 87' lang='lat' dir='ltr'>petua</span> <span class='ocrx_word' id='word_1_177' title='bbox 165 2468 393 2532; x_wconf 81' lang='lat' dir='ltr'>Chrisn&#39;anorum</span> <span class='ocrx_word' id='word_1_178' title='bbox 413 2491 513 2550; x_wconf 89' lang='lat' dir='ltr'>regum</span> <span class='ocrx_word' id='word_1_179' title='bbox 535 2475 619 2532; x_wconf 90' lang='lat' dir='ltr'>etiarn</span> <span class='ocrx_word' id='word_1_180' title='bbox 641 2472 837 2550; x_wconf 86' lang='lat' dir='ltr'>piissimorum</span> <span class='ocrx_word' id='word_1_181' title='bbox 857 2469 1075 2539; x_wconf 88' lang='lat' dir='ltr'>consuetudine,</span> <span class='ocrx_word' id='word_1_182' title='bbox 1094 2473 1161 2550; x_wconf 88' lang='lat' dir='ltr'>jura</span> 
     </span>
     <span class='ocr_line' id='line_1_22' title="bbox 67 2570 1160 2649; baseline 0.005 -25"><span class='ocrx_word' id='word_1_183' title='bbox 67 2585 119 2625; x_wconf 91' lang='lat' dir='ltr'>sua</span> <span class='ocrx_word' id='word_1_184' title='bbox 132 2571 218 2628; x_wconf 87' lang='lat' dir='ltr'>armis</span> <span class='ocrx_word' id='word_1_185' title='bbox 231 2570 446 2640; x_wconf 78' lang='lat' dir='ltr'>vindicantium,</span> <span class='ocrx_word' id='word_1_186' title='bbox 458 2591 544 2646; x_wconf 91' lang='lat' dir='ltr'>quam</span> <span class='ocrx_word' id='word_1_187' title='bbox 555 2589 700 2645; x_wconf 89' lang='lat' dir='ltr'>nunquam</span> <span class='ocrx_word' id='word_1_188' title='bbox 713 2573 875 2649; x_wconf 82' lang='lat' dir='ltr'>reprobavit</span> <span class='ocrx_word' id='word_1_189' title='bbox 884 2570 1025 2629; x_wconf 82' lang='lat' dir='ltr'>Ecclesia.</span> <span class='ocrx_word' id='word_1_190' title='bbox 1050 2571 1160 2629; x_wconf 85' lang='lat' dir='ltr'>Verum</span> 
     </span>
     <span class='ocr_line' id='line_1_23' title="bbox 67 2665 1161 2748; baseline 0.003 -25"><span class='ocrx_word' id='word_1_191' title='bbox 67 2665 185 2737; x_wconf 92' lang='lat' dir='ltr'>quidem</span> <span class='ocrx_word' id='word_1_192' title='bbox 199 2679 243 2726; x_wconf 91' lang='lat' dir='ltr'>est</span> <span class='ocrx_word' id='word_1_193' title='bbox 256 2669 408 2729; x_wconf 82' lang='lat' dir='ltr'>Nicoenum</span> <span class='ocrx_word' id='word_1_194' title='bbox 418 2671 570 2731; x_wconf 87' lang='lat' dir='ltr'>concilium</span> <span class='ocrx_word' id='word_1_195' title='bbox 583 2672 625 2729; x_wconf 88' lang='lat' dir='ltr'>eis</span> <span class='ocrx_word' id='word_1_196' title='bbox 638 2672 688 2745; x_wconf 93' lang='lat' dir='ltr'>qui</span> <span class='ocrx_word' id='word_1_197' title='bbox 697 2672 842 2748; x_wconf 80' lang='lat' dir='ltr'>cingulum</span> <span class='ocrx_word' id='word_1_198' title='bbox 856 2670 975 2737; x_wconf 76' lang='lat' dir='ltr'>militie,</span> <span class='ocrx_word' id='word_1_199' title='bbox 985 2669 1063 2742; x_wconf 88' lang='lat' dir='ltr'>quod</span> <span class='ocrx_word' id='word_1_200' title='bbox 1073 2669 1161 2745; x_wconf 91' lang='lat' dir='ltr'>depo·</span> 
     </span>
     <span class='ocr_line' id='line_1_24' title="bbox 68 2766 1160 2845; baseline 0.002 -25"><span class='ocrx_word' id='word_1_201' title='bbox 68 2775 191 2834; x_wconf 90' lang='lat' dir='ltr'>suerant,</span> <span class='ocrx_word' id='word_1_202' title='bbox 205 2779 390 2835; x_wconf 88' lang='lat' dir='ltr'>resumerent,</span> <span class='ocrx_word' id='word_1_203' title='bbox 405 2787 504 2845; x_wconf 87' lang='lat' dir='ltr'>poenas</span> <span class='ocrx_word' id='word_1_204' title='bbox 523 2771 695 2828; x_wconf 84' lang='lat' dir='ltr'>intentasse:</span> <span class='ocrx_word' id='word_1_205' title='bbox 716 2787 812 2827; x_wconf 89' lang='lat' dir='ltr'>earum</span> <span class='ocrx_word' id='word_1_206' title='bbox 833 2778 927 2825; x_wconf 90' lang='lat' dir='ltr'>autern</span> <span class='ocrx_word' id='word_1_207' title='bbox 945 2768 1017 2824; x_wconf 90' lang='lat' dir='ltr'>ratio</span> <span class='ocrx_word' id='word_1_208' title='bbox 1030 2766 1160 2841; x_wconf 86' lang='lat' dir='ltr'>infligen-</span> 
     </span>
     <span class='ocr_line' id='line_1_25' title="bbox 67 2859 1160 2941; baseline 0.003 -23"><span class='ocrx_word' id='word_1_209' title='bbox 67 2859 168 2922; x_wconf 87' lang='lat' dir='ltr'>darum</span> <span class='ocrx_word' id='word_1_210' title='bbox 181 2882 219 2922; x_wconf 89' lang='lat' dir='ltr'>ex</span> <span class='ocrx_word' id='word_1_211' title='bbox 232 2866 295 2941; x_wconf 92' lang='lat' dir='ltr'>ipsa</span> <span class='ocrx_word' id='word_1_212' title='bbox 308 2866 415 2924; x_wconf 84' lang='lat' dir='ltr'>militiae</span> <span class='ocrx_word' id='word_1_213' title='bbox 430 2877 528 2924; x_wconf 88' lang='lat' dir='ltr'>natura</span> <span class='ocrx_word' id='word_1_214' title='bbox 547 2884 606 2925; x_wconf 93' lang='lat' dir='ltr'>non</span> <span class='ocrx_word' id='word_1_215' title='bbox 616 2864 801 2932; x_wconf 76' lang='lat' dir='ltr'>derivabatur,</span> <span class='ocrx_word' id='word_1_216' title='bbox 815 2864 867 2922; x_wconf 85' lang='lat' dir='ltr'>sed</span> <span class='ocrx_word' id='word_1_217' title='bbox 885 2883 924 2923; x_wconf 85' lang='lat' dir='ltr'>ex</span> <span class='ocrx_word' id='word_1_218' title='bbox 939 2881 975 2921; x_wconf 90' lang='lat' dir='ltr'>eo</span> <span class='ocrx_word' id='word_1_219' title='bbox 986 2863 1064 2936; x_wconf 90' lang='lat' dir='ltr'>quod</span> <span class='ocrx_word' id='word_1_220' title='bbox 1077 2864 1097 2920; x_wconf 90' lang='lat' dir='ltr'>ii</span> <span class='ocrx_word' id='word_1_221' title='bbox 1111 2865 1160 2935; x_wconf 91' lang='lat' dir='ltr'>qui</span> 
     </span>
     <span class='ocr_line' id='line_1_26' title="bbox 68 2960 1159 3040; baseline 0.003 -23"><span class='ocrx_word' id='word_1_222' title='bbox 68 2962 264 3036; x_wconf 74' lang='lat' dir='ltr'>penitentiam</span> <span class='ocrx_word' id='word_1_223' title='bbox 276 2965 420 3039; x_wconf 88' lang='lat' dir='ltr'>publicam</span> <span class='ocrx_word' id='word_1_224' title='bbox 439 2961 561 3040; x_wconf 79' lang='lat' dir='ltr'>professi</span> <span class='ocrx_word' id='word_1_225' title='bbox 582 2971 670 3030; x_wconf 86' lang='lat' dir='ltr'>crant,</span> <span class='ocrx_word' id='word_1_226' title='bbox 692 2983 709 3021; x_wconf 94' lang='lat' dir='ltr'>a</span> <span class='ocrx_word' id='word_1_227' title='bbox 728 2973 828 3021; x_wconf 89' lang='lat' dir='ltr'>sancto</span> <span class='ocrx_word' id='word_1_228' title='bbox 848 2962 996 3039; x_wconf 89' lang='lat' dir='ltr'>proposito</span> <span class='ocrx_word' id='word_1_229' title='bbox 1016 2960 1053 3019; x_wconf 87' lang='lat' dir='ltr'>ad</span> <span class='ocrx_word' id='word_1_230' title='bbox 1066 2961 1159 3038; x_wconf 88' lang='lat' dir='ltr'>pristi-</span> 
     </span>
     <span class='ocr_line' id='line_1_27' title="bbox 69 3059 529 3137; baseline 0.004 -21"><span class='ocrx_word' id='word_1_231' title='bbox 69 3077 139 3117; x_wconf 91' lang='lat' dir='ltr'>num</span> <span class='ocrx_word' id='word_1_232' title='bbox 154 3061 217 3117; x_wconf 78' lang='lat' dir='ltr'>vim</span> <span class='ocrx_word' id='word_1_233' title='bbox 231 3079 323 3137; x_wconf 87' lang='lat' dir='ltr'>genus</span> <span class='ocrx_word' id='word_1_234' title='bbox 336 3059 529 3120; x_wconf 82' lang='lat' dir='ltr'>deflecterent.</span> 
     </span>
    </p>

    <p class='ocr_par' dir='ltr' id='par_1_4' title="bbox 65 3156 1165 3924">
     <span class='ocr_line' id='line_1_28' title="bbox 108 3156 1164 3238; baseline 0 -24"><span class='ocrx_word' id='word_1_235' title='bbox 108 3161 158 3214; x_wconf 79' lang='lat'>26.</span> <span class='ocrx_word' id='word_1_236' title='bbox 193 3156 393 3238; x_wconf 80' lang='lat' dir='ltr'>Defensivum</span> <span class='ocrx_word' id='word_1_237' title='bbox 420 3158 541 3228; x_wconf 80' lang='lat' dir='ltr'>bellum,</span> <span class='ocrx_word' id='word_1_238' title='bbox 569 3176 626 3231; x_wconf 91' lang='lat' dir='ltr'>qno</span> <span class='ocrx_word' id='word_1_239' title='bbox 654 3160 697 3216; x_wconf 86' lang='lat' dir='ltr'>vis</span> <span class='ocrx_word' id='word_1_240' title='bbox 730 3160 835 3235; x_wconf 88' lang='lat' dir='ltr'>injusta</span> <span class='ocrx_word' id='word_1_241' title='bbox 865 3158 1021 3232; x_wconf 87' lang='lat' dir='ltr'>repellitur,</span> <span class='ocrx_word' id='word_1_242' title='bbox 1055 3159 1164 3231; x_wconf 86' lang='lat' dir='ltr'>privata</span> 
     </span>
     <span class='ocr_line' id='line_1_29' title="bbox 69 3253 1161 3333; baseline -0.001 -21"><span class='ocrx_word' id='word_1_243' title='bbox 69 3257 231 3314; x_wconf 85' lang='lat' dir='ltr'>auctoritate</span> <span class='ocrx_word' id='word_1_244' title='bbox 255 3255 406 3329; x_wconf 90' lang='lat' dir='ltr'>aliquando</span> <span class='ocrx_word' id='word_1_245' title='bbox 428 3258 533 3333; x_wconf 73' lang='lat' dir='ltr'>geriem</span> <span class='ocrx_word' id='word_1_246' title='bbox 555 3256 661 3327; x_wconf 86' lang='lat' dir='ltr'>absque</span> <span class='ocrx_word' id='word_1_247' title='bbox 683 3255 785 3330; x_wconf 86' lang='lat' dir='ltr'>culpa:</span> <span class='ocrx_word' id='word_1_248' title='bbox 813 3253 995 3330; x_wconf 67' lang='lat' dir='ltr'>offensiorem</span> <span class='ocrx_word' id='word_1_249' title='bbox 1018 3253 1161 3328; x_wconf 87' lang='lat' dir='ltr'>publicam</span> 
     </span>
     <span class='ocr_line' id='line_1_30' title="bbox 69 3350 1163 3430; baseline -0.005 -19"><span class='ocrx_word' id='word_1_250' title='bbox 69 3355 274 3420; x_wconf 87' lang='lat' dir='ltr'>auctoritatem,</span> <span class='ocrx_word' id='word_1_251' title='bbox 301 3362 402 3429; x_wconf 80' lang='lat' dir='ltr'>preter</span> <span class='ocrx_word' id='word_1_252' title='bbox 422 3355 531 3430; x_wconf 87' lang='lat' dir='ltr'>justam</span> <span class='ocrx_word' id='word_1_253' title='bbox 552 3369 677 3419; x_wconf 87' lang='lat' dir='ltr'>causam,</span> <span class='ocrx_word' id='word_1_254' title='bbox 704 3353 803 3428; x_wconf 88' lang='lat' dir='ltr'>exigit.</span> <span class='ocrx_word' id='word_1_255' title='bbox 853 3350 936 3409; x_wconf 88' lang='lat' dir='ltr'>Justa</span> <span class='ocrx_word' id='word_1_256' title='bbox 961 3357 1055 3408; x_wconf 88' lang='lat' dir='ltr'>antem</span> <span class='ocrx_word' id='word_1_257' title='bbox 1078 3367 1163 3409; x_wconf 88' lang='lat' dir='ltr'>causa</span> 
     </span>
     <span class='ocr_line' id='line_1_31' title="bbox 70 3446 1165 3525; baseline -0.001 -18"><span class='ocrx_word' id='word_1_258' title='bbox 70 3468 188 3525; x_wconf 89' lang='lat' dir='ltr'>semper</span> <span class='ocrx_word' id='word_1_259' title='bbox 200 3451 360 3521; x_wconf 91' lang='lat' dir='ltr'>requiritur,</span> <span class='ocrx_word' id='word_1_260' title='bbox 374 3468 460 3522; x_wconf 91' lang='lat' dir='ltr'>quam</span> <span class='ocrx_word' id='word_1_261' title='bbox 473 3451 558 3509; x_wconf 88' lang='lat' dir='ltr'>etiam</span> <span class='ocrx_word' id='word_1_262' title='bbox 577 3447 654 3506; x_wconf 84' lang='lat' dir='ltr'>certd</span> <span class='ocrx_word' id='word_1_263' title='bbox 667 3458 795 3507; x_wconf 84' lang='lat' dir='ltr'>constare</span> <span class='ocrx_word' id='word_1_264' title='bbox 814 3446 917 3506; x_wconf 89' lang='lat' dir='ltr'>debere</span> <span class='ocrx_word' id='word_1_265' title='bbox 930 3447 1026 3524; x_wconf 89' lang='lat' dir='ltr'>plures</span> <span class='ocrx_word' id='word_1_266' title='bbox 1039 3449 1165 3525; x_wconf 62' lang='lat' dir='ltr'>theolqi</span> 
     </span>
     <span class='ocr_line' id='line_1_32' title="bbox 69 3547 1162 3607; baseline -0.002 0"><span class='ocrx_word' id='word_1_267' title='bbox 69 3549 191 3607; x_wconf 88' lang='lat' dir='ltr'>docent:</span> <span class='ocrx_word' id='word_1_268' title='bbox 221 3565 274 3604; x_wconf 88' lang='lat' dir='ltr'>nec</span> <span class='ocrx_word' id='word_1_269' title='bbox 296 3549 372 3606; x_wconf 86' lang='lat' dir='ltr'>enirn</span> <span class='ocrx_word' id='word_1_270' title='bbox 396 3550 432 3607; x_wconf 93' lang='lat' dir='ltr'>ob</span> <span class='ocrx_word' id='word_1_271' title='bbox 453 3550 576 3607; x_wconf 88' lang='lat' dir='ltr'>rationes</span> <span class='ocrx_word' id='word_1_272' title='bbox 599 3555 707 3606; x_wconf 90' lang='lat' dir='ltr'>tantum</span> <span class='ocrx_word' id='word_1_273' title='bbox 729 3547 906 3606; x_wconf 87' lang='lat' dir='ltr'>verosimiles</span> <span class='ocrx_word' id='word_1_274' title='bbox 927 3547 995 3605; x_wconf 91' lang='lat' dir='ltr'>licet</span> <span class='ocrx_word' id='word_1_275' title='bbox 1015 3548 1162 3606; x_wconf 90' lang='lat' dir='ltr'>nationum</span> 
     </span>
     <span class='ocr_line' id='line_1_33' title="bbox 70 3644 1161 3725; baseline -0.002 -21"><span class='ocrx_word' id='word_1_276' title='bbox 70 3645 299 3719; x_wconf 89' lang='lat' dir='ltr'>tranquillitatem</span> <span class='ocrx_word' id='word_1_277' title='bbox 312 3648 432 3716; x_wconf 87' lang='lat' dir='ltr'>turbare,</span> <span class='ocrx_word' id='word_1_278' title='bbox 447 3658 474 3706; x_wconf 89' lang='lat' dir='ltr'>et</span> <span class='ocrx_word' id='word_1_279' title='bbox 487 3646 658 3705; x_wconf 85' lang='lat' dir='ltr'>calamitates</span> <span class='ocrx_word' id='word_1_280' title='bbox 674 3645 741 3705; x_wconf 90' lang='lat' dir='ltr'>belli</span> <span class='ocrx_word' id='word_1_281' title='bbox 760 3647 874 3708; x_wconf 78' lang='lat' dir='ltr'>inferre.</span> <span class='ocrx_word' id='word_1_282' title='bbox 916 3644 963 3704; x_wconf 87' lang='lat' dir='ltr'>De</span> <span class='ocrx_word' id='word_1_283' title='bbox 972 3647 1082 3725; x_wconf 88' lang='lat' dir='ltr'>justitia</span> <span class='ocrx_word' id='word_1_284' title='bbox 1094 3645 1161 3704; x_wconf 91' lang='lat' dir='ltr'>belli</span> 
     </span>
     <span class='ocr_line' id='line_1_34' title="bbox 70 3741 1162 3824; baseline -0.002 -23"><span class='ocrx_word' id='word_1_285' title='bbox 70 3746 175 3802; x_wconf 87' lang='lat' dir='ltr'>milites</span> <span class='ocrx_word' id='word_1_286' title='bbox 190 3744 356 3821; x_wconf 90' lang='lat' dir='ltr'>plerumque</span> <span class='ocrx_word' id='word_1_287' title='bbox 370 3749 436 3824; x_wconf 88' lang='lat' dir='ltr'>angi</span> <span class='ocrx_word' id='word_1_288' title='bbox 457 3765 514 3806; x_wconf 88' lang='lat' dir='ltr'>non</span> <span class='ocrx_word' id='word_1_289' title='bbox 534 3744 655 3813; x_wconf 75' lang='lat' dir='ltr'>debent3</span> <span class='ocrx_word' id='word_1_290' title='bbox 676 3764 847 3824; x_wconf 84' lang='lat' dir='ltr'>presumere</span> <span class='ocrx_word' id='word_1_291' title='bbox 867 3745 945 3805; x_wconf 92' lang='lat' dir='ltr'>enim</span> <span class='ocrx_word' id='word_1_292' title='bbox 959 3754 1080 3822; x_wconf 88' lang='lat' dir='ltr'>possunt</span> <span class='ocrx_word' id='word_1_293' title='bbox 1093 3741 1162 3800; x_wconf 90' lang='lat' dir='ltr'>illud</span> 
     </span>
     <span class='ocr_line' id='line_1_35' title="bbox 65 3842 1160 3924; baseline -0.005 -24"><span class='ocrx_word' id='word_1_294' title='bbox 65 3845 177 3920; x_wconf 89' lang='lat' dir='ltr'>justum</span> <span class='ocrx_word' id='word_1_295' title='bbox 189 3862 264 3913; x_wconf 91' lang='lat' dir='ltr'>esse,</span> <span class='ocrx_word' id='word_1_296' title='bbox 278 3845 335 3903; x_wconf 89' lang='lat' dir='ltr'>uisi</span> <span class='ocrx_word' id='word_1_297' title='bbox 347 3847 409 3923; x_wconf 91' lang='lat' dir='ltr'>ejus</span> <span class='ocrx_word' id='word_1_298' title='bbox 423 3846 561 3924; x_wconf 85' lang='lat' dir='ltr'>injustitia</span> <span class='ocrx_word' id='word_1_299' title='bbox 573 3853 683 3922; x_wconf 87' lang='lat' dir='ltr'>pateat:</span> <span class='ocrx_word' id='word_1_300' title='bbox 705 3845 753 3905; x_wconf 89' lang='lat' dir='ltr'>alii</span> <span class='ocrx_word' id='word_1_301' title='bbox 766 3857 860 3907; x_wconf 88' lang='lat' dir='ltr'>autem</span> <span class='ocrx_word' id='word_1_302' title='bbox 874 3853 1021 3916; x_wconf 90' lang='lat' dir='ltr'>nequeunt</span> <span class='ocrx_word' id='word_1_303' title='bbox 1039 3842 1160 3899; x_wconf 89' lang='lat' dir='ltr'>alienam</span> 
     </span>
    </p>
   </div>
   <div class='ocr_carea' id='block_1_3' title="bbox 105 4058 783 4208">
    <p class='ocr_par' dir='ltr' id='par_1_5' title="bbox 105 4058 783 4208">
     <span class='ocr_line' id='line_1_36' title="bbox 105 4058 783 4129; baseline -0.016 -10"><span class='ocrx_word' id='word_1_304' title='bbox 105 4059 142 4118; x_wconf 84' lang='lat' dir='ltr'>(l)</span> <span class='ocrx_word' id='word_1_305' title='bbox 155 4058 194 4108; x_wconf 84' lang='lat' dir='ltr'>De</span> <span class='ocrx_word' id='word_1_306' title='bbox 206 4059 296 4119; x_wconf 81' lang='lat' dir='ltr'>Vsttsi,</span> <span class='ocrx_word' id='word_1_307' title='bbox 308 4062 372 4112; x_wconf 73' lang='lat' dir='ltr'>uno</span> <span class='ocrx_word' id='word_1_308' title='bbox 383 4059 415 4129; x_wconf 88' lang='lat' dir='ltr'>os</span> <span class='ocrx_word' id='word_1_309' title='bbox 428 4062 544 4121; x_wconf 77' lang='lat' dir='ltr'>Notium,</span> <span class='ocrx_word' id='word_1_310' title='bbox 555 4063 571 4112; x_wconf 80' lang='lat' dir='ltr'>l.</span> <span class='ocrx_word' id='word_1_311' title='bbox 583 4061 617 4112; x_wconf 83' lang='lat' dir='ltr'>iii·</span> <span class='ocrx_word' id='word_1_312' title='bbox 631 4077 652 4110; x_wconf 84' lang='lat' dir='ltr'>c.</span> <span class='ocrx_word' id='word_1_313' title='bbox 665 4061 699 4112; x_wconf 85' lang='lat' dir='ltr'>tit.</span> <span class='ocrx_word' id='word_1_314' title='bbox 711 4063 726 4119; x_wconf 61' lang='grc' dir='ltr'><strong><em>ἦ</em></strong></span> <span class='ocrx_word' id='word_1_315' title='bbox 740 4059 783 4108; x_wconf 82' lang='grc'>37.</span> 
     </span>
     <span class='ocr_line' id='line_1_37' title="bbox 107 4142 667 4208; baseline 0.002 -18"><span class='ocrx_word' id='word_1_316' title='bbox 107 4142 151 4208; x_wconf 87' lang='lat'>(2)</span> <span class='ocrx_word' id='word_1_317' title='bbox 162 4143 226 4194; x_wconf 85' lang='lat' dir='ltr'>Vids</span> <span class='ocrx_word' id='word_1_318' title='bbox 238 4145 287 4195; x_wconf 77' lang='lat' dir='ltr'>Ast</span> <span class='ocrx_word' id='word_1_319' title='bbox 297 4145 325 4194; x_wconf 84' lang='lat' dir='ltr'>ol&#39;</span> <span class='ocrx_word' id='word_1_320' title='bbox 340 4144 471 4207; x_wconf 77' lang='lat' dir='ltr'>congress,</span> <span class='ocrx_word' id='word_1_321' title='bbox 484 4144 499 4193; x_wconf 78' lang='lat' dir='ltr'>b</span> <span class='ocrx_word' id='word_1_322' title='bbox 511 4145 525 4195; x_wconf 85' lang='lat' dir='ltr'>J</span> <span class='ocrx_word' id='word_1_323' title='bbox 529 4146 580 4208; x_wconf 80' lang='lat' dir='ltr'>uly,</span> <span class='ocrx_word' id='word_1_324' title='bbox 593 4143 667 4194; x_wconf 73' lang='lat' dir='ltr'>tres</span> 
     </span>
    </p>
   </div>
   <div class='ocr_carea' id='block_1_4' title="bbox 107 4220 1051 4405">
    <p class='ocr_par' dir='ltr' id='par_1_6' title="bbox 107 4220 1051 4405">
     <span class='ocr_line' id='line_1_38' title="bbox 107 4220 1051 4296; baseline -0.008 -17"><span class='ocrx_word' id='word_1_325' title='bbox 107 4231 148 4296; x_wconf 86' lang='grc'>(3)</span> <span class='ocrx_word' id='word_1_326' title='bbox 169 4230 260 4281; x_wconf 81' lang='lat' dir='ltr'>Brown</span> <span class='ocrx_word' id='word_1_327' title='bbox 274 4247 296 4281; x_wconf 86' lang='lat' dir='ltr'>v.</span> <span class='ocrx_word' id='word_1_328' title='bbox 306 4229 363 4281; x_wconf 83' lang='lat' dir='ltr'>&#39;l&#39;lrs</span> <span class='ocrx_word' id='word_1_329' title='bbox 375 4229 466 4280; x_wconf 87' lang='lat' dir='ltr'>United</span> <span class='ocrx_word' id='word_1_330' title='bbox 478 4228 567 4282; x_wconf 74' lang='lat' dir='ltr'>suos.</span> <span class='ocrx_word' id='word_1_331' title='bbox 579 4232 594 4277; x_wconf 80' lang='grc'>8</span> <span class='ocrx_word' id='word_1_332' title='bbox 605 4225 706 4277; x_wconf 77' lang='lat' dir='ltr'>Omncb</span> <span class='ocrx_word' id='word_1_333' title='bbox 749 4223 771 4273; x_wconf 87' lang='grc' dir='ltr'>θ.</span> <span class='ocrx_word' id='word_1_334' title='bbox 783 4231 808 4275; x_wconf 80' lang='lat' dir='ltr'>st</span> <span class='ocrx_word' id='word_1_335' title='bbox 818 4221 913 4273; x_wconf 83' lang='lat' dir='ltr'>Ibidem</span> <span class='ocrx_word' id='word_1_336' title='bbox 926 4220 1051 4285; x_wconf 73' lang='lat'>228‚229.</span> 
     </span>
     <span class='ocr_line' id='line_1_39' title="bbox 107 4315 740 4405; baseline -0.002 -40"><span class='ocrx_word' id='word_1_337' title='bbox 107 4316 146 4382; x_wconf 83' lang='grc'>(4)</span> <span class='ocrx_word' id='word_1_338' title='bbox 162 4315 269 4368; x_wconf 76' lang='lat' dir='ltr'>Lucili.</span> <span class='ocrx_word' id='word_1_339' title='bbox 285 4319 323 4369; x_wconf 77' lang='lat'>14.</span> <span class='ocrx_word' id='word_1_340' title='bbox 677 4346 711 4405; x_wconf 46' lang='grc' dir='ltr'><strong>ς</strong></span> <span class='ocrx_word' id='word_1_341' title='bbox 735 4360 740 4371; x_wconf 89' lang='grc'><strong>,</strong></span> 
     </span>
    </p>
   </div>
   <div class='ocr_carea' id='block_1_5' title="bbox 0 0 1401 4996">
    <p class='ocr_par' dir='ltr' id='par_1_7' title="bbox 0 0 1401 4996">
     <span class='ocr_line' id='line_1_40' title="bbox 0 0 1401 4996; baseline 0 0"><span class='ocrx_word' id='word_1_342' title='bbox 0 0 1401 4996; x_wconf 95' lang='lat' dir='ltr'> </span> 
     </span>
    </p>
   </div>
  </div>
 </body>
</html>
