2744 4980
178 395 233 449 162
364 387 421 447 DE
441 383 695 446 POTESTATE
716 385 856 445 LEGES
877 382 1078 444 FERENDI.

177 555 301 611 nituntur
315 553 380 629 jure
394 562 533 624 quatenus
553 550 691 608 Ecclesia
712 559 755 606 est
768 549 915 626 invigilare
929 548 996 607 fidei
1009 565 1177 621 morumque
1192 549 1264 606 inte·

176 653 279 730 grinti,
300 663 329 707 ct
353 651 476 709 filiorum
502 668 619 707 suorum
644 647 835 706 emendationi
862 661 890 704 et
915 648 1014 705 saluti:
1035 646 1087 705 sed
1105 664 1143 705 sx
1170 648 1265 705 civilis

176 752 324 828 potestatis
337 768 455 808 assensu
469 749 620 824 plurimum
635 745 759 821 pendent
770 757 801 805 ut
810 759 967 812 serventur,
981 749 1098 819 vimque
1111 747 1264 804 obtineant.

219 854 264 906 ll.
288 849 332 906 De
355 850 461 906 actibus
484 846 608 904 externis
631 845 702 903 fiunt
722 846 810 922 leges,
833 859 862 903 et
881 844 997 918 quidem
1016 845 1052 904 de
1074 847 1109 903 iis
1130 846 1268 918 quisunt

176 948 268 1025 tnagis
282 948 434 1004 necessarii
448 945 483 1003 ad
503 946 660 1002 animamm
680 945 856 1019 profectum:
880 945 929 1016 qui
942 946 1019 1003 enim
1039 962 1097 1004 non
1117 943 1188 1001 adeo
1202 955 1266 1001 sunt

176 1047 328 1104 necessarii
341 1047 565 1121 uniuscujusque
579 1043 691 1100 arbitrio
712 1043 879 1119 plerumque
899 1037 1120 1115 relinquuntur.¹
1162 1041 1267 1118 Dispu-

178 1155 236 1202 tant
249 1144 373 1220 theologi
386 1154 479 1202 utrum
493 1143 626 1202 Ecclesia
638 1143 730 1218 possit
741 1142 804 1219 lege
818 1145 965 1219 injungere
979 1153 1072 1201 actum
1086 1160 1164 1199 mere
1177 1143 1268 1200 inten-

176 1262 237 1300 rum
251 1263 258 1309 ;
280 1243 422 1318 plerisque
435 1244 612 1319 negantibus,
627 1259 715 1312 quum
729 1243 888 1300 necessaria
901 1261 957 1299 non
971 1243 1009 1299 sit
1021 1241 1081 1299 haec
1095 1249 1219 1317 potestas
1233 1240 1269 1297 ad

177 1352 325 1398 externum
345 1343 471 1418 regimen
483 1333 508 1398 :²
526 1351 636 1400 constat
656 1339 772 1413 quidem
798 1340 963 1417 hujusmodi
988 1341 1082 1416 legem
1108 1357 1267 1410 numquam

175 1457 239 1496 esse
252 1439 346 1496 latam.
389 1441 488 1498 Potest
509 1450 603 1499 umen
624 1450 717 1497 actum
740 1449 890 1498 externum
911 1438 1097 1516 injungendo,
1113 1440 1266 1503 internum,

178 1539 228 1611 qui
242 1537 277 1594 ad
297 1540 361 1615 ejus
383 1540 508 1597 valorem
528 1540 564 1601 sit
583 1540 771 1605 necessarius,
792 1533 941 1615 exigerer³
960 1556 1046 1596 secus
1060 1537 1161 1595 frustra
1174 1547 1269 1594 actum

176 1647 324 1694 externum
339 1639 506 1714 injungeret.
550 1637 628 1695 Hinc
648 1636 748 1696 merito
769 1637 901 1696 damnata
920 1649 965 1694 est
984 1637 1157 1713 propositio:
1180 1644 1200 1668 ⁴⁴
1210 1635 1268 1700 Qui

179 1735 244 1792 lacit
256 1735 467 1793 consessionem
481 1736 636 1794 voluntarie
650 1736 767 1803 nullam,
781 1736 918 1794 satisfacit
926 1746 1070 1811 precepto
1080 1731 1270 1793 Ecclesiam

180 1834 276 1890 Potest
289 1836 376 1892 etiam
388 1835 504 1909 exigere
518 1845 549 1891 ut
570 1844 648 1892 actus
661 1845 798 1892 externus
817 1835 936 1892 honeste
959 1830 1032 1903 frat,⁵
1046 1833 1170 1905 ideoque
1184 1834 1270 1890 inter·

178 1950 245 1990 uum
257 1935 404 2009 injungere
417 1933 480 1990 sine
494 1951 552 2004 quo
566 1934 671 2009 impius
685 1933 757 1990 soret
775 1943 804 1990 et
822 1934 988 2010 sacrilegus,
1003 1950 1068 1990 nam
1082 1932 1213 1990 damnata
1226 1946 1271 1988 est

177 2026 264 2087 altera
277 2033 452 2106 propositio:
476 2041 495 2066 ‘⁴
504 2032 651 2108 Praecepto
665 2033 874 2090 communionis
888 2051 988 2090 annue
1008 2031 1108 2088 satisfit
1122 2049 1172 2107 per
1185 2031 1270 2086 sacri·

180 2128 272 2203 legam
292 2129 437 2187 Dominioi
457 2131 583 2206 eorporis
603 2121 898 2188 manducationem.’'⁶
938 2132 1037 2189 Potest
1056 2132 1141 2188 etiam
1168 2132 1270 2205 punire

179 2237 271 2301 actum
285 2240 433 2286 extensum
446 2229 483 2286 ob
497 2248 614 2304 pravum
627 2247 684 2300 quo
698 2230 788 2287 sactus
801 2241 844 2285 est
854 2230 997 2288 animum:
1019 2229 1060 2285 sie
1074 2230 1271 2286 excommuni-

179 2327 289 2384 catione
303 2327 493 2403 pereelluutur
505 2327 644 2385 haereticae
657 2329 800 2403 pravitatis
821 2328 1003 2400 inquisitores
1017 2329 1066 2399 qui
1080 2325 1208 2393 exodio,
1224 2337 1271 2384 ant

178 2424 248 2481 lucri
263 2425 395 2501 cupidine
410 2428 575 2484 innocentes
588 2426 730 2493 damnant,
745 2426 790 2483 vel
802 2444 866 2483 reos
880 2420 1051 2485 absolvunt.⁷
1092 2426 1162 2484 Non
1176 2436 1269 2482 autem

179 2524 326 2581 consuevit
339 2535 431 2582 actum
446 2526 587 2582 internum
600 2525 662 2600 lege
673 2526 832 2601 injungere,
843 2527 892 2597 qui
907 2525 941 2582 ad
954 2527 1086 2583 meritum
1096 2544 1192 2582 coram
1207 2525 1271 2582 Deo

214 2690 256 2754 (1)
277 2689 368 2740 Mirum
385 2699 422 2740 est
438 2691 579 2757 episcopum
596 2692 763 2754 Anglicnnum
775 2691 829 2741 haee
846 2692 968 2756 scripsisse
985 2694 1050 2743 “All
1067 2692 1177 2742 outward
1194 2691 1272 2740 dones

179 2787 219 2821 ere
237 2788 265 2822 so
282 2775 397 2840 enjoined
415 2775 467 2825 that
484 2775 541 2839 they
560 2791 606 2825 can
623 2777 653 2824 be
670 2775 790 2840 supplied,
808 2776 856 2825 snd
873 2776 915 2825 the
932 2777 1035 2825 internnl
1053 2792 1123 2838 grece
1146 2775 1271 2824 instanced

177 2856 204 2904 in
222 2858 291 2906 other
310 2860 411 2919 serione,
429 2861 457 2908 os
470 2859 552 2909 which
569 2860 636 2910 there
654 2876 694 2910 ars
710 2876 737 2909 so
755 2875 828 2923 many
846 2860 920 2910 kinds
936 2862 989 2910 that
1005 2877 1072 2910 sorno
1090 2876 1117 2910 or
1140 2859 1209 2909 other
1226 2874 1272 2908 can

177 2942 207 2989 bc
224 2942 288 2991 done
299 2944 330 3006 by
343 2959 414 3007 every
427 2960 481 3003 one,
493 2944 541 2993 end
557 2953 600 3007 yet
617 2945 683 2993 thore
701 2945 722 2993 is
739 2960 767 2993 so
783 2953 851 3007 great
868 2962 883 2993 s
900 2947 990 3009 variety
1003 2945 1056 2995 thet
1071 2961 1105 2995 no
1122 2960 1180 2994 man
1192 2959 1219 2992 or
1229 2945 1272 2993 but

179 3040 236 3087 very
254 3026 303 3074 few
320 3042 377 3076 men
394 3043 440 3077 ean
458 3028 489 3077 do
507 3029 545 3077 all.
581 3028 592 3076 Ι
615 3029 726 3078 instance
742 3029 770 3078 in
787 3028 828 3078 the
846 3030 937 3078 several
959 3045 1027 3093 ways
1049 3030 1077 3079 oi
1095 3028 1273 3085 mortificatiom

179 3108 224 3157 viz.
247 3111 279 3172 by
302 3110 412 3172 fustings,
434 3112 466 3176 by
489 3111 626 3174 wntehings
649 3112 696 3162 and
716 3114 896 3178 pernoctatione
912 3115 939 3163 in
961 3130 1055 3179 prayer,
1077 3114 1159 3177 lyings
1182 3129 1215 3162 on
1232 3113 1273 3162 the

178 3194 280 3254 ground,
300 3196 331 3257 by
352 3196 479 3246 toleretion
496 3195 545 3246 and
563 3196 682 3261 patience,
700 3198 821 3247 laborious
838 3206 946 3259 gestures
963 3199 992 3248 ol
1006 3199 1047 3248 the
1065 3197 1163 3262 bodyin
1181 3213 1274 3262 prayer,

180 3277 296 3340 standing
303 3279 363 3328 with
375 3296 439 3330 arms
456 3280 585 3341 extendod,
597 3283 656 3343 long
667 3282 794 3344 kneelings
806 3298 838 3332 on
856 3282 897 3332 the
908 3284 965 3333 bere
974 3283 1077 3346 ground,
1088 3280 1207 3345 suffering
1216 3297 1274 3332 oon·

179 3364 318 3413 tradietions
329 3363 377 3413 and
389 3364 497 3426 affronts,
515 3366 651 3428 lessenings
668 3366 717 3416 and
735 3366 935 3430 nndcrvaluings,
952 3367 1053 3433 pesnish
1071 3368 1119 3418 and
1136 3383 1203 3417 cross
1213 3367 1274 3415 acci·

177 3446 256 3507 dente,
267 3449 376 3512 denying
388 3452 512 3500 oursslvss
529 3452 613 3501 lswiul
632 3452 764 3516 plessures,
780 3453 891 3516 refusing
910 3470 925 3501 n
942 3454 1052 3518 pleasant
1069 3454 1163 3513 morsel,
1178 3453 1275 3512 leaving

178 3532 268 3594 society
282 3532 329 3580 and
341 3533 460 3595 msetings
468 3535 496 3583 of
504 3534 602 3594 friends,
614 3535 663 3585 and
676 3551 733 3598 very
744 3552 819 3600 many
830 3536 914 3599 things
925 3538 953 3587 οἱ
961 3538 1002 3588 the
1014 3539 1062 3588 like
1074 3545 1168 3596 nature,
1180 3539 1211 3601 by
1225 3554 1274 3600 any

177 3614 207 3663 of
214 3614 295 3663 which
308 3614 348 3663 the
357 3616 420 3679 body
432 3633 488 3680 may
501 3619 530 3666 be
542 3618 670 3677 mortificd,
680 3618 730 3668 and
742 3619 783 3669 the
793 3622 848 3670 soul
860 3621 1013 3686 disciplined,
1024 3639 1051 3671 or
1062 3621 1104 3673 the
1113 3622 1224 3673 ontwnrd
1237 3631 1276 3671 net

178 3713 235 3762 may
252 3699 282 3747 be
298 3699 410 3763 supplied
427 3701 458 3764 by
478 3717 510 3750 nn
527 3702 605 3751 active
622 3701 671 3752 and
688 3704 784 3753 intense
802 3705 856 3754 love
867 3706 950 3756 which
968 3723 1015 3756 cen
1032 3706 1064 3756 do
1078 3723 1149 3772 every
1167 3706 1239 3770 thing
1251 3709 1279 3757 os

176 3781 262 3848 dnty.”
296 3782 393 3846 Jeremy
405 3784 505 3849 'l'aylon
518 3788 610 3837 Ductor
621 3786 803 3848 Dubinnrium,
815 3790 830 3839 L
842 3790 868 3840 ii.
879 3807 901 3841 c.
914 3792 948 3842 iii.
959 3807 982 3857 p.
994 3794 1052 3841 438.

210 3865 250 3930 (i)
270 3865 334 3915 Vide
345 3866 486 3919 Suarssinnr
497 3869 528 3919 de
536 3867 650 3932 Legibus,
664 3872 681 3920 l.
694 3871 726 3920 ir.
735 3887 756 3920 c.
769 3871 812 3922 xii.
825 3877 848 3921 7.

213 3951 256 4015 (³)
276 3951 376 4011 Ibidem,
386 3968 407 4001 c.
419 3954 471 4002 xiii.
484 3956 507 4001 6.

206 4034 249 4098 (4)
270 4035 341 4100 Prop.
353 4037 401 4086 xiv.
414 4036 477 4087 inter
487 4037 613 4090 damnatas
624 4041 654 4089 sb
665 4040 736 4092 Alex.
750 4040 805 4091 Vll.

205 4117 248 4185 (5)
268 4118 365 4170 Suares.
375 4122 406 4171 de
416 4121 475 4185 Leg.
487 4124 502 4172 l.
515 4124 547 4173 iv,
558 4141 579 4173 c.
592 4124 642 4174 xiii.
657 4127 695 4173 14.

211 4205 254 4271 (6)
276 4204 347 4270 Prop.
359 4206 389 4256 lv.
399 4206 462 4258 inter
473 4209 600 4260 damnatas
612 4212 649 4261 ab.
660 4210 745 4262 Innoe.
758 4210 806 4260 xl.

213 4290 255 4354 (7)
276 4287 424 4342 Clementia.
436 4292 453 4341 i.
466 4295 480 4350 ς
495 4293 585 4345 Verum
594 4293 625 4346 de
635 4293 764 4348 hereticis.
