2766 4996
323 421 381 481 DE
402 419 656 482 POTESTATE
678 421 817 482 LEGES
837 421 1037 484 FERENDI.
1142 431 1196 486 167

106 597 191 645 tatem
203 588 289 663 regie
303 587 464 664 proximam
474 584 627 663 designat,¹
638 587 708 645 adeo
721 598 752 644 ut
761 589 836 666 regr's
844 591 961 648 nomine
970 607 1089 665 regnum
1100 590 1198 665 guber·

103 705 169 745 aare
183 687 284 753 valeat,
298 687 423 763 ligetque
437 705 491 744 suo
504 687 626 764 imperio
646 687 783 745 subditos.
826 685 922 747 Habet
940 690 1025 767 igitur
1038 691 1150 755 Petrus,
1171 701 1199 746 et

102 787 153 859 qui
166 787 230 862 ejus
245 785 342 844 locum
357 797 441 855 tenet,
456 788 611 845 maximam
625 787 698 844 hanc
711 789 742 844 in
755 785 864 846 Christi
877 807 976 866 regno,
991 790 1067 861 quod
1080 800 1123 845 est
1142 789 1198 847 Ec·

101 886 200 953 alesia,
216 886 421 944 auctoritatem.
443 886 502 944 Sed
516 894 544 943 et
558 887 699 944 universis
712 887 858 961 Apostolis
871 887 977 946 dictum
990 900 1052 946 est:
1075 897 1094 922 “
1104 889 1198 945 Amen

100 985 165 1044 dico
189 987 281 1052 vobis,
296 1002 484 1061 quaecumque
505 985 685 1063 alligaveritis
705 997 916 1062 superterram,
934 998 1016 1046 eruut
1028 988 1113 1064 ligata
1126 998 1155 1044 et
1167 989 1196 1044 in

102 1084 175 1142 coelo
185 1078 234 1140 :’'²
253 1104 318 1158 quse
332 1087 429 1154 verba,
444 1086 576 1158 quamvis
590 1085 742 1161 respiciant
756 1084 897 1162 judicium
917 1087 947 1145 in
965 1105 1043 1145 reum
1057 1086 1198 1162 proseren·

103 1183 183 1251 dum,
197 1202 250 1241 sua
263 1194 358 1242 tamen
371 1184 558 1261 amplitudine
578 1184 803 1260 complectuntur
823 1202 907 1243 omne
927 1187 1072 1261 potestatis
1091 1185 1198 1241 exerci·

106 1283 185 1338 tium.
228 1282 373 1354 Equidem
389 1283 522 1341 Christus
536 1283 691 1359 Apostolos
705 1285 734 1342 in
744 1285 909 1342 universum
922 1283 1061 1342 mundum
1073 1285 1198 1350 mittens,

103 1381 312 1457 amplissimam
335 1401 392 1455 qua
417 1401 468 1441 eos
491 1380 606 1439 donavit
630 1394 797 1457 potestatem
820 1382 962 1450 indicavit,
986 1383 1048 1459 ejus
1071 1400 1157 1454 quarn
1183 1402 1198 1437 a

105 1480 189 1537 Patre
203 1491 351 1556 acceperat
363 1483 512 1558 praemissa
525 1481 688 1539 mentione:
711 1491 730 1517 ‘⁸
742 1481 817 1539 Data
828 1491 872 1538 est
884 1482 955 1540 mihi
968 1482 1061 1539 omnis
1074 1491 1198 1556 potestas

102 1581 131 1638 in
147 1581 221 1637 coslo
235 1581 306 1637 etin
320 1589 393 1638 terra
402 1572 448 1636 :’'³
469 1590 497 1636 et
509 1579 597 1635 alias:
620 1588 639 1614 “
651 1580 734 1638 Sicut
746 1581 824 1637 misit
842 1599 889 1638 me
903 1581 996 1646 Pater,
1011 1591 1039 1635 et
1052 1597 1105 1654 ego
1119 1581 1198 1637 mitto

101 1672 203 1735 vos.”⁴
244 1677 308 1736 Hac
330 1681 376 1737 usi
396 1688 534 1754 potestate
557 1680 587 1735 in
609 1690 684 1737 coetu
708 1678 973 1754 Hierosolymitauo
991 1688 1140 1735 vetuerunt
1161 1695 1197 1734 ne

102 1777 209 1834 ethnici
223 1776 259 1833 ad
272 1776 358 1835 fidem
377 1778 510 1837 conversi
528 1787 710 1834 vescerentur
722 1777 897 1853 idolothytis.
918 1777 1072 1842 suffocatis,
1088 1788 1116 1831 et
1135 1793 1198 1832 san·

105 1878 192 1950 guine
201 1869 225 1932 :⁵
246 1893 330 1947 quarn
342 1877 435 1955 legem
449 1886 545 1934 sancte
565 1876 731 1933 servandam
745 1875 851 1934 Paulus
865 1873 997 1939 ostendit,
1018 1892 1083 1930 uam
1104 1883 1123 1907 ‘⁶
1136 1891 1198 1949 per·

104 1975 264 2031 ambulabat
285 1974 399 2050 Syriam
419 1984 448 2034 et
471 1974 615 2041 Ciliciam,
639 1975 810 2033 confirmans
831 1975 994 2032 Ecclesiae:
1029 1971 1197 2048 precipiens

106 2073 248 2130 custodire
274 2086 415 2152 precepta
437 2075 640 2151 Apostolorum
663 2084 691 2131 et
715 2066 916 2133 Saniorum.’'⁶
955 2071 1082 2148 Singulis
1106 2082 1198 2130 autern

106 2156 250 2248 episcopis
264 2175 294 2231 in
307 2192 409 2250 greges
422 2174 476 2230 sibi
487 2174 658 2232 commissos
669 2174 786 2232 eandem
800 2182 961 2251 competere
971 2179 1148 2248 potestatem,
1162 2190 1199 2227 ex

107 2273 199 2329 verbis
213 2271 296 2329 Pauli
306 2271 341 2329 sd
352 2273 480 2331 seniores
491 2272 612 2350 Epheso
626 2273 759 2330 Miletum
770 2275 920 2331 accersitos
930 2271 1080 2345 colligitur,
1091 2270 1199 2346 quippe

106 2372 157 2442 qui
170 2390 186 2426 a
199 2370 310 2446 Spiritu
324 2371 428 2429 Sancto
443 2373 529 2448 positi
543 2381 617 2438 sunt,
633 2383 663 2429 ut
682 2383 827 2448 pastorum
841 2370 937 2430 omnia
949 2369 1048 2428 munia
1061 2365 1196 2443 adimple·

110 2479 166 2534 aut,
181 2487 238 2526 non
252 2479 360 2529 tautmn
374 2471 527 2547 pascendo,
541 2471 592 2528 sed
610 2480 638 2527 et
657 2470 839 2548 gubernando
858 2487 945 2529 oves:
968 2465 1140 2526 “Attendite
1153 2485 1200 2524 vo·

104 2570 147 2625 bis
160 2578 188 2625 et
200 2569 335 2627 universo
349 2571 439 2646 gregi,
454 2571 484 2628 in
498 2589 557 2643 quo
572 2589 624 2628 vos
646 2571 771 2648 Spiritus
791 2571 914 2628 Sanctus
928 2569 1024 2646 posuit
1035 2568 1198 2642 episcopos,

106 2685 202 2741 regere
215 2667 379 2726 Ecclesiam
391 2669 447 2726 Dei
462 2688 548 2741 quam
564 2671 714 2742 acquisivit
726 2671 863 2746 sanguiue
876 2661 978 2727 suo.''⁷
1018 2666 1087 2724 Ideo
1100 2664 1199 2723 fideles

107 2767 214 2823 monuit
234 2767 362 2825 Paulus:
385 2775 404 2802 ‘⁴
416 2766 541 2825 Obedite
561 2769 720 2843 praepositis
741 2769 840 2824 vestris
860 2779 889 2824 et
907 2767 1049 2842 subjacete
1063 2765 1122 2820 eis:
1144 2764 1199 2836 ipsi

106 2865 183 2921 enirn
203 2865 374 2942 pervigilant
394 2867 475 2937 quasi
495 2867 634 2924 rationem
656 2885 708 2942 pro
729 2865 875 2922 animabus
894 2864 997 2921 restris
1015 2851 1198 2918 reddituri.”⁸

110 2962 155 3018 De
169 2971 308 3038 potestate
321 2965 467 3040 regiminis
482 2964 572 3021 fusius
582 2965 643 3040 jam
656 2958 867 3022 disseruimus⁹

142 3065 170 3117 4.
194 3061 242 3118 Ex
256 3062 319 3136 ipsa
332 3062 473 3121 Ecclesiae
486 3063 659 3121 institutione
677 3072 801 3140 potestas
821 3062 899 3139 leges
919 3060 1027 3119 ferendi
1040 3058 1191 3134 colligitur,

103 3178 190 3230 quum
203 3161 281 3217 enim
297 3159 430 3220 Christus
446 3180 509 3218 eam
522 3180 559 3218 ex
573 3163 704 3219 omnibus
724 3163 854 3240 gentibus
874 3168 1002 3219 constare
1022 3157 1188 3221 decreverit,

107 3268 134 3314 et
146 3277 197 3334 per
209 3260 307 3317 omnia
327 3259 426 3317 durare
448 3260 560 3328 saecula,
583 3261 735 3319 rectoribus
757 3261 820 3337 ejus
842 3267 1009 3335 potestatem
1029 3255 1199 3311 concesserit

105 3368 215 3431 oportet
228 3378 286 3431 qua
296 3360 325 3416 in
335 3378 424 3417 unum
438 3377 542 3435 corpus
557 3366 597 3416 tot
609 3358 709 3434 populi
722 3359 922 3424 coalescerent,
931 3362 960 3412 et
971 3351 1130 3428 respublica
1143 3359 1199 3408 tota

104 3455 185 3513 firma
197 3458 368 3517 consisteret
381 3468 410 3515 et
422 3458 549 3516 immota.
591 3457 687 3534 Leges
701 3466 794 3515 autem
814 3457 939 3514 maxime
952 3450 1120 3511 necessarie
1134 3460 1198 3508 sunt

106 3552 140 3610 ad
152 3556 288 3613 unitatem
301 3565 330 3613 et
341 3557 513 3625 firmitatem,
535 3558 644 3633 quippe
657 3557 759 3630 quibus
779 3555 955 3633 singulorum
969 3560 1115 3612 coercetur
1128 3550 1199 3607 arbi·
1290 3564 1301 3587 ·

108 3653 202 3720 trium,
216 3665 245 3712 et
257 3673 308 3730 pro
322 3673 426 3723 rerum,
440 3656 580 3725 locorum,
595 3668 811 3735 temporumque
832 3656 964 3715 varietate
978 3651 1079 3731 agendi
1093 3650 1197 3727 regulae

103 3754 329 3826 prescribantur.
372 3755 540 3814 Rectoribus
553 3776 570 3814 a
584 3755 701 3815 Christo
715 3757 869 3835 designatis
883 3756 977 3815 omnis
991 3762 1116 3830 potestas
1131 3764 1195 3819 quse

138 3942 177 4004 (1)
190 3939 254 3990 Vide
268 3940 356 3991 isaiam
373 3942 433 3992 xxii.
446 3945 488 3992 22.
690 3945 730 4007 (2)
744 3941 814 3992 Matt.
827 3941 894 3992 xviii.
908 3943 947 3988 ts.

142 4025 184 4091 (3)
198 4025 270 4077 Matt.
280 4028 365 4078 xxviii.
381 4027 417 4075 18.
691 4029 734 4092 (4)
747 4026 870 4077 loanxx.
882 4028 923 4073 at.

143 4110 181 4173 (5)
192 4110 248 4161 Act.
257 4127 299 4161 xv.
311 4115 353 4162 29.
689 4113 731 4177 (6)
745 4110 836 4160 lbidem
847 4111 890 4159 41.

143 4194 183 4257 (7)
195 4194 289 4246 Ibidem
301 4195 393 4247 1n28.
690 4198 730 4260 (8)
744 4194 808 4244 Heb.
820 4193 872 4243 xiii.
882 4194 920 4241 17.

146 4279 188 4344 (9)
201 4277 339 4408 ῧὴωΙοῗὶι
350 4279 504 4409 Βῗὲωιιίοα,
515 4277 597 4330 'l'rsct
609 4278 634 4328 ii.
644 4278 675 4328 do
685 4274 797 4329 Ecclesia
808 4293 829 4328 c.
840 4291 881 4327 xv.
893 4274 941 4327 xri.
953 4273 1002 4325 xix.
1015 4287 1058 4323 xx.

230 4363 282 4407 01„
317 4382 371 4407 .-
