<?xml version="1.0" encoding="UTF-8"?>
<!DOCTYPE html PUBLIC "-//W3C//DTD XHTML 1.0 Transitional//EN"
    "http://www.w3.org/TR/xhtml1/DTD/xhtml1-transitional.dtd">
<html xmlns="http://www.w3.org/1999/xhtml" xml:lang="en" lang="en">
 <head>
  <title>
</title>
<meta http-equiv="Content-Type" content="text/html;charset=utf-8" />
  <meta name='ocr-system' content='tesseract 3.04.00' />
  <meta name='ocr-capabilities' content='ocr_page ocr_carea ocr_par ocr_line ocrx_word'/>
</head>
<body>
  <div class='ocr_page' id='page_1' title='image "./theologiaemoral00kenrgoog_0194.png"; bbox 0 0 2766 4996; ppageno 0'>
   <div class='ocr_carea' id='block_1_1' title="bbox 312 454 1195 520">
    <p class='ocr_par' dir='ltr' id='par_1_1' title="bbox 312 454 1195 520">
     <span class='ocr_line' id='line_1_1' title="bbox 312 454 1195 520; baseline 0.005 -6"><span class='ocrx_word' id='word_1_1' title='bbox 312 455 369 515; x_wconf 89' lang='lat' dir='ltr'><strong>DE</strong></span> <span class='ocrx_word' id='word_1_2' title='bbox 391 454 802 517; x_wconf 82' lang='lat' dir='ltr'><strong>INTERPRETATIONE</strong></span> <span class='ocrx_word' id='word_1_3' title='bbox 823 455 986 518; x_wconf 88' lang='lat' dir='ltr'><strong>LEGUM.</strong></span> <span class='ocrx_word' id='word_1_4' title='bbox 1138 460 1195 520; x_wconf 76' lang='grc'><strong>173</strong></span> 
     </span>
    </p>
   </div>
   <div class='ocr_carea' id='block_1_2' title="bbox 104 621 1231 4073">
    <p class='ocr_par' dir='ltr' id='par_1_2' title="bbox 104 621 1199 2168">
     <span class='ocr_line' id='line_1_2' title="bbox 104 621 1195 695; baseline 0.001 -14"><span class='ocrx_word' id='word_1_5' title='bbox 104 623 271 682; x_wconf 86' lang='lat' dir='ltr'><strong>dioecesano</strong></span> <span class='ocrx_word' id='word_1_6' title='bbox 284 621 438 680; x_wconf 90' lang='lat' dir='ltr'><strong>intentatur</strong></span> <span class='ocrx_word' id='word_1_7' title='bbox 450 621 561 678; x_wconf 78' lang='lat' dir='ltr'><strong>clericis</strong></span> <span class='ocrx_word' id='word_1_8' title='bbox 575 623 631 680; x_wconf 89' lang='lat' dir='ltr'><strong>reis</strong></span> <span class='ocrx_word' id='word_1_9' title='bbox 645 622 796 687; x_wconf 79' lang='lat' dir='ltr'>ebrietatis,</span> <span class='ocrx_word' id='word_1_10' title='bbox 811 639 869 682; x_wconf 90' lang='lat' dir='ltr'><strong>non</strong></span> <span class='ocrx_word' id='word_1_11' title='bbox 883 623 968 680; x_wconf 85' lang='lat' dir='ltr'><strong>afficit</strong></span> <span class='ocrx_word' id='word_1_12' title='bbox 980 641 1030 681; x_wconf 86' lang='lat' dir='ltr'><strong>eos</strong></span> <span class='ocrx_word' id='word_1_13' title='bbox 1044 623 1094 695; x_wconf 92' lang='lat' dir='ltr'><strong>qui</strong></span> <span class='ocrx_word' id='word_1_14' title='bbox 1113 625 1195 682; x_wconf 87' lang='lat' dir='ltr'><strong>casti·</strong></span> 
     </span>
     <span class='ocr_line' id='line_1_3' title="bbox 104 720 1195 796; baseline 0.001 -17"><span class='ocrx_word' id='word_1_15' title='bbox 104 723 168 779; x_wconf 86' lang='lat' dir='ltr'><strong>tatis</strong></span> <span class='ocrx_word' id='word_1_16' title='bbox 182 723 293 780; x_wconf 79' lang='lat' dir='ltr'><strong>violate</strong></span> <span class='ocrx_word' id='word_1_17' title='bbox 307 720 412 778; x_wconf 89' lang='lat' dir='ltr'><strong>fuerint</strong></span> <span class='ocrx_word' id='word_1_18' title='bbox 421 720 474 786; x_wconf 87' lang='lat' dir='ltr'><strong>rei,</strong></span> <span class='ocrx_word' id='word_1_19' title='bbox 488 720 555 777; x_wconf 85' lang='lat' dir='ltr'><strong>licet</strong></span> <span class='ocrx_word' id='word_1_20' title='bbox 567 722 679 796; x_wconf 83' lang='lat' dir='ltr'><strong>gravius</strong></span> <span class='ocrx_word' id='word_1_21' title='bbox 689 722 727 778; x_wconf 93' lang='lat' dir='ltr'><strong>sit</strong></span> <span class='ocrx_word' id='word_1_22' title='bbox 739 720 883 780; x_wconf 91' lang='lat' dir='ltr'><strong>delictum.</strong></span> <span class='ocrx_word' id='word_1_23' title='bbox 926 722 1195 782; x_wconf 87' lang='lat' dir='ltr'><strong>Excommnnicatio</strong></span> 
     </span>
     <span class='ocr_line' id='line_1_4' title="bbox 104 819 1197 895; baseline 0.001 -16"><span class='ocrx_word' id='word_1_24' title='bbox 104 822 160 879; x_wconf 86' lang='lat' dir='ltr'><strong>lata</strong></span> <span class='ocrx_word' id='word_1_25' title='bbox 173 822 203 880; x_wconf 90' lang='lat' dir='ltr'><strong>in</strong></span> <span class='ocrx_word' id='word_1_26' title='bbox 216 830 333 879; x_wconf 80' lang='lat' dir='ltr'><strong>secrete</strong></span> <span class='ocrx_word' id='word_1_27' title='bbox 346 819 489 878; x_wconf 88' lang='lat' dir='ltr'><strong>societatis</strong></span> <span class='ocrx_word' id='word_1_28' title='bbox 503 819 667 895; x_wconf 80' lang='lat' dir='ltr'><strong>participes,</strong></span> <span class='ocrx_word' id='word_1_29' title='bbox 680 839 739 878; x_wconf 92' lang='lat' dir='ltr'><strong>non</strong></span> <span class='ocrx_word' id='word_1_30' title='bbox 749 830 844 895; x_wconf 89' lang='lat' dir='ltr'><strong>potest</strong></span> <span class='ocrx_word' id='word_1_31' title='bbox 856 820 972 880; x_wconf 85' lang='lat' dir='ltr'><strong>extendi</strong></span> <span class='ocrx_word' id='word_1_32' title='bbox 985 820 1019 877; x_wconf 87' lang='lat' dir='ltr'><strong>ad</strong></span> <span class='ocrx_word' id='word_1_33' title='bbox 1033 840 1083 879; x_wconf 86' lang='lat' dir='ltr'><strong>eos</strong></span> <span class='ocrx_word' id='word_1_34' title='bbox 1097 822 1147 895; x_wconf 91' lang='lat' dir='ltr'><strong>qni</strong></span> <span class='ocrx_word' id='word_1_35' title='bbox 1161 821 1197 880; x_wconf 88' lang='lat' dir='ltr'><strong>ad</strong></span> 
     </span>
     <span class='ocr_line' id='line_1_5' title="bbox 104 918 1196 998; baseline 0.003 -21"><span class='ocrx_word' id='word_1_36' title='bbox 104 919 215 978; x_wconf 84' lang='lat' dir='ltr'><strong>caedem</strong></span> <span class='ocrx_word' id='word_1_37' title='bbox 228 919 388 979; x_wconf 82' lang='lat' dir='ltr'><strong>innocentis</strong></span> <span class='ocrx_word' id='word_1_38' title='bbox 401 918 634 992; x_wconf 80' lang='lat' dir='ltr'><strong>conspiraverint.</strong></span> <span class='ocrx_word' id='word_1_39' title='bbox 676 918 710 978; x_wconf 93' lang='lat' dir='ltr'><strong>ln</strong></span> <span class='ocrx_word' id='word_1_40' title='bbox 724 921 760 977; x_wconf 89' lang='lat' dir='ltr'><strong>iis</strong></span> <span class='ocrx_word' id='word_1_41' title='bbox 773 929 867 978; x_wconf 88' lang='lat' dir='ltr'><strong>tamen</strong></span> <span class='ocrx_word' id='word_1_42' title='bbox 880 923 909 979; x_wconf 96' lang='lat' dir='ltr'><strong>in</strong></span> <span class='ocrx_word' id='word_1_43' title='bbox 930 921 1034 994; x_wconf 92' lang='lat' dir='ltr'><strong>quibus</strong></span> <span class='ocrx_word' id='word_1_44' title='bbox 1048 921 1120 980; x_wconf 90' lang='lat' dir='ltr'><strong>nihil</strong></span> <span class='ocrx_word' id='word_1_45' title='bbox 1132 922 1196 998; x_wconf 78' lang='lat' dir='ltr'><strong>lege</strong></span> 
     </span>
     <span class='ocr_line' id='line_1_6' title="bbox 106 1016 1197 1097; baseline 0.002 -21"><span class='ocrx_word' id='word_1_46' title='bbox 106 1018 249 1089; x_wconf 89' lang='lat' dir='ltr'><strong>definitur,</strong></span> <span class='ocrx_word' id='word_1_47' title='bbox 266 1018 381 1096; x_wconf 86' lang='lat' dir='ltr'><strong>judices</strong></span> <span class='ocrx_word' id='word_1_48' title='bbox 398 1018 492 1075; x_wconf 91' lang='lat' dir='ltr'><strong>solent</strong></span> <span class='ocrx_word' id='word_1_49' title='bbox 511 1018 624 1076; x_wconf 88' lang='lat' dir='ltr'><strong>arbitrio</strong></span> <span class='ocrx_word' id='word_1_50' title='bbox 637 1036 691 1076; x_wconf 92' lang='lat' dir='ltr'><strong>suo</strong></span> <span class='ocrx_word' id='word_1_51' title='bbox 706 1016 851 1076; x_wconf 86' lang='lat' dir='ltr'><strong>moderari</strong></span> <span class='ocrx_word' id='word_1_52' title='bbox 869 1022 953 1097; x_wconf 84' lang='lat' dir='ltr'><strong>juxta</strong></span> <span class='ocrx_word' id='word_1_53' title='bbox 971 1037 1005 1076; x_wconf 85' lang='lat' dir='ltr'><strong>ea</strong></span> <span class='ocrx_word' id='word_1_54' title='bbox 1024 1038 1087 1092; x_wconf 78' lang='lat' dir='ltr'><strong>qne</strong></span> <span class='ocrx_word' id='word_1_55' title='bbox 1099 1020 1147 1078; x_wconf 83' lang='lat' dir='ltr'><strong>lex</strong></span> <span class='ocrx_word' id='word_1_56' title='bbox 1160 1019 1197 1078; x_wconf 85' lang='lat' dir='ltr'><strong>de</strong></span> 
     </span>
     <span class='ocr_line' id='line_1_7' title="bbox 105 1108 1198 1194; baseline 0.002 -19"><span class='ocrx_word' id='word_1_57' title='bbox 105 1119 190 1176; x_wconf 91' lang='lat' dir='ltr'><strong>rebus</strong></span> <span class='ocrx_word' id='word_1_58' title='bbox 204 1119 345 1177; x_wconf 78' lang='lat' dir='ltr'><strong>similibus</strong></span> <span class='ocrx_word' id='word_1_59' title='bbox 365 1116 492 1174; x_wconf 91' lang='lat' dir='ltr'><strong>decernit</strong></span> <span class='ocrx_word' id='word_1_60' title='bbox 502 1108 525 1173; x_wconf 88' lang='lat'><strong>:¹</strong></span> <span class='ocrx_word' id='word_1_61' title='bbox 540 1119 661 1176; x_wconf 87' lang='lat' dir='ltr'><strong>etetiam</strong></span> <span class='ocrx_word' id='word_1_62' title='bbox 680 1117 753 1194; x_wconf 82' lang='lat' dir='ltr'><strong>legis</strong></span> <span class='ocrx_word' id='word_1_63' title='bbox 770 1118 862 1175; x_wconf 88' lang='lat' dir='ltr'><strong>civilis</strong></span> <span class='ocrx_word' id='word_1_64' title='bbox 882 1119 1041 1176; x_wconf 81' lang='lat' dir='ltr'><strong>sanctiones</strong></span> <span class='ocrx_word' id='word_1_65' title='bbox 1055 1120 1198 1177; x_wconf 80' lang='lat' dir='ltr'><strong>imitantur</strong></span> 
     </span>
     <span class='ocr_line' id='line_1_8' title="bbox 107 1215 1197 1295; baseline 0.001 -20"><span class='ocrx_word' id='word_1_66' title='bbox 107 1218 254 1294; x_wconf 75' lang='lat' dir='ltr'><strong>presules,</strong></span> <span class='ocrx_word' id='word_1_67' title='bbox 270 1220 354 1295; x_wconf 83' lang='lat' dir='ltr'><strong>juxta</strong></span> <span class='ocrx_word' id='word_1_68' title='bbox 366 1216 436 1275; x_wconf 89' lang='lat' dir='ltr'><strong>illud</strong></span> <span class='ocrx_word' id='word_1_69' title='bbox 450 1215 534 1274; x_wconf 88' lang='lat' dir='ltr'><strong>Lucii</strong></span> <span class='ocrx_word' id='word_1_70' title='bbox 543 1215 615 1274; x_wconf 88' lang='lat'><strong>111.:</strong></span> <span class='ocrx_word' id='word_1_71' title='bbox 639 1215 828 1293; x_wconf 87' lang='lat' dir='ltr'><strong>“sicutleges</strong></span> <span class='ocrx_word' id='word_1_72' title='bbox 838 1235 895 1275; x_wconf 92' lang='lat' dir='ltr'><strong>non</strong></span> <span class='ocrx_word' id='word_1_73' title='bbox 908 1216 1094 1293; x_wconf 81' lang='lat' dir='ltr'><strong>dedignantur</strong></span> <span class='ocrx_word' id='word_1_74' title='bbox 1103 1236 1197 1276; x_wconf 89' lang='lat' dir='ltr'><strong>saeros</strong></span> 
     </span>
     <span class='ocr_line' id='line_1_9' title="bbox 109 1300 1198 1392; baseline 0 -19"><span class='ocrx_word' id='word_1_75' title='bbox 109 1334 232 1374; x_wconf 87' lang='lat' dir='ltr'><strong>canones</strong></span> <span class='ocrx_word' id='word_1_76' title='bbox 245 1316 359 1383; x_wconf 87' lang='lat' dir='ltr'><strong>imitari,</strong></span> <span class='ocrx_word' id='word_1_77' title='bbox 374 1316 412 1372; x_wconf 84' lang='lat' dir='ltr'><strong>ita</strong></span> <span class='ocrx_word' id='word_1_78' title='bbox 425 1325 453 1372; x_wconf 93' lang='lat' dir='ltr'><strong>et</strong></span> <span class='ocrx_word' id='word_1_79' title='bbox 471 1333 616 1373; x_wconf 91' lang='lat' dir='ltr'><strong>sacrorum</strong></span> <span class='ocrx_word' id='word_1_80' title='bbox 636 1325 737 1373; x_wconf 84' lang='lat' dir='ltr'><strong>statuta</strong></span> <span class='ocrx_word' id='word_1_81' title='bbox 748 1300 896 1375; x_wconf 64' lang='lat' dir='ltr'><strong>‘canonum</strong></span> <span class='ocrx_word' id='word_1_82' title='bbox 917 1317 1078 1392; x_wconf 87' lang='lat' dir='ltr'><strong>principum</strong></span> <span class='ocrx_word' id='word_1_83' title='bbox 1095 1317 1198 1375; x_wconf 91' lang='lat' dir='ltr'><strong>consti·</strong></span> 
     </span>
     <span class='ocr_line' id='line_1_10' title="bbox 108 1406 1198 1492; baseline 0 -20"><span class='ocrx_word' id='word_1_84' title='bbox 108 1415 262 1473; x_wconf 88' lang='lat' dir='ltr'><strong>tutionibus</strong></span> <span class='ocrx_word' id='word_1_85' title='bbox 275 1406 491 1490; x_wconf 79' lang='lat' dir='ltr'><strong>adjuvantur.&#39;’²</strong></span> <span class='ocrx_word' id='word_1_86' title='bbox 526 1414 572 1472; x_wconf 86' lang='lat' dir='ltr'><strong>Ea</strong></span> <span class='ocrx_word' id='word_1_87' title='bbox 585 1416 742 1489; x_wconf 78' lang='lat' dir='ltr'><strong>etiamque</strong></span> <span class='ocrx_word' id='word_1_88' title='bbox 753 1417 960 1492; x_wconf 75' lang='lat' dir='ltr'><strong>aequiparantur</strong></span> <span class='ocrx_word' id='word_1_89' title='bbox 969 1416 999 1473; x_wconf 91' lang='lat' dir='ltr'><strong>in</strong></span> <span class='ocrx_word' id='word_1_90' title='bbox 1008 1416 1072 1492; x_wconf 89' lang='lat' dir='ltr'><strong>jure</strong></span> <span class='ocrx_word' id='word_1_91' title='bbox 1083 1415 1198 1474; x_wconf 88' lang='lat' dir='ltr'><strong>easdem</strong></span> 
     </span>
     <span class='ocr_line' id='line_1_11' title="bbox 107 1513 1197 1592; baseline 0 -22"><span class='ocrx_word' id='word_1_92' title='bbox 107 1524 263 1585; x_wconf 89' lang='lat' dir='ltr'><strong>sequuntur</strong></span> <span class='ocrx_word' id='word_1_93' title='bbox 284 1514 382 1591; x_wconf 85' lang='lat' dir='ltr'><strong>leges:</strong></span> <span class='ocrx_word' id='word_1_94' title='bbox 403 1515 447 1571; x_wconf 88' lang='lat' dir='ltr'><strong>sic</strong></span> <span class='ocrx_word' id='word_1_95' title='bbox 468 1513 578 1583; x_wconf 85' lang='lat' dir='ltr'><strong>electio,</strong></span> <span class='ocrx_word' id='word_1_96' title='bbox 599 1516 760 1591; x_wconf 89' lang='lat' dir='ltr'><strong>postulatio,</strong></span> <span class='ocrx_word' id='word_1_97' title='bbox 775 1516 952 1591; x_wconf 73' lang='lat' dir='ltr'><strong>presentatio</strong></span> <span class='ocrx_word' id='word_1_98' title='bbox 965 1514 1067 1572; x_wconf 90' lang='lat' dir='ltr'><strong>iisdem</strong></span> <span class='ocrx_word' id='word_1_99' title='bbox 1087 1515 1197 1592; x_wconf 75' lang='lat' dir='ltr'><strong>legibus</strong></span> 
     </span>
     <span class='ocr_line' id='line_1_12' title="bbox 108 1611 1194 1691; baseline 0.002 -21"><span class='ocrx_word' id='word_1_100' title='bbox 108 1613 265 1690; x_wconf 88' lang='lat' dir='ltr'><strong>subjacent.</strong></span> <span class='ocrx_word' id='word_1_101' title='bbox 309 1611 468 1671; x_wconf 82' lang='lat' dir='ltr'><strong>Codicillus</strong></span> <span class='ocrx_word' id='word_1_102' title='bbox 490 1611 592 1670; x_wconf 88' lang='lat' dir='ltr'><strong>iisdem</strong></span> <span class='ocrx_word' id='word_1_103' title='bbox 615 1614 711 1672; x_wconf 89' lang='lat' dir='ltr'><strong>subest</strong></span> <span class='ocrx_word' id='word_1_104' title='bbox 732 1613 844 1691; x_wconf 84' lang='lat' dir='ltr'><strong>legibus</strong></span> <span class='ocrx_word' id='word_1_105' title='bbox 864 1614 967 1686; x_wconf 88' lang='lat' dir='ltr'><strong>quibus</strong></span> <span class='ocrx_word' id='word_1_106' title='bbox 986 1623 1194 1680; x_wconf 81' lang='lat' dir='ltr'><strong>testamentum,</strong></span> 
     </span>
     <span class='ocr_line' id='line_1_13' title="bbox 108 1709 1198 1790; baseline -0.001 -20"><span class='ocrx_word' id='word_1_107' title='bbox 108 1725 177 1771; x_wconf 90' lang='lat' dir='ltr'><strong>sunt</strong></span> <span class='ocrx_word' id='word_1_108' title='bbox 198 1713 275 1771; x_wconf 91' lang='lat' dir='ltr'><strong>enim</strong></span> <span class='ocrx_word' id='word_1_109' title='bbox 298 1730 436 1770; x_wconf 86' lang='lat' dir='ltr'><strong>connexa.</strong></span> <span class='ocrx_word' id='word_1_110' title='bbox 479 1709 596 1771; x_wconf 89' lang='lat' dir='ltr'><strong>Obtinet</strong></span> <span class='ocrx_word' id='word_1_111' title='bbox 615 1714 699 1772; x_wconf 85' lang='lat' dir='ltr'><strong>etiam</strong></span> <span class='ocrx_word' id='word_1_112' title='bbox 721 1715 751 1771; x_wconf 91' lang='lat' dir='ltr'><strong>in</strong></span> <span class='ocrx_word' id='word_1_113' title='bbox 770 1714 833 1790; x_wconf 86' lang='lat' dir='ltr'><strong>lege</strong></span> <span class='ocrx_word' id='word_1_114' title='bbox 854 1713 1045 1770; x_wconf 88' lang='lat' dir='ltr'><strong>ecclesiastica</strong></span> <span class='ocrx_word' id='word_1_115' title='bbox 1064 1713 1198 1788; x_wconf 89' lang='lat' dir='ltr'><strong>interpre-</strong></span> 
     </span>
     <span class='ocr_line' id='line_1_14' title="bbox 107 1811 1199 1890; baseline 0 -22"><span class='ocrx_word' id='word_1_116' title='bbox 107 1811 278 1890; x_wconf 81' lang='lat' dir='ltr'><strong>tandalegis</strong></span> <span class='ocrx_word' id='word_1_117' title='bbox 297 1811 390 1870; x_wconf 86' lang='lat' dir='ltr'><strong>civilis</strong></span> <span class='ocrx_word' id='word_1_118' title='bbox 404 1811 575 1888; x_wconf 87' lang='lat' dir='ltr'><strong>principium</strong></span> <span class='ocrx_word' id='word_1_119' title='bbox 590 1811 666 1885; x_wconf 90' lang='lat' dir='ltr'><strong>quod</strong></span> <span class='ocrx_word' id='word_1_120' title='bbox 686 1811 887 1889; x_wconf 83' lang='lat' dir='ltr'><strong>“dispositum</strong></span> <span class='ocrx_word' id='word_1_121' title='bbox 907 1813 937 1870; x_wconf 95' lang='lat' dir='ltr'><strong>in</strong></span> <span class='ocrx_word' id='word_1_122' title='bbox 956 1829 1015 1868; x_wconf 91' lang='lat' dir='ltr'><strong>nno</strong></span> <span class='ocrx_word' id='word_1_123' title='bbox 1034 1811 1199 1869; x_wconf 82' lang='lat' dir='ltr'><strong>correlative</strong></span> 
     </span>
     <span class='ocr_line' id='line_1_15' title="bbox 109 1897 1199 1988; baseline -0.001 -21"><span class='ocrx_word' id='word_1_124' title='bbox 109 1919 257 1968; x_wconf 89' lang='lat' dir='ltr'><strong>censeatur</strong></span> <span class='ocrx_word' id='word_1_125' title='bbox 266 1928 329 1968; x_wconf 87' lang='lat' dir='ltr'><strong>esse</strong></span> <span class='ocrx_word' id='word_1_126' title='bbox 341 1909 512 1988; x_wconf 85' lang='lat' dir='ltr'><strong>dispositum</strong></span> <span class='ocrx_word' id='word_1_127' title='bbox 526 1910 556 1970; x_wconf 90' lang='lat' dir='ltr'><strong>in</strong></span> <span class='ocrx_word' id='word_1_128' title='bbox 575 1906 679 1969; x_wconf 78' lang='lat' dir='ltr'><strong>alio.&#39;&#39;³</strong></span> <span class='ocrx_word' id='word_1_129' title='bbox 719 1911 797 1969; x_wconf 92' lang='lat' dir='ltr'><strong>Hinc</strong></span> <span class='ocrx_word' id='word_1_130' title='bbox 817 1929 875 1984; x_wconf 89' lang='lat' dir='ltr'><strong>quo</strong></span> <span class='ocrx_word' id='word_1_131' title='bbox 883 1911 948 1987; x_wconf 85' lang='lat' dir='ltr'><strong>jure</strong></span> <span class='ocrx_word' id='word_1_132' title='bbox 962 1897 1097 1968; x_wconf 73' lang='lat' dir='ltr'><strong>eximitur</strong></span> <span class='ocrx_word' id='word_1_133' title='bbox 1111 1909 1152 1967; x_wconf 92' lang='lat' dir='ltr'><strong>vir</strong></span> <span class='ocrx_word' id='word_1_134' title='bbox 1165 1908 1199 1966; x_wconf 87' lang='lat' dir='ltr'><strong>ab</strong></span> 
     </span>
     <span class='ocr_line' id='line_1_16' title="bbox 111 2008 1196 2079; baseline 0 -13"><span class='ocrx_word' id='word_1_135' title='bbox 111 2009 211 2067; x_wconf 83' lang='lat' dir='ltr'><strong>uxoris</strong></span> <span class='ocrx_word' id='word_1_136' title='bbox 236 2008 366 2069; x_wconf 78' lang='lat' dir='ltr'><strong>adultere</strong></span> <span class='ocrx_word' id='word_1_137' title='bbox 393 2011 545 2079; x_wconf 87' lang='lat' dir='ltr'><strong>consortio,</strong></span> <span class='ocrx_word' id='word_1_138' title='bbox 572 2011 674 2070; x_wconf 92' lang='lat' dir='ltr'><strong>mulier</strong></span> <span class='ocrx_word' id='word_1_139' title='bbox 701 2012 829 2070; x_wconf 87' lang='lat' dir='ltr'><strong>amariti</strong></span> <span class='ocrx_word' id='word_1_140' title='bbox 849 2009 967 2068; x_wconf 87' lang='lat' dir='ltr'><strong>adulteri</strong></span> <span class='ocrx_word' id='word_1_141' title='bbox 993 2008 1196 2069; x_wconf 89' lang='lat' dir='ltr'><strong>consuetudine</strong></span> 
     </span>
     <span class='ocr_line' id='line_1_17' title="bbox 110 2122 270 2168; baseline 0.019 -3"><span class='ocrx_word' id='word_1_142' title='bbox 110 2122 270 2168; x_wconf 83' lang='lat' dir='ltr'><strong>excusatur.</strong></span> 
     </span>
    </p>

    <p class='ocr_par' dir='ltr' id='par_1_3' title="bbox 110 2200 1202 3080">
     <span class='ocr_line' id='line_1_18' title="bbox 149 2200 1198 2287; baseline -0.004 -19"><span class='ocrx_word' id='word_1_143' title='bbox 149 2211 198 2268; x_wconf 80' lang='grc'><strong>37.</strong></span> <span class='ocrx_word' id='word_1_144' title='bbox 221 2217 240 2246; x_wconf 85' lang='grc'>“</span> <span class='ocrx_word' id='word_1_145' title='bbox 252 2207 327 2268; x_wconf 90' lang='lat' dir='ltr'><strong>Odia</strong></span> <span class='ocrx_word' id='word_1_146' title='bbox 339 2209 471 2287; x_wconf 79' lang='lat' dir='ltr'><strong>restringi</strong></span> <span class='ocrx_word' id='word_1_147' title='bbox 484 2219 512 2266; x_wconf 86' lang='lat' dir='ltr'><strong>et</strong></span> <span class='ocrx_word' id='word_1_148' title='bbox 524 2210 634 2268; x_wconf 87' lang='lat' dir='ltr'><strong>favores</strong></span> <span class='ocrx_word' id='word_1_149' title='bbox 648 2212 780 2269; x_wconf 88' lang='lat' dir='ltr'><strong>convenit</strong></span> <span class='ocrx_word' id='word_1_150' title='bbox 792 2200 972 2285; x_wconf 72' lang='lat' dir='ltr'><strong>ampliari.”⁴</strong></span> <span class='ocrx_word' id='word_1_151' title='bbox 1009 2208 1044 2265; x_wconf 91' lang='lat' dir='ltr'><strong>ln</strong></span> <span class='ocrx_word' id='word_1_152' title='bbox 1052 2208 1198 2284; x_wconf 85' lang='lat' dir='ltr'><strong>explican-</strong></span> 
     </span>
     <span class='ocr_line' id='line_1_19' title="bbox 110 2305 1195 2386; baseline -0.001 -22"><span class='ocrx_word' id='word_1_153' title='bbox 110 2305 154 2364; x_wconf 88' lang='lat' dir='ltr'><strong>dis</strong></span> <span class='ocrx_word' id='word_1_154' title='bbox 177 2308 261 2384; x_wconf 74' lang='lat' dir='ltr'><strong>igitur</strong></span> <span class='ocrx_word' id='word_1_155' title='bbox 281 2307 393 2384; x_wconf 74' lang='lat' dir='ltr'><strong>legibus</strong></span> <span class='ocrx_word' id='word_1_156' title='bbox 414 2308 572 2386; x_wconf 73' lang='lat' dir='ltr'><strong>poenalibus</strong></span> <span class='ocrx_word' id='word_1_157' title='bbox 592 2309 688 2368; x_wconf 92' lang='lat' dir='ltr'><strong>mitior</strong></span> <span class='ocrx_word' id='word_1_158' title='bbox 709 2327 811 2367; x_wconf 86' lang='lat' dir='ltr'><strong>sensus</strong></span> <span class='ocrx_word' id='word_1_159' title='bbox 831 2326 917 2379; x_wconf 89' lang='lat' dir='ltr'><strong>quem</strong></span> <span class='ocrx_word' id='word_1_160' title='bbox 940 2308 1024 2364; x_wconf 86' lang='lat' dir='ltr'><strong>verba</strong></span> <span class='ocrx_word' id='word_1_161' title='bbox 1050 2308 1195 2384; x_wconf 88' lang='lat' dir='ltr'><strong>patiuntur</strong></span> 
     </span>
     <span class='ocr_line' id='line_1_20' title="bbox 114 2398 1198 2488; baseline -0.001 -24"><span class='ocrx_word' id='word_1_162' title='bbox 114 2407 271 2482; x_wconf 79' lang='lat' dir='ltr'><strong>prefertur,</strong></span> <span class='ocrx_word' id='word_1_163' title='bbox 290 2424 355 2465; x_wconf 88' lang='lat' dir='ltr'><strong>nam</strong></span> <span class='ocrx_word' id='word_1_164' title='bbox 382 2417 401 2444; x_wconf 88' lang='grc'>“</span> <span class='ocrx_word' id='word_1_165' title='bbox 413 2408 441 2467; x_wconf 89' lang='lat' dir='ltr'><strong>in</strong></span> <span class='ocrx_word' id='word_1_166' title='bbox 459 2411 553 2486; x_wconf 84' lang='lat' dir='ltr'><strong>poenis</strong></span> <span class='ocrx_word' id='word_1_167' title='bbox 569 2408 718 2488; x_wconf 73' lang='lat' dir='ltr'><strong>benignior</strong></span> <span class='ocrx_word' id='word_1_168' title='bbox 736 2419 779 2466; x_wconf 83' lang='lat' dir='ltr'><strong>est</strong></span> <span class='ocrx_word' id='word_1_169' title='bbox 801 2407 990 2484; x_wconf 87' lang='lat' dir='ltr'><strong>interpretatio</strong></span> <span class='ocrx_word' id='word_1_170' title='bbox 1013 2398 1198 2466; x_wconf 82' lang='lat' dir='ltr'><strong>facienda:&#39;’⁵</strong></span> 
     </span>
     <span class='ocr_line' id='line_1_21' title="bbox 110 2503 1201 2585; baseline 0.002 -23"><span class='ocrx_word' id='word_1_171' title='bbox 110 2503 163 2563; x_wconf 91' lang='lat' dir='ltr'><strong>sed</strong></span> <span class='ocrx_word' id='word_1_172' title='bbox 175 2506 205 2565; x_wconf 92' lang='lat' dir='ltr'><strong>in</strong></span> <span class='ocrx_word' id='word_1_173' title='bbox 216 2506 328 2584; x_wconf 81' lang='lat' dir='ltr'><strong>legibus</strong></span> <span class='ocrx_word' id='word_1_174' title='bbox 340 2525 405 2583; x_wconf 82' lang='lat' dir='ltr'><strong>que</strong></span> <span class='ocrx_word' id='word_1_175' title='bbox 427 2507 536 2566; x_wconf 80' lang='lat' dir='ltr'><strong>favores</strong></span> <span class='ocrx_word' id='word_1_176' title='bbox 557 2509 722 2585; x_wconf 89' lang='lat' dir='ltr'><strong>respiciunt,</strong></span> <span class='ocrx_word' id='word_1_177' title='bbox 743 2508 922 2585; x_wconf 86' lang='lat' dir='ltr'><strong>amplissima</strong></span> <span class='ocrx_word' id='word_1_178' title='bbox 944 2508 1094 2567; x_wconf 88' lang='lat' dir='ltr'><strong>verborum</strong></span> <span class='ocrx_word' id='word_1_179' title='bbox 1114 2506 1201 2583; x_wconf 79' lang='lat' dir='ltr'><strong>signi·</strong></span> 
     </span>
     <span class='ocr_line' id='line_1_22' title="bbox 112 2604 1199 2684; baseline 0.008 -23"><span class='ocrx_word' id='word_1_180' title='bbox 112 2605 204 2664; x_wconf 87' lang='lat' dir='ltr'><strong>ficatio</strong></span> <span class='ocrx_word' id='word_1_181' title='bbox 218 2617 336 2664; x_wconf 81' lang='lat' dir='ltr'><strong>tenemr.</strong></span> <span class='ocrx_word' id='word_1_182' title='bbox 379 2606 412 2664; x_wconf 84' lang='lat' dir='ltr'><strong>si</strong></span> <span class='ocrx_word' id='word_1_183' title='bbox 426 2626 511 2684; x_wconf 86' lang='lat' dir='ltr'><strong>poena</strong></span> <span class='ocrx_word' id='word_1_184' title='bbox 530 2608 830 2668; x_wconf 84' lang='lat' dir='ltr'><strong>excommunicationis</strong></span> <span class='ocrx_word' id='word_1_185' title='bbox 851 2607 953 2666; x_wconf 82' lang='lat' dir='ltr'><strong>feratur</strong></span> <span class='ocrx_word' id='word_1_186' title='bbox 974 2609 1002 2665; x_wconf 93' lang='lat' dir='ltr'><strong>in</strong></span> <span class='ocrx_word' id='word_1_187' title='bbox 1016 2604 1199 2670; x_wconf 84' lang='lat' dir='ltr'><strong>homicidam.</strong></span> 
     </span>
     <span class='ocr_line' id='line_1_23' title="bbox 112 2704 1200 2785; baseline -0.002 -23"><span class='ocrx_word' id='word_1_188' title='bbox 112 2722 169 2762; x_wconf 93' lang='lat' dir='ltr'><strong>non</strong></span> <span class='ocrx_word' id='word_1_189' title='bbox 182 2704 270 2763; x_wconf 87' lang='lat' dir='ltr'><strong>afficit</strong></span> <span class='ocrx_word' id='word_1_190' title='bbox 280 2720 348 2767; x_wconf 84' lang='lat' dir='ltr'><strong>enm</strong></span> <span class='ocrx_word' id='word_1_191' title='bbox 361 2707 410 2779; x_wconf 91' lang='lat' dir='ltr'><strong>qui</strong></span> <span class='ocrx_word' id='word_1_192' title='bbox 431 2708 532 2766; x_wconf 87' lang='lat' dir='ltr'><strong>vulnus</strong></span> <span class='ocrx_word' id='word_1_193' title='bbox 554 2707 646 2765; x_wconf 89' lang='lat' dir='ltr'><strong>intulit</strong></span> <span class='ocrx_word' id='word_1_194' title='bbox 658 2725 742 2785; x_wconf 81' lang='lat' dir='ltr'><strong>grave</strong></span> <span class='ocrx_word' id='word_1_195' title='bbox 762 2708 857 2764; x_wconf 91' lang='lat' dir='ltr'><strong>animo</strong></span> <span class='ocrx_word' id='word_1_196' title='bbox 878 2705 1074 2774; x_wconf 85' lang='lat' dir='ltr'><strong>interficiendi,</strong></span> <span class='ocrx_word' id='word_1_197' title='bbox 1086 2707 1111 2762; x_wconf 87' lang='lat' dir='ltr'><strong>si</strong></span> <span class='ocrx_word' id='word_1_198' title='bbox 1124 2721 1200 2761; x_wconf 89' lang='lat' dir='ltr'><strong>mors</strong></span> 
     </span>
     <span class='ocr_line' id='line_1_24' title="bbox 112 2803 1201 2881; baseline -0.003 -21"><span class='ocrx_word' id='word_1_199' title='bbox 112 2820 169 2861; x_wconf 92' lang='lat' dir='ltr'><strong>non</strong></span> <span class='ocrx_word' id='word_1_200' title='bbox 182 2805 377 2863; x_wconf 87' lang='lat' dir='ltr'><strong>sueritrevera</strong></span> <span class='ocrx_word' id='word_1_201' title='bbox 396 2816 502 2864; x_wconf 87' lang='lat' dir='ltr'><strong>secuta.</strong></span> <span class='ocrx_word' id='word_1_202' title='bbox 544 2806 607 2864; x_wconf 87' lang='lat' dir='ltr'><strong>Lex</strong></span> <span class='ocrx_word' id='word_1_203' title='bbox 628 2816 722 2865; x_wconf 85' lang='lat' dir='ltr'><strong>autem</strong></span> <span class='ocrx_word' id='word_1_204' title='bbox 743 2803 893 2881; x_wconf 83' lang='lat' dir='ltr'><strong>indulgens</strong></span> <span class='ocrx_word' id='word_1_205' title='bbox 913 2804 1043 2861; x_wconf 85' lang='lat' dir='ltr'><strong>fidelibus</strong></span> <span class='ocrx_word' id='word_1_206' title='bbox 1063 2818 1201 2860; x_wconf 85' lang='lat' dir='ltr'><strong>commer·</strong></span> 
     </span>
     <span class='ocr_line' id='line_1_25' title="bbox 114 2901 1202 2978; baseline 0 -19"><span class='ocrx_word' id='word_1_207' title='bbox 114 2903 192 2963; x_wconf 86' lang='lat' dir='ltr'><strong>cium</strong></span> <span class='ocrx_word' id='word_1_208' title='bbox 205 2920 271 2961; x_wconf 90' lang='lat' dir='ltr'><strong>cnm</strong></span> <span class='ocrx_word' id='word_1_209' title='bbox 290 2906 554 2972; x_wconf 85' lang='lat' dir='ltr'><strong>excommunicatis,</strong></span> <span class='ocrx_word' id='word_1_210' title='bbox 578 2908 628 2978; x_wconf 89' lang='lat' dir='ltr'><strong>qui</strong></span> <span class='ocrx_word' id='word_1_211' title='bbox 651 2923 708 2962; x_wconf 90' lang='lat' dir='ltr'><strong>non</strong></span> <span class='ocrx_word' id='word_1_212' title='bbox 722 2903 826 2961; x_wconf 86' lang='lat' dir='ltr'><strong>suerint</strong></span> <span class='ocrx_word' id='word_1_213' title='bbox 845 2902 1012 2960; x_wconf 90' lang='lat' dir='ltr'><strong>nominatim</strong></span> <span class='ocrx_word' id='word_1_214' title='bbox 1034 2901 1202 2966; x_wconf 83' lang='lat' dir='ltr'><strong>denuntiati,</strong></span> 
     </span>
     <span class='ocr_line' id='line_1_26' title="bbox 113 3000 924 3080; baseline 0.005 -24"><span class='ocrx_word' id='word_1_215' title='bbox 113 3000 158 3057; x_wconf 88' lang='lat' dir='ltr'><strong>vel</strong></span> <span class='ocrx_word' id='word_1_216' title='bbox 171 3002 274 3059; x_wconf 90' lang='lat' dir='ltr'><strong>notorii</strong></span> <span class='ocrx_word' id='word_1_217' title='bbox 287 3021 468 3080; x_wconf 86' lang='lat' dir='ltr'><strong>percussores</strong></span> <span class='ocrx_word' id='word_1_218' title='bbox 483 3005 588 3073; x_wconf 90' lang='lat' dir='ltr'><strong>clerici,</strong></span> <span class='ocrx_word' id='word_1_219' title='bbox 602 3004 738 3062; x_wconf 88' lang='lat' dir='ltr'><strong>latissime</strong></span> <span class='ocrx_word' id='word_1_220' title='bbox 757 3002 924 3079; x_wconf 82' lang='lat' dir='ltr'><strong>explicatur.</strong></span> 
     </span>
    </p>

    <p class='ocr_par' dir='ltr' id='par_1_4' title="bbox 114 3101 1231 4073">
     <span class='ocr_line' id='line_1_27' title="bbox 152 3101 1231 3205; baseline 0.002 -47"><span class='ocrx_word' id='word_1_221' title='bbox 152 3104 201 3158; x_wconf 85' lang='lat'><strong>38.</strong></span> <span class='ocrx_word' id='word_1_222' title='bbox 226 3101 355 3177; x_wconf 86' lang='lat' dir='ltr'><strong>Epiilria‚</strong></span> <span class='ocrx_word' id='word_1_223' title='bbox 370 3120 421 3161; x_wconf 83' lang='lat' dir='ltr'><strong>ceu</strong></span> <span class='ocrx_word' id='word_1_224' title='bbox 435 3104 558 3181; x_wconf 83' lang='lat' dir='ltr'><strong>benigna</strong></span> <span class='ocrx_word' id='word_1_225' title='bbox 568 3103 761 3181; x_wconf 88' lang='lat' dir='ltr'><strong>interpretatio</strong></span> <span class='ocrx_word' id='word_1_226' title='bbox 769 3122 825 3175; x_wconf 83' lang='lat' dir='ltr'><strong>qna</strong></span> <span class='ocrx_word' id='word_1_227' title='bbox 838 3121 920 3161; x_wconf 89' lang='lat' dir='ltr'><strong>casus</strong></span> <span class='ocrx_word' id='word_1_228' title='bbox 930 3101 1091 3180; x_wconf 82' lang='lat' dir='ltr'><strong>singularis,</strong></span> <span class='ocrx_word' id='word_1_229' title='bbox 1106 3111 1231 3205; x_wconf 50' lang='lat' dir='ltr'><strong>contr„</strong></span> 
     </span>
     <span class='ocr_line' id='line_1_28' title="bbox 114 3199 1204 3280; baseline 0.002 -27"><span class='ocrx_word' id='word_1_230' title='bbox 114 3200 263 3259; x_wconf 88' lang='lat' dir='ltr'><strong>verborum</strong></span> <span class='ocrx_word' id='word_1_231' title='bbox 274 3200 348 3280; x_wconf 78' lang='lat' dir='ltr'><strong>legis</strong></span> <span class='ocrx_word' id='word_1_232' title='bbox 361 3203 430 3269; x_wconf 89' lang='lat' dir='ltr'><strong>vim,</strong></span> <span class='ocrx_word' id='word_1_233' title='bbox 445 3204 579 3262; x_wconf 86' lang='lat' dir='ltr'><strong>eximitur</strong></span> <span class='ocrx_word' id='word_1_234' title='bbox 591 3224 607 3260; x_wconf 90' lang='lat' dir='ltr'><strong>a</strong></span> <span class='ocrx_word' id='word_1_235' title='bbox 625 3204 689 3280; x_wconf 88' lang='lat' dir='ltr'><strong>lege</strong></span> <span class='ocrx_word' id='word_1_236' title='bbox 702 3203 739 3260; x_wconf 95' lang='lat' dir='ltr'><strong>ob</strong></span> <span class='ocrx_word' id='word_1_237' title='bbox 753 3202 950 3278; x_wconf 84' lang='lat' dir='ltr'><strong>gravissimam</strong></span> <span class='ocrx_word' id='word_1_238' title='bbox 969 3217 1094 3266; x_wconf 83' lang='lat' dir='ltr'><strong>cansam,</strong></span> <span class='ocrx_word' id='word_1_239' title='bbox 1108 3199 1204 3256; x_wconf 88' lang='lat' dir='ltr'><strong>locum</strong></span> 
     </span>
     <span class='ocr_line' id='line_1_29' title="bbox 114 3266 1204 3379; baseline -0.004 -23"><span class='ocrx_word' id='word_1_240' title='bbox 114 3300 238 3357; x_wconf 84' lang='lat' dir='ltr'><strong>maxime</strong></span> <span class='ocrx_word' id='word_1_241' title='bbox 251 3300 336 3359; x_wconf 91' lang='lat' dir='ltr'><strong>habet</strong></span> <span class='ocrx_word' id='word_1_242' title='bbox 355 3302 383 3359; x_wconf 92' lang='lat' dir='ltr'><strong>in</strong></span> <span class='ocrx_word' id='word_1_243' title='bbox 406 3300 469 3379; x_wconf 79' lang='lat' dir='ltr'><strong>lege</strong></span> <span class='ocrx_word' id='word_1_244' title='bbox 490 3303 701 3361; x_wconf 85' lang='lat' dir='ltr'><strong>ecclesiastica:</strong></span> <span class='ocrx_word' id='word_1_245' title='bbox 724 3319 778 3358; x_wconf 90' lang='lat' dir='ltr'><strong>nec</strong></span> <span class='ocrx_word' id='word_1_246' title='bbox 800 3300 878 3357; x_wconf 87' lang='lat' dir='ltr'><strong>enirn</strong></span> <span class='ocrx_word' id='word_1_247' title='bbox 896 3300 943 3374; x_wconf 90' lang='lat' dir='ltr'><strong>pia</strong></span> <span class='ocrx_word' id='word_1_248' title='bbox 962 3307 1051 3355; x_wconf 85' lang='lat' dir='ltr'><strong>mater</strong></span> <span class='ocrx_word' id='word_1_249' title='bbox 1071 3266 1204 3354; x_wconf 64' lang='lat' dir='ltr'><strong>Ecclesia</strong></span> 
     </span>
     <span class='ocr_line' id='line_1_30' title="bbox 115 3394 1205 3473; baseline -0.001 -18"><span class='ocrx_word' id='word_1_250' title='bbox 115 3397 175 3455; x_wconf 86' lang='lat' dir='ltr'><strong>vult</strong></span> <span class='ocrx_word' id='word_1_251' title='bbox 187 3399 261 3456; x_wconf 88' lang='lat' dir='ltr'><strong>fihos</strong></span> <span class='ocrx_word' id='word_1_252' title='bbox 274 3419 343 3459; x_wconf 86' lang='lat' dir='ltr'><strong>suos</strong></span> <span class='ocrx_word' id='word_1_253' title='bbox 357 3401 386 3458; x_wconf 92' lang='lat' dir='ltr'><strong>in</strong></span> <span class='ocrx_word' id='word_1_254' title='bbox 406 3411 480 3459; x_wconf 89' lang='lat' dir='ltr'><strong>tanta</strong></span> <span class='ocrx_word' id='word_1_255' title='bbox 493 3421 587 3460; x_wconf 87' lang='lat' dir='ltr'><strong>rerum</strong></span> <span class='ocrx_word' id='word_1_256' title='bbox 601 3399 764 3458; x_wconf 86' lang='lat' dir='ltr'><strong>difficultate</strong></span> <span class='ocrx_word' id='word_1_257' title='bbox 775 3398 810 3456; x_wconf 90' lang='lat' dir='ltr'><strong>ad</strong></span> <span class='ocrx_word' id='word_1_258' title='bbox 822 3395 1075 3473; x_wconf 87' lang='lat' dir='ltr'><strong>obtemperandum</strong></span> <span class='ocrx_word' id='word_1_259' title='bbox 1090 3394 1205 3454; x_wconf 87' lang='lat' dir='ltr'><strong>adstrin-</strong></span> 
     </span>
     <span class='ocr_line' id='line_1_31' title="bbox 118 3494 1205 3575; baseline 0 -21"><span class='ocrx_word' id='word_1_260' title='bbox 118 3514 194 3572; x_wconf 78' lang='lat' dir='ltr'><strong>gere.</strong></span> <span class='ocrx_word' id='word_1_261' title='bbox 237 3498 287 3556; x_wconf 86' lang='lat' dir='ltr'><strong>Sic</strong></span> <span class='ocrx_word' id='word_1_262' title='bbox 313 3500 451 3559; x_wconf 88' lang='lat' dir='ltr'><strong>moniales</strong></span> <span class='ocrx_word' id='word_1_263' title='bbox 478 3501 634 3560; x_wconf 88' lang='lat' dir='ltr'><strong>aclaustro</strong></span> <span class='ocrx_word' id='word_1_264' title='bbox 660 3500 739 3557; x_wconf 88' lang='lat' dir='ltr'><strong>exire</strong></span> <span class='ocrx_word' id='word_1_265' title='bbox 759 3507 888 3575; x_wconf 80' lang='lat' dir='ltr'><strong>possunt,</strong></span> <span class='ocrx_word' id='word_1_266' title='bbox 909 3497 1042 3575; x_wconf 83' lang='lat' dir='ltr'><strong>flagrante</strong></span> <span class='ocrx_word' id='word_1_267' title='bbox 1063 3494 1205 3564; x_wconf 89' lang='lat' dir='ltr'><strong>incendio,</strong></span> 
     </span>
     <span class='ocr_line' id='line_1_32' title="bbox 118 3588 1204 3677; baseline 0.003 -27"><span class='ocrx_word' id='word_1_268' title='bbox 118 3596 163 3653; x_wconf 91' lang='lat' dir='ltr'><strong>vel</strong></span> <span class='ocrx_word' id='word_1_269' title='bbox 176 3597 304 3656; x_wconf 85' lang='lat' dir='ltr'><strong>hostibus</strong></span> <span class='ocrx_word' id='word_1_270' title='bbox 318 3598 497 3668; x_wconf 88' lang='lat' dir='ltr'><strong>irruentibus,</strong></span> <span class='ocrx_word' id='word_1_271' title='bbox 510 3601 578 3659; x_wconf 89' lang='lat' dir='ltr'><strong>licet</strong></span> <span class='ocrx_word' id='word_1_272' title='bbox 596 3601 644 3658; x_wconf 85' lang='lat' dir='ltr'><strong>lex</strong></span> <span class='ocrx_word' id='word_1_273' title='bbox 664 3617 779 3657; x_wconf 85' lang='lat' dir='ltr'><strong>ornnem</strong></span> <span class='ocrx_word' id='word_1_274' title='bbox 798 3588 1053 3677; x_wconf 72' lang='lat' dir='ltr'><strong>egressum&#39;&#39;vetare</strong></span> <span class='ocrx_word' id='word_1_275' title='bbox 1066 3597 1204 3656; x_wconf 86' lang='lat' dir='ltr'><strong>videatur.</strong></span> 
     </span>
     <span class='ocr_line' id='line_1_33' title="bbox 116 3695 1204 3773; baseline 0.001 -20"><span class='ocrx_word' id='word_1_276' title='bbox 116 3695 200 3760; x_wconf 83' lang='lat' dir='ltr'><strong>Quod</strong></span> <span class='ocrx_word' id='word_1_277' title='bbox 213 3697 298 3773; x_wconf 83' lang='lat' dir='ltr'><strong>igitur</strong></span> <span class='ocrx_word' id='word_1_278' title='bbox 311 3709 405 3756; x_wconf 86' lang='lat' dir='ltr'><strong>narrat</strong></span> <span class='ocrx_word' id='word_1_279' title='bbox 422 3699 574 3757; x_wconf 75' lang='lat' dir='ltr'><strong>Mattheus</strong></span> <span class='ocrx_word' id='word_1_280' title='bbox 589 3701 670 3758; x_wconf 89' lang='lat' dir='ltr'><strong>Paris</strong></span> <span class='ocrx_word' id='word_1_281' title='bbox 690 3698 726 3758; x_wconf 94' lang='lat' dir='ltr'><strong>de</strong></span> <span class='ocrx_word' id='word_1_282' title='bbox 746 3697 886 3757; x_wconf 82' lang='lat' dir='ltr'><strong>“duabus</strong></span> <span class='ocrx_word' id='word_1_283' title='bbox 906 3698 1026 3758; x_wconf 87' lang='lat' dir='ltr'><strong>reclusis</strong></span> <span class='ocrx_word' id='word_1_284' title='bbox 1041 3697 1204 3762; x_wconf 85' lang='lat' dir='ltr'><strong>vestalibus,</strong></span> 
     </span>
     <span class='ocr_line' id='line_1_34' title="bbox 116 3792 1208 3881; baseline -0.002 -30"><span class='ocrx_word' id='word_1_285' title='bbox 116 3811 178 3865; x_wconf 78' lang='lat' dir='ltr'><strong>que</strong></span> <span class='ocrx_word' id='word_1_286' title='bbox 192 3813 245 3853; x_wconf 90' lang='lat' dir='ltr'><strong>noe</strong></span> <span class='ocrx_word' id='word_1_287' title='bbox 265 3797 295 3856; x_wconf 92' lang='lat' dir='ltr'><strong>in</strong></span> <span class='ocrx_word' id='word_1_288' title='bbox 316 3798 363 3856; x_wconf 92' lang='lat' dir='ltr'><strong>tali</strong></span> <span class='ocrx_word' id='word_1_289' title='bbox 383 3798 581 3868; x_wconf 84' lang='lat' dir='ltr'><strong>necessitate‚’&#39;</strong></span> <span class='ocrx_word' id='word_1_290' title='bbox 604 3799 733 3881; x_wconf 89' lang='lat' dir='ltr'><strong>(incensa</strong></span> <span class='ocrx_word' id='word_1_291' title='bbox 752 3798 863 3857; x_wconf 89' lang='lat' dir='ltr'><strong>scilicet</strong></span> <span class='ocrx_word' id='word_1_292' title='bbox 881 3799 916 3856; x_wconf 86' lang='lat' dir='ltr'><strong>ab</strong></span> <span class='ocrx_word' id='word_1_293' title='bbox 936 3797 1065 3855; x_wconf 88' lang='lat' dir='ltr'><strong>hostibus</strong></span> <span class='ocrx_word' id='word_1_294' title='bbox 1086 3792 1208 3852; x_wconf 86' lang='lat' dir='ltr'><strong>ecclesia</strong></span> 
     </span>
     <span class='ocr_line' id='line_1_35' title="bbox 116 3881 1208 3976; baseline -0.002 -26"><span class='ocrx_word' id='word_1_295' title='bbox 116 3911 205 3970; x_wconf 90' lang='lat' dir='ltr'><strong>prope</strong></span> <span class='ocrx_word' id='word_1_296' title='bbox 219 3914 305 3967; x_wconf 88' lang='lat' dir='ltr'><strong>quam</strong></span> <span class='ocrx_word' id='word_1_297' title='bbox 318 3894 481 3976; x_wconf 70' lang='lat' dir='ltr'><strong>degebant)</strong></span> <span class='ocrx_word' id='word_1_298' title='bbox 503 3907 666 3974; x_wconf 74' lang='lat' dir='ltr'><strong>“putarunt</strong></span> <span class='ocrx_word' id='word_1_299' title='bbox 684 3918 751 3956; x_wconf 85' lang='lat' dir='ltr'><strong>suas</strong></span> <span class='ocrx_word' id='word_1_300' title='bbox 764 3898 824 3956; x_wconf 90' lang='lat' dir='ltr'><strong>fore</strong></span> <span class='ocrx_word' id='word_1_301' title='bbox 838 3896 971 3953; x_wconf 78' lang='lat' dir='ltr'><strong>rediculus</strong></span> <span class='ocrx_word' id='word_1_302' title='bbox 989 3881 1208 3958; x_wconf 77' lang='lat' dir='ltr'><strong>deserendas,&#39;’⁵</strong></span> 
     </span>
     <span class='ocr_line' id='line_1_36' title="bbox 116 3989 1049 4073; baseline -0.005 -23"><span class='ocrx_word' id='word_1_303' title='bbox 116 4011 252 4070; x_wconf 86' lang='lat' dir='ltr'><strong>magnum</strong></span> <span class='ocrx_word' id='word_1_304' title='bbox 266 3996 361 4073; x_wconf 92' lang='lat' dir='ltr'><strong>prodit</strong></span> <span class='ocrx_word' id='word_1_305' title='bbox 374 3998 484 4072; x_wconf 87' lang='lat' dir='ltr'><strong>pietatis</strong></span> <span class='ocrx_word' id='word_1_306' title='bbox 498 4017 626 4067; x_wconf 87' lang='lat' dir='ltr'><strong>sensum,</strong></span> <span class='ocrx_word' id='word_1_307' title='bbox 641 3997 692 4055; x_wconf 91' lang='lat' dir='ltr'><strong>sed</strong></span> <span class='ocrx_word' id='word_1_308' title='bbox 705 3997 754 4071; x_wconf 86' lang='lat' dir='ltr'><strong>qui</strong></span> <span class='ocrx_word' id='word_1_309' title='bbox 767 3996 839 4072; x_wconf 81' lang='lat' dir='ltr'><strong>legis</strong></span> <span class='ocrx_word' id='word_1_310' title='bbox 854 3996 911 4052; x_wconf 83' lang='lat' dir='ltr'><strong>vini</strong></span> <span class='ocrx_word' id='word_1_311' title='bbox 927 3989 1049 4051; x_wconf 85' lang='lat' dir='ltr'><strong>excedit.</strong></span> 
     </span>
    </p>
   </div>
   <div class='ocr_carea' id='block_1_3' title="bbox 152 4158 1175 4554">
    <p class='ocr_par' dir='ltr' id='par_1_5' title="bbox 152 4158 1175 4554">
     <span class='ocr_line' id='line_1_37' title="bbox 153 4158 1175 4233; baseline -0.003 -23"><span class='ocrx_word' id='word_1_312' title='bbox 153 4163 195 4227; x_wconf 88' lang='lat' dir='ltr'><strong>(l)</strong></span> <span class='ocrx_word' id='word_1_313' title='bbox 216 4162 245 4212; x_wconf 89' lang='lat'><strong>1..</strong></span> <span class='ocrx_word' id='word_1_314' title='bbox 261 4164 304 4214; x_wconf 87' lang='lat' dir='ltr'><strong>xii.</strong></span> <span class='ocrx_word' id='word_1_315' title='bbox 316 4164 341 4213; x_wconf 85' lang='lat' dir='ltr'><strong>ll&#39;.</strong></span> <span class='ocrx_word' id='word_1_316' title='bbox 353 4163 383 4215; x_wconf 82' lang='lat' dir='ltr'><strong>de</strong></span> <span class='ocrx_word' id='word_1_317' title='bbox 396 4163 515 4233; x_wconf 69' lang='lat' dir='ltr'><strong>Legibus.</strong></span> <span class='ocrx_word' id='word_1_318' title='bbox 672 4164 715 4227; x_wconf 76' lang='grc' dir='ltr'><strong>(Ι)</strong></span> <span class='ocrx_word' id='word_1_319' title='bbox 735 4162 795 4225; x_wconf 84' lang='lat' dir='ltr'><strong>Cap.</strong></span> <span class='ocrx_word' id='word_1_320' title='bbox 804 4160 833 4210; x_wconf 85' lang='lat' dir='ltr'><strong>de</strong></span> <span class='ocrx_word' id='word_1_321' title='bbox 844 4158 903 4210; x_wconf 81' lang='lat' dir='ltr'><strong>noui</strong></span> <span class='ocrx_word' id='word_1_322' title='bbox 912 4159 997 4225; x_wconf 82' lang='lat' dir='ltr'><strong>operis</strong></span> <span class='ocrx_word' id='word_1_323' title='bbox 1008 4158 1175 4212; x_wconf 73' lang='lat' dir='ltr'><strong>nuntiatione.</strong></span> 
     </span>
     <span class='ocr_line' id='line_1_38' title="bbox 152 4242 950 4312; baseline -0.004 -15"><span class='ocrx_word' id='word_1_324' title='bbox 152 4244 191 4312; x_wconf 71' lang='lat'><strong>(³)</strong></span> <span class='ocrx_word' id='word_1_325' title='bbox 211 4246 272 4309; x_wconf 74' lang='lat' dir='ltr'><strong>Rep.</strong></span> <span class='ocrx_word' id='word_1_326' title='bbox 284 4264 326 4297; x_wconf 80' lang='lat' dir='ltr'><strong>xv.</strong></span> <span class='ocrx_word' id='word_1_327' title='bbox 338 4248 365 4298; x_wconf 92' lang='lat' dir='ltr'><strong>in</strong></span> <span class='ocrx_word' id='word_1_328' title='bbox 376 4250 402 4298; x_wconf 77' lang='grc'><strong>6.</strong></span> <span class='ocrx_word' id='word_1_329' title='bbox 681 4245 723 4310; x_wconf 83' lang='grc'><strong>(4)</strong></span> <span class='ocrx_word' id='word_1_330' title='bbox 743 4244 804 4306; x_wconf 76' lang='lat' dir='ltr'><strong>Bag.</strong></span> <span class='ocrx_word' id='word_1_331' title='bbox 815 4243 875 4292; x_wconf 81' lang='lat' dir='ltr'><strong>xlix.</strong></span> <span class='ocrx_word' id='word_1_332' title='bbox 889 4242 915 4292; x_wconf 89' lang='lat' dir='ltr'><strong>in</strong></span> <span class='ocrx_word' id='word_1_333' title='bbox 928 4243 950 4294; x_wconf 80' lang='lat'><strong>6.</strong></span> 
     </span>
     <span class='ocr_line' id='line_1_39' title="bbox 154 4328 627 4399; baseline -0.002 -18"><span class='ocrx_word' id='word_1_334' title='bbox 154 4333 197 4399; x_wconf 82' lang='lat' dir='ltr'><strong>(b)</strong></span> <span class='ocrx_word' id='word_1_335' title='bbox 216 4333 248 4383; x_wconf 88' lang='lat'><strong>1..</strong></span> <span class='ocrx_word' id='word_1_336' title='bbox 256 4334 301 4384; x_wconf 76' lang='lat' dir='ltr'><strong>ult.</strong></span> <span class='ocrx_word' id='word_1_337' title='bbox 312 4333 375 4384; x_wconf 79' lang='lat' dir='ltr'><strong>eod.</strong></span> <span class='ocrx_word' id='word_1_338' title='bbox 386 4333 416 4385; x_wconf 82' lang='lat' dir='ltr'><strong>de</strong></span> <span class='ocrx_word' id='word_1_339' title='bbox 427 4332 525 4385; x_wconf 79' lang='lat' dir='ltr'><strong>indicto</strong></span> <span class='ocrx_word' id='word_1_340' title='bbox 536 4328 627 4382; x_wconf 78' lang='lat' dir='ltr'><strong>viduit.</strong></span> 
     </span>
     <span class='ocr_line' id='line_1_40' title="bbox 155 4413 906 4483; baseline -0.003 -15"><span class='ocrx_word' id='word_1_341' title='bbox 155 4416 197 4483; x_wconf 81' lang='grc'><strong>(6)</strong></span> <span class='ocrx_word' id='word_1_342' title='bbox 217 4416 288 4471; x_wconf 78' lang='lat' dir='ltr'><strong>nur.</strong></span> <span class='ocrx_word' id='word_1_343' title='bbox 294 4417 372 4481; x_wconf 73' lang='lat' dir='ltr'><strong>Angl.</strong></span> <span class='ocrx_word' id='word_1_344' title='bbox 385 4417 524 4469; x_wconf 84' lang='lat' dir='ltr'><strong>Wilielmur</strong></span> <span class='ocrx_word' id='word_1_345' title='bbox 535 4416 566 4468; x_wconf 88' lang='lat' dir='ltr'><strong>ll.</strong></span> <span class='ocrx_word' id='word_1_346' title='bbox 576 4431 601 4483; x_wconf 91' lang='lat' dir='ltr'><strong>p.</strong></span> <span class='ocrx_word' id='word_1_347' title='bbox 612 4418 650 4466; x_wconf 80' lang='lat' dir='ltr'><strong>lt.</strong></span> <span class='ocrx_word' id='word_1_348' title='bbox 661 4414 720 4467; x_wconf 82' lang='lat' dir='ltr'><strong>edit.</strong></span> <span class='ocrx_word' id='word_1_349' title='bbox 728 4413 818 4479; x_wconf 61' lang='lat' dir='ltr'><strong>&#39;I&#39;ifli</strong></span> <span class='ocrx_word' id='word_1_350' title='bbox 832 4417 906 4466; x_wconf 77' lang='grc'><strong>1606.</strong></span> 
     </span>
     <span class='ocr_line' id='line_1_41' title="bbox 638 4497 693 4554; baseline 0.036 -2"><span class='ocrx_word' id='word_1_351' title='bbox 638 4497 693 4554; x_wconf 69' lang='lat'><strong>16*</strong></span> 
     </span>
    </p>
   </div>
   <div class='ocr_carea' id='block_1_4' title="bbox 0 0 1404 4996">
    <p class='ocr_par' dir='ltr' id='par_1_6' title="bbox 0 0 1404 4996">
     <span class='ocr_line' id='line_1_42' title="bbox 0 0 1404 4996; baseline 0 0"><span class='ocrx_word' id='word_1_352' title='bbox 0 0 1404 4996; x_wconf 95' lang='lat' dir='ltr'><strong> </strong></span> 
     </span>
    </p>
   </div>
  </div>
 </body>
</html>
