2766 4996
358 409 416 469 DE
438 409 641 471 GENTIUM
661 411 848 473 JURIBUS.
1094 421 1150 474 241

61 575 311 644 contendentibus,
325 586 353 632 et
366 575 494 634 inviolati
508 575 631 634 habendi
644 587 720 644 sunt,
734 579 818 637 etiam
832 579 940 636 furente
953 579 1045 636 bello:
1068 581 1117 650 qui
1132 590 1160 636 et

60 678 172 754 legibus
182 677 311 735 locorum
326 675 357 733 in
371 675 474 747 quibus
488 674 594 751 degunt
607 674 684 733 haud
697 677 893 754 subjiciuntur,
908 696 995 750 quum
1009 695 1154 753 supremo·

61 795 125 835 rum
139 776 303 853 principum
316 775 395 832 vices
409 783 518 851 gerant.
560 773 595 830 Si
608 791 660 831 sua
671 775 818 832 abutantur
831 777 991 833 auctoritate
1004 777 1033 834 in
1047 777 1158 852 reipub·

63 877 138 943 licre,
153 873 229 951 apud
242 891 329 944 quam
344 871 459 948 degunt,
474 880 599 948 apertam
613 873 779 948 perniciem,
801 874 952 948 aliquando
971 874 1157 934 dimittuntur.

62 975 245 1033 Immunitate
262 969 386 1048 gaudent
410 971 461 1043 qui
486 972 628 1047 pertinent
648 970 683 1028 ad
708 972 857 1040 familiam,
878 982 907 1029 et
927 972 1030 1032 domus
1055 989 1159 1046 reaque

61 1075 168 1150 legati:
191 1081 314 1128 attamen
335 1088 469 1145 suprema
489 1068 581 1128 Curia
593 1070 643 1145 jus
656 1069 726 1128 dicit
739 1072 769 1129 iu
782 1072 818 1130 iis
832 1090 894 1144 quae
907 1072 1063 1149 legatorum
1076 1075 1161 1131 inter·

65 1169 160 1230 sunt¹
208 1168 351 1227 Foederati
372 1168 468 1225 Status
493 1169 694 1228 Ministrorum
714 1169 798 1247 plena
817 1171 941 1246 potentia
960 1172 1160 1229 instructorum

65 1273 184 1330 nomine
198 1287 266 1326 suos
280 1268 442 1345 praecipuos
457 1269 571 1325 nuntios
586 1266 663 1343 apud
676 1280 775 1345 gentes
789 1280 899 1327 exteras
912 1267 1071 1345 designant,
1085 1270 1161 1346 lega·

66 1383 159 1428 torum
172 1386 291 1427 munere
305 1367 425 1426 omisso.
467 1365 609 1444 Legatum
624 1367 701 1425 nolle
715 1368 844 1444 accipere
858 1366 933 1435 licet,
957 1369 1162 1444 signatissime

66 1471 159 1526 obstet
177 1469 258 1533 ratio,
273 1486 308 1522 v:
331 1485 366 1542 g:
390 1465 467 1538 quod
488 1466 531 1522 vir
549 1467 629 1543 genti
652 1469 689 1524 sit
702 1467 819 1526 omnino
841 1467 970 1533 musam
992 1485 1053 1539 quae
1067 1478 1162 1525 tamen

65 1570 124 1626 nisi
135 1566 304 1643 explicetur,
319 1564 496 1623 simultatum
507 1565 645 1640 prebebit
657 1568 848 1624 occasionem.
871 1565 943 1631 Qua
951 1565 1023 1623 fiunt
1032 1586 1048 1622 a
1057 1566 1160 1642 legato,

67 1666 204 1743 principis
224 1665 352 1733 nomine,
374 1663 459 1721 robur
473 1665 587 1735 vimque
604 1675 708 1721 certam
718 1683 776 1722 uon
789 1664 926 1730 obtinent,
939 1665 995 1722 nisi
1009 1664 1159 1722 accedente

66 1765 277 1824 ratihabitione.

109 1869 157 1922 12.
179 1861 323 1920 Consules
346 1858 477 1919 dicuntur
504 1860 554 1934 qui
580 1861 612 1917 iu
638 1861 765 1936 portibus
791 1860 891 1919 alienis
911 1860 1027 1937 degunt,
1048 1862 1163 1936 negotia

68 1965 181 2022 minora
192 1978 254 2034 que
269 1958 305 2017 ad
318 1960 523 2019 commercium
537 1959 690 2035 pertinent,
705 1959 797 2036 gentis
816 1978 875 2017 sua
889 1959 1015 2028 nomine,
1029 1961 1160 2018 curaturi.

67 2059 232 2136 Aliquando
254 2059 290 2117 iis
318 2058 485 2118 conceditur
510 2058 660 2117 auctoritas
687 2057 880 2134 componendi
903 2059 968 2117 lites
990 2061 1062 2118 iuter
1081 2078 1161 2126 suos,

66 2175 187 2235 unaque
210 2169 295 2238 gente
318 2176 382 2217 eam
403 2159 438 2217 iis
458 2156 644 2234 indulgente:
666 2157 717 2216 sed
737 2156 905 2235 plemmque
925 2177 961 2216 ea
982 2170 1087 2226 carent,
1108 2176 1162 2217 nec

68 2261 193 2340 gaudent
205 2258 394 2318 immunitate.
418 2257 529 2316 Eorum
543 2258 653 2334 scripto
667 2257 832 2316 testimonio
846 2256 881 2315 de
895 2257 979 2315 rebus
992 2258 1079 2334 gestis
1090 2256 1161 2315 fides

68 2361 186 2438 publica
199 2357 356 2416 adhibetur.

103 2548 145 2612 (l)
165 2553 180 2576 ‘¹
192 2545 221 2594 Iu
231 2544 263 2594 all
273 2560 342 2594 cases
363 2542 478 2605 affectius
489 2542 662 2601 ambumdnrr,
678 2542 747 2592 other
758 2542 841 2608 public
852 2542 974 2593 ministare
991 2543 1040 2593 sud
1057 2543 1164 2602 consuls,

65 2633 114 2683 aod
124 2633 193 2681 those
206 2630 232 2680 in
243 2628 327 2680 which
344 2646 359 2679 a
370 2637 431 2679 mate
442 2627 504 2678 shall
515 2630 545 2678 bs
556 2637 635 2694 party,
644 2627 686 2678 the
697 2627 818 2693 Suprema
825 2628 902 2680 Ceurt
911 2628 974 2679 shall
985 2627 1047 2678 have
1058 2627 1163 2690 original

61 2714 240 2785 jurisdictieu.”
276 2714 363 2766 Cenat.
373 2713 465 2765 Uuited
476 2713 566 2774 states,
579 2722 622 2764 art.
635 2714 671 2762 iii.
682 2713 696 2763 J
700 2712 817 2777 udicisry.
