2766 4996
137 424 196 478 368
330 420 385 478 DE
411 418 651 479 PARENTUM
673 417 1048 480 OBLIGATIONIBUS.

140 589 245 663 piccrc,
259 585 406 655 librosque
420 600 522 658 pravos
536 600 574 639 ex
587 601 688 643 sorum
708 583 840 642 manibus
852 584 977 659 eripere,
996 587 1176 662 juvenesque
1188 585 1229 642 da

139 686 298 757 linquentes
313 682 426 756 punire,
440 698 491 738 seu
504 700 520 737 e
534 681 634 739 schola
653 682 804 748 dimittere,
826 699 862 738 nc
879 681 950 740 alios
964 684 1026 740 suis
1039 684 1168 742 inficiant
1179 685 1228 742 cal·

139 780 449 856 loquiisetexemplis.
472 779 531 837 Sed
539 791 569 838 st
577 781 855 857 oportetdiscipulos
865 779 932 838 fidei
947 781 1080 841 doctrina
1091 784 1229 849 instruere,

139 893 168 940 et
180 880 215 938 ad
229 882 362 956 pietatem
377 879 538 945 informare,
552 879 666 952 quando
687 879 716 936 id
737 897 788 954 per
808 889 940 954 parentes
960 881 1067 939 liceat:
1091 882 1230 941 acatholici

140 993 233 1039 autem
248 980 329 1054 pueri
342 987 497 1052 nequeunt,
512 980 674 1053 parentibus
688 979 793 1045 invitis,
815 975 850 1033 ad
871 976 957 1036 fidem
976 980 1099 1045 traduci,
1114 983 1169 1039 nisi
1183 983 1229 1057 ipsi

140 1090 267 1153 quierant
280 1077 316 1138 da
329 1098 363 1136 ea
380 1076 604 1136 irntructionsrn.
647 1078 681 1136 ln
694 1076 801 1134 scholis
821 1076 905 1152 igitur
922 1079 1075 1150 inquibus
1090 1080 1229 1138 acatholici

140 1199 205 1238 cum
220 1178 365 1236 catholicis
379 1175 561 1241 conveniunt,
583 1184 696 1252 proestat
714 1183 745 1231 ut
758 1182 870 1249 tempus
890 1188 1092 1253 opportunum
1106 1180 1230 1256 caligatur

139 1280 235 1353 pueris
249 1277 397 1334 catholicis
411 1277 441 1332 in
460 1274 544 1332 rebus
558 1275 625 1332 fidei
646 1272 825 1332 instituendis
845 1290 976 1333 seorsum
1001 1277 1038 1333 ab
1059 1277 1227 1336 acatholicis.

140 1376 272 1432 Graviter
285 1384 379 1431 autam
393 1382 512 1449 peccant
525 1373 653 1448 magistri
667 1373 717 1444 qui
736 1389 795 1430 non
813 1382 914 1430 curant
933 1383 965 1431 ut
984 1376 1068 1450 pueri
1091 1376 1229 1451 proficiant

139 1472 249 1539 litteris,
263 1482 292 1526 ct
304 1472 407 1546 probos
421 1469 514 1528 colant
527 1488 632 1537 moras,
646 1470 698 1528 scd
717 1479 747 1528 at
759 1469 845 1528 fidem
864 1483 980 1529 servant
1001 1464 1154 1550 inegram,
1167 1496 1226 1548 qua·

138 1583 219 1628 tenus
234 1587 322 1646 penas
344 1570 422 1646 ipsos
444 1582 496 1626 cst.
539 1569 680 1646 Magnum
701 1570 786 1646 igitur
805 1587 910 1626 munus
934 1586 1107 1638 commeat,
1131 1575 1227 1647 dequo

138 1671 208 1728 ratio
216 1687 349 1746 supremo
356 1667 446 1745 judici
457 1666 614 1726 reddenda:
632 1668 737 1734 “Quid
748 1667 873 1744 majus‚”
885 1669 978 1742 inquit
988 1670 1222 1748 Olrrysostomus,

140 1780 158 1805 ·‘
169 1787 254 1842 quam
268 1767 543 1828 adolescentulorum
556 1768 663 1842 fingere
678 1784 771 1825 moras
784 1760 833 1822 l’'¹

545 1954 586 2019 (1)
606 1952 680 2003 Hom.
692 1953 725 2002 lx.
737 1953 761 2002 in
776 1953 834 2002 Mat.
