2744 4980
527 471 583 531 DE
604 469 824 532 PEOOATIS.
1161 478 1220 533 28³

126 659 193 698 rum
206 639 338 707 servitus,
354 637 501 706 veneficii,
523 639 689 709 inimicitie,
710 639 918 706 contentiones,
933 639 1136 706 minutiones,
1159 640 1218 706 irae,

125 740 210 806 rixae,
224 738 430 805 dissensiones,
450 747 544 806 seete,
559 738 684 806 invidie,
704 737 869 805 homicidia,
883 738 1040 806 ebrietates,
1055 739 1220 796 comessati·

127 857 212 905 ones,
226 837 313 895 ethis
327 837 441 904 similia,
455 854 519 909 que
533 835 656 913 praedico
669 840 761 906 vobis,
781 838 855 896 sient
868 836 1004 913 predixi:
1026 839 1161 911 quoniam
1172 837 1221 910 qui

125 937 194 995 talia
206 946 304 1014 agunt,
317 954 436 1013 regnum
450 935 506 994 Dei
519 954 577 1011 non
590 948 807 1010 consequentur.
813 928 844 963 ¹’'

171 1040 200 1095 ὓ.
222 1035 375 1094 Peccatum
397 1034 499 1092 dicitur
520 1033 646 1103 actuale,
670 1035 783 1110 quando
806 1046 869 1093 actu
892 1044 1014 1111 patratur
1036 1055 1064 1093 v.
1086 1055 1119 1112 g:
1141 1045 1218 1092 actus

127 1133 296 1193 homicidii:
318 1141 467 1210 peccatum
480 1132 633 1192 habitacio
646 1145 690 1192 cst
701 1134 811 1198 :nacula
820 1153 883 1206 quae
893 1135 993 1192 anime
1004 1135 1121 1193 inheret
1130 1133 1220 1191 donec

127 1235 215 1311 eulpa
226 1232 353 1292 eluatur:
375 1231 413 1288 ita
432 1250 547 1304 quoque
560 1244 675 1292 vocatur
695 1231 831 1310 peccandi
851 1233 1036 1291 consuetudo.
1080 1233 1137 1299 Qui
1153 1250 1221 1291 eon·

126 1334 225 1391 suevit
242 1351 275 1390 se
294 1331 432 1390 inebriare
452 1343 600 1406 peccatum
622 1331 761 1391 habituale
781 1330 918 1389 admittit:
940 1331 990 1403 qui
1014 1332 1104 1389 semel
1126 1331 1220 1389 ebrius

129 1431 193 1497 suit,
208 1432 292 1508 culpa
305 1431 438 1488 immunis
452 1440 576 1498 nonest,
590 1429 680 1489 donec
687 1429 854 1508 penitentia
866 1447 928 1486 eam
942 1431 1106 1506 expiaverit.
1148 1429 1219 1487 Pec-

127 1542 193 1586 cata
205 1530 409 1588 omniacontra
428 1528 524 1585 llenm
544 1539 619 1596 sunt,
635 1509 826 1606 juxtaillud:
850 1527 950 1586 “Tibi
969 1529 1023 1587 soli
1046 1521 1222 1605 peceavi-:⁹⁶

128 1640 265 1686 caetemm
279 1628 408 1700 quadam
422 1633 527 1685 contro
540 1625 641 1686 Deum
661 1629 793 1688 dicuntur
811 1627 928 1704 speciali
942 1628 1060 1696 ratione,
1075 1626 1151 1699 quod
1166 1629 1220 1685 sci·

126 1727 196 1785 licet
209 1745 275 1786 eum
288 1726 392 1785 directe
404 1726 575 1802 respiciant:
597 1745 644 1784 ex.
659 1747 710 1804 gr:
733 1726 920 1803 blasphemia,
934 1726 1084 1802 impietas:
1107 1737 1222 1801 peccata

128 1826 421 1904 controproaimum
434 1823 568 1883 homines
588 1827 741 1902 attingunt:
763 1845 791 1882 v.
810 1845 858 1902 gr:
881 1826 998 1892 furtum,
1013 1823 1217 1883 homicidium:
1304 1856 1306 1859 -

128 1937 247 2001 peccata
266 1932 369 1984 eontra
391 1924 524 2001 seipsum
544 1923 672 1984 ordinem
696 1943 780 1997 quem
803 1926 832 1981 in
851 1942 883 1981 se
906 1923 1029 1999 gerendo
1051 1921 1220 1982 servandum

128 2026 287 2098 unicuique
300 2025 370 2083 ratio
384 2024 553 2100 prescribit,
568 2025 675 2081 turbat:
697 2043 725 2081 v.
740 2043 791 2100 gr:
813 2024 942 2090 ebrietas,
963 2023 1106 2081 mollities.
1148 2014 1221 2080 Pec-

128 2135 194 2181 cata
205 2123 390 2202 ignorantiae
409 2133 475 2180 sunt
492 2141 556 2195 que
576 2140 613 2181 ex
632 2123 801 2199 ignorantia,
815 2121 949 2198 culpabili
962 2131 1066 2190 tamen,
1081 2122 1221 2198 originem

128 2223 261 2282 trahunt:
281 2224 321 2281 uti
336 2241 371 2280 ea
383 2239 445 2294 qna:
464 2231 560 2280 contra
580 2241 631 2279 sua
652 2241 768 2281 munera
789 2220 938 2279 admittunt
956 2220 1059 2279 medici
1079 2221 1219 2296 imperiti:

129 2335 248 2398 peecata
260 2321 452 2381 infirmitati:
465 2330 611 2390 vocantur,
626 2340 690 2393 qne
703 2322 740 2380 ob
753 2333 852 2378 tenues
866 2332 969 2377 naturae
983 2320 1058 2376 vires
1072 2319 1221 2377 admittun-

130 2431 178 2479 tur
197 2423 232 2480 ab
253 2421 415 2481 hominibus
437 2421 562 2494 alioquin
584 2422 666 2478 bone
686 2420 854 2478 voluntatis:
877 2437 903 2476 v.
918 2438 953 2494 g:
974 2419 1065 2494 eulpae
1087 2418 1220 2484 veniales,

130 2520 177 2578 vel
196 2539 295 2598 greum
318 2539 354 2578 ex
372 2519 576 2578 vehementiori
597 2520 748 2578 tentatione
767 2528 854 2577 ortoe:
877 2527 991 2595 peccata
1010 2516 1137 2576 matitia
1156 2526 1222 2574 suut

130 2639 196 2692 quae
210 2620 359 2678 admittunt
372 2619 503 2676 homines
517 2637 638 2691 nequam
653 2619 804 2676 voluntatis
818 2617 904 2693 pleno
917 2616 1027 2675 affectu.
1070 2616 1137 2674 Huc
1151 2616 1221 2673 reie-

129 2733 230 2776 runtur
241 2735 334 2796 prave
353 2718 572 2776 eonsuetudines
593 2735 663 2789 quas
678 2719 741 2789 quis
763 2715 914 2774 emendare
928 2715 1062 2790 negligit:
1076 2733 1141 2771 narn
1156 2733 1220 2788 pec·

130 2829 224 2875 catum
247 2818 365 2895 diligere
391 2826 419 2873 et
438 2817 535 2874 iuvere
555 2816 741 2884 convincitur,
765 2816 814 2888 qni
841 2813 910 2872 illud
932 2824 1039 2888 patrare
1062 2814 1219 2870 consuevit.

131 2916 407 2989 “Quandocumque
421 2917 522 2988 aliquis
535 2916 621 2972 utitur
646 2915 742 2972 habitu
762 2913 873 2978 vitioso,
893 2929 1010 2969 necesse
1030 2921 1075 2969 est
1094 2911 1170 2984 quod
1184 2930 1221 2968 ex

130 3027 207 3072 certa
221 3016 327 3074 malitia
341 3024 457 3092 peccet:
480 3016 547 3088 quie
560 3015 712 3086 unicuique
726 3013 839 3070 habenti
856 3011 981 3069 habitum
994 3021 1038 3068 est
1051 3030 1102 3087 per
1115 3030 1145 3068 se
1159 3011 1221 3070 dili·

131 3115 219 3191 gibile
246 3113 275 3172 id
295 3113 371 3187 qnod
390 3122 435 3171 est
454 3115 480 3171 ei
503 3113 676 3171 conveniens
698 3113 855 3170 secundum
878 3111 1024 3187 proprium
1047 3104 1222 3171 habitm.’'³

131 3212 276 3271 Caeterum
291 3214 340 3286 qui
354 3213 588 3275 consuetudinem
604 3212 756 3271 emendare
770 3209 872 3276 studet,
887 3227 944 3266 non
958 3210 1010 3266 erit
1022 3211 1129 3284 peccati
1143 3210 1221 3266 muli-

132 3315 177 3371 tite
192 3331 268 3381 reus,
283 3313 307 3369 si
322 3313 493 3385 quandoque
508 3314 535 3369 vi
549 3310 761 3369 consuetudinis
781 3309 907 3372 labatur:
928 3307 978 3363 sed
992 3307 1131 3382 oportebit
1144 3307 1221 3364 inde·

130 3413 256 3470 sinenter
280 3412 419 3478 reluctari,
443 3411 558 3487 vigilare
581 3422 608 3466 et
633 3428 722 3475 orare,
749 3407 839 3464 donee
861 3424 924 3463 eam
949 3407 1061 3481 penitus
1084 3406 1219 3463 evellerit.

132 3511 202 3577 Quae
217 3512 330 3569 interim
345 3510 465 3568 admittit
477 3510 644 3568 infirmitatis
658 3517 771 3585 peccata
784 3517 858 3574 stunt,
873 3503 922 3562 sed
936 3525 953 3562 a
965 3506 1043 3583 gravi
1056 3515 1131 3578 reatu
1147 3505 1222 3563 hand

132 3610 278 3668 immunia.

169 3715 199 3768 7.
222 3710 343 3767 Peccata
357 3709 486 3782 quaedam
499 3711 628 3786 graviora
641 3710 669 3767 in
683 3708 836 3786 Scripturis
849 3707 981 3766 dicuntur
998 3706 1034 3766 ad
1045 3707 1148 3764 ctelum
1169 3706 1223 3762 ela·

133 3826 218 3875 mare,
235 3810 301 3882 quia
324 3808 514 3868 scilicetiram
537 3808 594 3867 Dei
617 3809 865 3866 vehementissime
885 3816 1050 3883 provocant,
1073 3816 1101 3861 et
1123 3822 1222 3881 poenas

134 3918 276 3966 merentur
289 3908 482 3986 gravissimas.
524 3908 574 3966 Sic
584 3909 620 3965 de
630 3908 786 3967 homicidio
796 3907 914 3963 habetur
927 3905 995 3963 illud
1008 3903 1065 3961 Dei
1079 3902 1113 3960 ad
1129 3902 1220 3959 Cain:

134 4007 228 4065 “Vox
242 4009 388 4085 sanguinis
402 4008 494 4066 fratris
515 4008 553 4064 tui
573 4008 673 4064 clamat
692 4006 726 4063 ad
746 4024 792 4063 me
812 4004 847 4060 de
868 3996 988 4061 terra.”²
1028 4001 1074 4059 De
1093 4000 1223 4058 nefandis

131 4105 315 4181 impudicitiae
328 4108 483 4166 sceleribus
504 4107 606 4164 “dixit
618 4095 775 4164 Dominus:
797 4103 903 4160 clamor
917 4101 1107 4160 Sodomorum
1122 4111 1150 4158 et
1163 4100 1223 4159 Go-

235 4296 277 4357 (l)
291 4295 347 4342 Gal.
361 4311 382 4343 v.
398 4296 435 4342 19.
857 4290 899 4354 (2)
922 4289 962 4338 Pa.
975 4290 990 4338 l.

235 4380 278 4443 (3)
298 4379 324 4426 S.
333 4376 452 4434 Thomas,
466 4381 487 4427 l.
499 4375 522 4426 2.
534 4393 576 4440 qu.
588 4377 681 4426 lxxviii.
695 4383 739 4425 art.
749 4374 774 4424 ii.
843 4375 886 4438 (4)
901 4373 964 4422 Gen.
976 4373 1008 4422 ic.
1020 4371 1056 4421 lll.

906 4626 1051 4698 fl
