<?xml version="1.0" encoding="UTF-8"?>
<!DOCTYPE html PUBLIC "-//W3C//DTD XHTML 1.0 Transitional//EN"
    "http://www.w3.org/TR/xhtml1/DTD/xhtml1-transitional.dtd">
<html xmlns="http://www.w3.org/1999/xhtml" xml:lang="en" lang="en">
 <head>
  <title>
</title>
<meta http-equiv="Content-Type" content="text/html;charset=utf-8" />
  <meta name='ocr-system' content='tesseract 3.04.00' />
  <meta name='ocr-capabilities' content='ocr_page ocr_carea ocr_par ocr_line ocrx_word'/>
</head>
<body>
  <div class='ocr_page' id='page_1' title='image "./theologiaemoral00kenrgoog_0358.png"; bbox 0 0 2744 4980; ppageno 0'>
   <div class='ocr_carea' id='block_1_1' title="bbox 651 92 927 235">
    <p class='ocr_par' dir='ltr' id='par_1_1' title="bbox 651 92 927 235">
     <span class='ocr_line' id='line_1_1' title="bbox 651 92 927 235; baseline 0.007 -28"><span class='ocrx_word' id='word_1_1' title='bbox 651 174 703 235; x_wconf 54' lang='lat' dir='ltr'><strong>a</strong></span> <span class='ocrx_word' id='word_1_2' title='bbox 815 92 927 209; x_wconf 57' lang='lat' dir='ltr'><strong>&#39;inu</strong></span> 
     </span>
    </p>
   </div>
   <div class='ocr_carea' id='block_1_2' title="bbox 238 244 1227 497">
    <p class='ocr_par' dir='ltr' id='par_1_2' title="bbox 238 244 1227 497">
     <span class='ocr_line' id='line_1_2' title="bbox 238 244 890 357; baseline 0.011 -11"><span class='ocrx_word' id='word_1_3' title='bbox 238 244 279 319; x_wconf 44' lang='grc' dir='ltr'>ὓ</span> <span class='ocrx_word' id='word_1_4' title='bbox 404 348 409 357; x_wconf 81' lang='grc'>,</span> <span class='ocrx_word' id='word_1_5' title='bbox 885 346 890 353; x_wconf 97' lang='grc'>.</span> 
     </span>
     <span class='ocr_line' id='line_1_3' title="bbox 305 420 1227 497; baseline 0.008 -9"><span class='ocrx_word' id='word_1_6' title='bbox 305 427 362 488; x_wconf 79' lang='lat' dir='ltr'><strong>ns</strong></span> <span class='ocrx_word' id='word_1_7' title='bbox 383 426 745 489; x_wconf 74' lang='lat' dir='ltr'><strong>osurct‘noumus</strong></span> <span class='ocrx_word' id='word_1_8' title='bbox 767 420 1059 497; x_wconf 68' lang='lat' dir='ltr'><strong>emisenum.</strong></span> <span class='ocrx_word' id='word_1_9' title='bbox 1169 439 1227 495; x_wconf 78' lang='lat' dir='ltr'><strong>aar</strong></span> 
     </span>
    </p>
   </div>
   <div class='ocr_carea' id='block_1_3' title="bbox 108 576 1320 4130">
    <p class='ocr_par' dir='ltr' id='par_1_3' title="bbox 108 576 1230 1362">
     <span class='ocr_line' id='line_1_4' title="bbox 121 576 1226 669; baseline 0.005 -19"><span class='ocrx_word' id='word_1_10' title='bbox 121 611 183 651; x_wconf 83' lang='lat' dir='ltr'><strong>sno</strong></span> <span class='ocrx_word' id='word_1_11' title='bbox 196 596 322 664; x_wconf 89' lang='lat' dir='ltr'><strong>muneri,</strong></span> <span class='ocrx_word' id='word_1_12' title='bbox 337 611 426 669; x_wconf 89' lang='lat' dir='ltr'><strong>quum</strong></span> <span class='ocrx_word' id='word_1_13' title='bbox 439 596 478 653; x_wconf 90' lang='lat' dir='ltr'><strong>ita</strong></span> <span class='ocrx_word' id='word_1_14' title='bbox 490 595 560 654; x_wconf 86' lang='lat' dir='ltr'><strong>ferat</strong></span> <span class='ocrx_word' id='word_1_15' title='bbox 572 576 757 663; x_wconf 81' lang='lat' dir='ltr'><strong>consuetudo,</strong></span> <span class='ocrx_word' id='word_1_16' title='bbox 772 614 834 669; x_wconf 78' lang='lat' dir='ltr'><strong>que</strong></span> <span class='ocrx_word' id='word_1_17' title='bbox 854 597 938 654; x_wconf 90' lang='lat' dir='ltr'><strong>etiam</strong></span> <span class='ocrx_word' id='word_1_18' title='bbox 957 596 1104 656; x_wconf 89' lang='lat' dir='ltr'><strong>laudabilis</strong></span> <span class='ocrx_word' id='word_1_19' title='bbox 1118 609 1171 666; x_wconf 86' lang='lat' dir='ltr'><strong>est,</strong></span> <span class='ocrx_word' id='word_1_20' title='bbox 1184 607 1226 656; x_wconf 91' lang='lat' dir='ltr'><strong>ut·</strong></span> 
     </span>
     <span class='ocr_line' id='line_1_5' title="bbox 115 693 1229 771; baseline 0.003 -20"><span class='ocrx_word' id='word_1_21' title='bbox 115 702 201 771; x_wconf 86' lang='lat' dir='ltr'><strong>pote</strong></span> <span class='ocrx_word' id='word_1_22' title='bbox 217 695 336 767; x_wconf 91' lang='lat' dir='ltr'><strong>antiquo</strong></span> <span class='ocrx_word' id='word_1_23' title='bbox 349 696 423 753; x_wconf 90' lang='lat' dir='ltr'><strong>mori</strong></span> <span class='ocrx_word' id='word_1_24' title='bbox 438 693 557 752; x_wconf 90' lang='lat' dir='ltr'><strong>cauendi</strong></span> <span class='ocrx_word' id='word_1_25' title='bbox 570 696 599 753; x_wconf 92' lang='lat' dir='ltr'><strong>in</strong></span> <span class='ocrx_word' id='word_1_26' title='bbox 618 695 707 754; x_wconf 91' lang='lat' dir='ltr'><strong>choro</strong></span> <span class='ocrx_word' id='word_1_27' title='bbox 720 696 848 755; x_wconf 82' lang='lat' dir='ltr'><strong>vicissim</strong></span> <span class='ocrx_word' id='word_1_28' title='bbox 862 712 999 764; x_wconf 88' lang='lat' dir='ltr'><strong>consona,</strong></span> <span class='ocrx_word' id='word_1_29' title='bbox 1014 705 1043 754; x_wconf 92' lang='lat' dir='ltr'><strong>et</strong></span> <span class='ocrx_word' id='word_1_30' title='bbox 1055 697 1229 755; x_wconf 74' lang='lat' dir='ltr'><strong>consortium</strong></span> 
     </span>
     <span class='ocr_line' id='line_1_6' title="bbox 112 792 1229 869; baseline 0.004 -19"><span class='ocrx_word' id='word_1_31' title='bbox 112 809 255 869; x_wconf 86' lang='lat' dir='ltr'><strong>precum</strong></span> <span class='ocrx_word' id='word_1_32' title='bbox 272 792 411 851; x_wconf 87' lang='lat' dir='ltr'><strong>indicans.</strong></span> <span class='ocrx_word' id='word_1_33' title='bbox 453 793 518 851; x_wconf 89' lang='lat' dir='ltr'><strong>Nec</strong></span> <span class='ocrx_word' id='word_1_34' title='bbox 532 793 647 851; x_wconf 82' lang='lat' dir='ltr'><strong>interest</strong></span> <span class='ocrx_word' id='word_1_35' title='bbox 658 804 752 853; x_wconf 86' lang='lat' dir='ltr'><strong>utrum</strong></span> <span class='ocrx_word' id='word_1_36' title='bbox 772 794 868 852; x_wconf 89' lang='lat' dir='ltr'><strong>socius</strong></span> <span class='ocrx_word' id='word_1_37' title='bbox 882 793 917 851; x_wconf 89' lang='lat' dir='ltr'><strong>ad</strong></span> <span class='ocrx_word' id='word_1_38' title='bbox 929 793 1016 851; x_wconf 91' lang='lat' dir='ltr'><strong>officii</strong></span> <span class='ocrx_word' id='word_1_39' title='bbox 1036 795 1229 854; x_wconf 83' lang='lat' dir='ltr'><strong>recitationem</strong></span> 
     </span>
     <span class='ocr_line' id='line_1_7' title="bbox 109 891 1229 971; baseline 0.003 -23"><span class='ocrx_word' id='word_1_40' title='bbox 109 901 274 958; x_wconf 75' lang='lat' dir='ltr'><strong>teneatur,</strong></span> <span class='ocrx_word' id='word_1_41' title='bbox 288 891 445 950; x_wconf 88' lang='lat' dir='ltr'><strong>dummodo</strong></span> <span class='ocrx_word' id='word_1_42' title='bbox 457 892 549 949; x_wconf 86' lang='lat' dir='ltr'><strong>valeat</strong></span> <span class='ocrx_word' id='word_1_43' title='bbox 562 893 677 950; x_wconf 87' lang='lat' dir='ltr'><strong>recitare</strong></span> <span class='ocrx_word' id='word_1_44' title='bbox 685 893 781 960; x_wconf 85' lang='lat' dir='ltr'><strong>verba,</strong></span> <span class='ocrx_word' id='word_1_45' title='bbox 795 902 825 950; x_wconf 90' lang='lat' dir='ltr'><strong>et</strong></span> <span class='ocrx_word' id='word_1_46' title='bbox 836 893 966 951; x_wconf 90' lang='lat' dir='ltr'><strong>distincte</strong></span> <span class='ocrx_word' id='word_1_47' title='bbox 978 901 1008 949; x_wconf 88' lang='lat' dir='ltr'><strong>et</strong></span> <span class='ocrx_word' id='word_1_48' title='bbox 1019 893 1127 971; x_wconf 81' lang='lat' dir='ltr'><strong>integre</strong></span> <span class='ocrx_word' id='word_1_49' title='bbox 1141 903 1229 951; x_wconf 79' lang='lat' dir='ltr'><strong>totitm</strong></span> 
     </span>
     <span class='ocr_line' id='line_1_8' title="bbox 109 990 1229 1068; baseline 0.004 -22"><span class='ocrx_word' id='word_1_50' title='bbox 109 990 324 1068; x_wconf 80' lang='lat' dir='ltr'><strong>persolvatur.</strong></span> <span class='ocrx_word' id='word_1_51' title='bbox 365 990 504 1050; x_wconf 81' lang='lat' dir='ltr'><strong>Pascatur</strong></span> <span class='ocrx_word' id='word_1_52' title='bbox 517 1000 610 1048; x_wconf 90' lang='lat' dir='ltr'><strong>autem</strong></span> <span class='ocrx_word' id='word_1_53' title='bbox 623 991 705 1049; x_wconf 86' lang='lat' dir='ltr'><strong>facile</strong></span> <span class='ocrx_word' id='word_1_54' title='bbox 719 992 809 1049; x_wconf 90' lang='lat' dir='ltr'><strong>nimia</strong></span> <span class='ocrx_word' id='word_1_55' title='bbox 821 991 1011 1058; x_wconf 85' lang='lat' dir='ltr'><strong>festinatione,</strong></span> <span class='ocrx_word' id='word_1_56' title='bbox 1025 1000 1054 1049; x_wconf 90' lang='lat' dir='ltr'><strong>et</strong></span> <span class='ocrx_word' id='word_1_57' title='bbox 1065 1010 1168 1051; x_wconf 86' lang='lat' dir='ltr'><strong>vocum</strong></span> <span class='ocrx_word' id='word_1_58' title='bbox 1182 992 1229 1050; x_wconf 87' lang='lat' dir='ltr'><strong>de-</strong></span> 
     </span>
     <span class='ocr_line' id='line_1_9' title="bbox 108 1089 1230 1167; baseline 0.001 -22"><span class='ocrx_word' id='word_1_59' title='bbox 108 1089 331 1147; x_wconf 79' lang='lat' dir='ltr'><strong>truncatione:</strong></span> <span class='ocrx_word' id='word_1_60' title='bbox 354 1089 478 1148; x_wconf 86' lang='lat' dir='ltr'><strong>sednon</strong></span> <span class='ocrx_word' id='word_1_61' title='bbox 496 1090 582 1148; x_wconf 88' lang='lat' dir='ltr'><strong>nimis</strong></span> <span class='ocrx_word' id='word_1_62' title='bbox 596 1089 761 1166; x_wconf 84' lang='lat' dir='ltr'><strong>scrupulose</strong></span> <span class='ocrx_word' id='word_1_63' title='bbox 783 1089 849 1167; x_wconf 87' lang='lat' dir='ltr'><strong>augi</strong></span> <span class='ocrx_word' id='word_1_64' title='bbox 872 1091 936 1164; x_wconf 90' lang='lat' dir='ltr'><strong>quis</strong></span> <span class='ocrx_word' id='word_1_65' title='bbox 956 1089 1040 1147; x_wconf 91' lang='lat' dir='ltr'><strong>debet</strong></span> <span class='ocrx_word' id='word_1_66' title='bbox 1060 1090 1096 1147; x_wconf 93' lang='lat' dir='ltr'><strong>ob</strong></span> <span class='ocrx_word' id='word_1_67' title='bbox 1118 1090 1230 1148; x_wconf 86' lang='lat' dir='ltr'><strong>alterius</strong></span> 
     </span>
     <span class='ocr_line' id='line_1_10' title="bbox 110 1186 1230 1263; baseline 0.002 -19"><span class='ocrx_word' id='word_1_68' title='bbox 110 1186 226 1244; x_wconf 71' lang='lat' dir='ltr'><strong>simul</strong></span> <span class='ocrx_word' id='word_1_69' title='bbox 240 1188 382 1245; x_wconf 79' lang='lat' dir='ltr'><strong>recitantis</strong></span> <span class='ocrx_word' id='word_1_70' title='bbox 395 1187 533 1254; x_wconf 87' lang='lat' dir='ltr'><strong>defectus,</strong></span> <span class='ocrx_word' id='word_1_71' title='bbox 547 1188 593 1245; x_wconf 85' lang='lat' dir='ltr'><strong>vel</strong></span> <span class='ocrx_word' id='word_1_72' title='bbox 614 1188 650 1245; x_wconf 93' lang='lat' dir='ltr'><strong>ob</strong></span> <span class='ocrx_word' id='word_1_73' title='bbox 663 1207 749 1247; x_wconf 87' lang='lat' dir='ltr'><strong>voces</strong></span> <span class='ocrx_word' id='word_1_74' title='bbox 768 1207 827 1246; x_wconf 91' lang='lat' dir='ltr'><strong>non</strong></span> <span class='ocrx_word' id='word_1_75' title='bbox 840 1188 958 1255; x_wconf 83' lang='lat' dir='ltr'><strong>auditae,</strong></span> <span class='ocrx_word' id='word_1_76' title='bbox 972 1187 1137 1256; x_wconf 88' lang='lat' dir='ltr'><strong>dummodo,</strong></span> <span class='ocrx_word' id='word_1_77' title='bbox 1153 1187 1230 1263; x_wconf 90' lang='lat' dir='ltr'><strong>quod</strong></span> 
     </span>
     <span class='ocr_line' id='line_1_11' title="bbox 111 1286 939 1362; baseline -0.001 -17"><span class='ocrx_word' id='word_1_78' title='bbox 111 1286 160 1345; x_wconf 89' lang='lat' dir='ltr'><strong>in</strong></span> <span class='ocrx_word' id='word_1_79' title='bbox 175 1300 215 1343; x_wconf 84' lang='lat' dir='ltr'><strong>se</strong></span> <span class='ocrx_word' id='word_1_80' title='bbox 227 1296 282 1353; x_wconf 89' lang='lat' dir='ltr'><strong>est,</strong></span> <span class='ocrx_word' id='word_1_81' title='bbox 296 1288 404 1362; x_wconf 86' lang='lat' dir='ltr'><strong>integre</strong></span> <span class='ocrx_word' id='word_1_82' title='bbox 418 1295 527 1362; x_wconf 89' lang='lat' dir='ltr'><strong>partem</strong></span> <span class='ocrx_word' id='word_1_83' title='bbox 541 1304 621 1344; x_wconf 87' lang='lat' dir='ltr'><strong>suam</strong></span> <span class='ocrx_word' id='word_1_84' title='bbox 636 1288 743 1344; x_wconf 86' lang='lat' dir='ltr'><strong>recitet</strong></span> <span class='ocrx_word' id='word_1_85' title='bbox 935 1350 939 1355; x_wconf 61' lang='grc'><strong>,</strong></span> 
     </span>
    </p>

    <p class='ocr_par' dir='ltr' id='par_1_4' title="bbox 115 1378 1320 1954">
     <span class='ocr_line' id='line_1_12' title="bbox 171 1378 1231 1461; baseline 0.003 -21"><span class='ocrx_word' id='word_1_86' title='bbox 171 1387 228 1443; x_wconf 83' lang='grc'><strong>17.</strong></span> <span class='ocrx_word' id='word_1_87' title='bbox 250 1384 308 1451; x_wconf 85' lang='lat' dir='ltr'><strong>Qui</strong></span> <span class='ocrx_word' id='word_1_88' title='bbox 331 1384 409 1442; x_wconf 87' lang='lat' dir='ltr'><strong>solus</strong></span> <span class='ocrx_word' id='word_1_89' title='bbox 429 1385 527 1441; x_wconf 88' lang='lat' dir='ltr'><strong>recitat</strong></span> <span class='ocrx_word' id='word_1_90' title='bbox 549 1383 674 1442; x_wconf 89' lang='lat' dir='ltr'><strong>officium</strong></span> <span class='ocrx_word' id='word_1_91' title='bbox 694 1383 777 1442; x_wconf 87' lang='lat' dir='ltr'><strong>debet</strong></span> <span class='ocrx_word' id='word_1_92' title='bbox 789 1378 916 1461; x_wconf 66' lang='lat' dir='ltr'><strong>singulas</strong></span> <span class='ocrx_word' id='word_1_93' title='bbox 928 1400 1015 1442; x_wconf 77' lang='lat' dir='ltr'><strong>voces</strong></span> <span class='ocrx_word' id='word_1_94' title='bbox 1029 1384 1163 1460; x_wconf 83' lang='lat' dir='ltr'><strong>proferre,</strong></span> <span class='ocrx_word' id='word_1_95' title='bbox 1177 1403 1231 1443; x_wconf 90' lang='lat' dir='ltr'><strong>nec</strong></span> 
     </span>
     <span class='ocr_line' id='line_1_13' title="bbox 119 1482 1234 1560; baseline 0.001 -20"><span class='ocrx_word' id='word_1_96' title='bbox 119 1482 217 1541; x_wconf 79' lang='lat' dir='ltr'><strong>enim</strong></span> <span class='ocrx_word' id='word_1_97' title='bbox 230 1485 360 1543; x_wconf 84' lang='lat' dir='ltr'><strong>recitaret</strong></span> <span class='ocrx_word' id='word_1_98' title='bbox 372 1483 421 1555; x_wconf 92' lang='lat' dir='ltr'><strong>qui</strong></span> <span class='ocrx_word' id='word_1_99' title='bbox 434 1501 482 1540; x_wconf 86' lang='lat' dir='ltr'><strong>eas</strong></span> <span class='ocrx_word' id='word_1_100' title='bbox 496 1491 603 1541; x_wconf 90' lang='lat' dir='ltr'><strong>tautum</strong></span> <span class='ocrx_word' id='word_1_101' title='bbox 626 1483 734 1540; x_wconf 84' lang='lat' dir='ltr'><strong>videret</strong></span> <span class='ocrx_word' id='word_1_102' title='bbox 755 1492 784 1540; x_wconf 92' lang='lat' dir='ltr'><strong>et</strong></span> <span class='ocrx_word' id='word_1_103' title='bbox 801 1482 917 1560; x_wconf 88' lang='lat' dir='ltr'><strong>legeret,</strong></span> <span class='ocrx_word' id='word_1_104' title='bbox 932 1482 1038 1554; x_wconf 88' lang='lat' dir='ltr'><strong>absque</strong></span> <span class='ocrx_word' id='word_1_105' title='bbox 1051 1482 1110 1540; x_wconf 94' lang='lat' dir='ltr'><strong>ullo</strong></span> <span class='ocrx_word' id='word_1_106' title='bbox 1126 1483 1234 1560; x_wconf 75' lang='lat' dir='ltr'><strong>tingue</strong></span> 
     </span>
     <span class='ocr_line' id='line_1_14' title="bbox 115 1580 1229 1658; baseline 0 -18"><span class='ocrx_word' id='word_1_107' title='bbox 115 1590 227 1648; x_wconf 84' lang='lat' dir='ltr'><strong>motu,</strong></span> <span class='ocrx_word' id='word_1_108' title='bbox 236 1584 287 1654; x_wconf 85' lang='lat' dir='ltr'><strong>qui</strong></span> <span class='ocrx_word' id='word_1_109' title='bbox 300 1582 452 1655; x_wconf 85' lang='lat' dir='ltr'><strong>requiritur</strong></span> <span class='ocrx_word' id='word_1_110' title='bbox 465 1581 499 1638; x_wconf 92' lang='lat' dir='ltr'><strong>ad</strong></span> <span class='ocrx_word' id='word_1_111' title='bbox 513 1582 668 1641; x_wconf 90' lang='lat' dir='ltr'><strong>orationem</strong></span> <span class='ocrx_word' id='word_1_112' title='bbox 683 1581 821 1649; x_wconf 86' lang='lat' dir='ltr'><strong>vocalem,</strong></span> <span class='ocrx_word' id='word_1_113' title='bbox 834 1581 926 1654; x_wconf 81' lang='lat' dir='ltr'><strong>qualis</strong></span> <span class='ocrx_word' id='word_1_114' title='bbox 950 1582 985 1638; x_wconf 90' lang='lat' dir='ltr'><strong>ab</strong></span> <span class='ocrx_word' id='word_1_115' title='bbox 1002 1580 1136 1640; x_wconf 76' lang='lat' dir='ltr'><strong>Ecclesia</strong></span> <span class='ocrx_word' id='word_1_116' title='bbox 1157 1599 1229 1658; x_wconf 78' lang='lat' dir='ltr'><strong>prae·</strong></span> 
     </span>
     <span class='ocr_line' id='line_1_15' title="bbox 122 1664 1320 1757; baseline -0.003 -18"><span class='ocrx_word' id='word_1_117' title='bbox 122 1680 254 1757; x_wconf 71' lang='lat' dir='ltr'><strong>cipitur.</strong></span> <span class='ocrx_word' id='word_1_118' title='bbox 297 1681 427 1739; x_wconf 87' lang='lat' dir='ltr'><strong>Necesse</strong></span> <span class='ocrx_word' id='word_1_119' title='bbox 441 1691 534 1738; x_wconf 85' lang='lat' dir='ltr'><strong>tamen</strong></span> <span class='ocrx_word' id='word_1_120' title='bbox 548 1698 606 1738; x_wconf 92' lang='lat' dir='ltr'><strong>non</strong></span> <span class='ocrx_word' id='word_1_121' title='bbox 619 1689 662 1736; x_wconf 89' lang='lat' dir='ltr'><strong>est</strong></span> <span class='ocrx_word' id='word_1_122' title='bbox 675 1698 760 1737; x_wconf 87' lang='lat' dir='ltr'><strong>voces</strong></span> <span class='ocrx_word' id='word_1_123' title='bbox 777 1682 817 1739; x_wconf 91' lang='lat' dir='ltr'><strong>ita</strong></span> <span class='ocrx_word' id='word_1_124' title='bbox 828 1680 965 1757; x_wconf 78' lang='lat' dir='ltr'><strong>proferre,</strong></span> <span class='ocrx_word' id='word_1_125' title='bbox 978 1664 1011 1739; x_wconf 85' lang='lat' dir='ltr'><strong>ut</strong></span> <span class='ocrx_word' id='word_1_126' title='bbox 1023 1677 1113 1738; x_wconf 89' lang='lat' dir='ltr'><strong>audiri</strong></span> <span class='ocrx_word' id='word_1_127' title='bbox 1128 1690 1234 1752; x_wconf 78' lang='lat' dir='ltr'><strong>queam</strong></span> <span class='ocrx_word' id='word_1_128' title='bbox 1310 1690 1320 1705; x_wconf 90' lang='lat'><strong>·</strong></span> 
     </span>
     <span class='ocr_line' id='line_1_16' title="bbox 127 1778 1232 1856; baseline 0 -20"><span class='ocrx_word' id='word_1_129' title='bbox 127 1779 173 1836; x_wconf 82' lang='lat' dir='ltr'><strong>ab</strong></span> <span class='ocrx_word' id='word_1_130' title='bbox 187 1779 256 1847; x_wconf 89' lang='lat' dir='ltr'><strong>alio,</strong></span> <span class='ocrx_word' id='word_1_131' title='bbox 267 1780 313 1838; x_wconf 84' lang='lat' dir='ltr'><strong>vel</strong></span> <span class='ocrx_word' id='word_1_132' title='bbox 326 1781 361 1837; x_wconf 90' lang='lat' dir='ltr'><strong>ab</strong></span> <span class='ocrx_word' id='word_1_133' title='bbox 374 1781 439 1856; x_wconf 88' lang='lat' dir='ltr'><strong>ipso</strong></span> <span class='ocrx_word' id='word_1_134' title='bbox 453 1781 503 1852; x_wconf 91' lang='lat' dir='ltr'><strong>qui</strong></span> <span class='ocrx_word' id='word_1_135' title='bbox 516 1780 623 1845; x_wconf 87' lang='lat' dir='ltr'><strong>recitat,</strong></span> <span class='ocrx_word' id='word_1_136' title='bbox 635 1796 723 1850; x_wconf 91' lang='lat' dir='ltr'><strong>quum</strong></span> <span class='ocrx_word' id='word_1_137' title='bbox 737 1778 846 1837; x_wconf 91' lang='lat' dir='ltr'><strong>vocalis</strong></span> <span class='ocrx_word' id='word_1_138' title='bbox 858 1779 896 1836; x_wconf 89' lang='lat' dir='ltr'><strong>sit</strong></span> <span class='ocrx_word' id='word_1_139' title='bbox 908 1779 1007 1845; x_wconf 89' lang='lat' dir='ltr'><strong>oratio,</strong></span> <span class='ocrx_word' id='word_1_140' title='bbox 1023 1779 1139 1837; x_wconf 90' lang='lat' dir='ltr'><strong>vocibus</strong></span> <span class='ocrx_word' id='word_1_141' title='bbox 1151 1779 1232 1836; x_wconf 79' lang='lat' dir='ltr'><strong>artic-</strong></span> 
     </span>
     <span class='ocr_line' id='line_1_17' title="bbox 127 1846 700 1954; baseline 0 -19"><span class='ocrx_word' id='word_1_142' title='bbox 127 1846 241 1936; x_wconf 78' lang='lat' dir='ltr'><strong>ulatnd</strong></span> <span class='ocrx_word' id='word_1_143' title='bbox 254 1879 381 1954; x_wconf 83' lang='lat' dir='ltr'><strong>prolatis,</strong></span> <span class='ocrx_word' id='word_1_144' title='bbox 395 1877 462 1935; x_wconf 90' lang='lat' dir='ltr'><strong>licet</strong></span> <span class='ocrx_word' id='word_1_145' title='bbox 475 1896 532 1936; x_wconf 92' lang='lat' dir='ltr'><strong>non</strong></span> <span class='ocrx_word' id='word_1_146' title='bbox 545 1876 700 1936; x_wconf 84' lang='lat' dir='ltr'><strong>audiantur.</strong></span> 
     </span>
    </p>

    <p class='ocr_par' dir='ltr' id='par_1_5' title="bbox 141 1973 1236 2542">
     <span class='ocr_line' id='line_1_18' title="bbox 184 1973 1233 2052; baseline 0 -20"><span class='ocrx_word' id='word_1_147' title='bbox 184 1979 233 2033; x_wconf 79' lang='lat'><strong>18.</strong></span> <span class='ocrx_word' id='word_1_148' title='bbox 256 1975 438 2034; x_wconf 78' lang='lat' dir='ltr'><strong>Arccitando</strong></span> <span class='ocrx_word' id='word_1_149' title='bbox 451 1975 546 2034; x_wconf 89' lang='lat' dir='ltr'><strong>officio</strong></span> <span class='ocrx_word' id='word_1_150' title='bbox 563 1985 716 2035; x_wconf 86' lang='lat' dir='ltr'><strong>excusatur</strong></span> <span class='ocrx_word' id='word_1_151' title='bbox 736 1977 800 2049; x_wconf 89' lang='lat' dir='ltr'><strong>quis</strong></span> <span class='ocrx_word' id='word_1_152' title='bbox 820 1973 897 2052; x_wconf 86' lang='lat' dir='ltr'><strong>gravi</strong></span> <span class='ocrx_word' id='word_1_153' title='bbox 915 1974 1085 2043; x_wconf 81' lang='lat' dir='ltr'><strong>infirmitate,</strong></span> <span class='ocrx_word' id='word_1_154' title='bbox 1106 1976 1150 2033; x_wconf 86' lang='lat' dir='ltr'><strong>vel</strong></span> <span class='ocrx_word' id='word_1_155' title='bbox 1170 1994 1233 2050; x_wconf 78' lang='lat' dir='ltr'><strong>quc</strong></span> 
     </span>
     <span class='ocr_line' id='line_1_19' title="bbox 141 2068 1232 2151; baseline 0 -19"><span class='ocrx_word' id='word_1_156' title='bbox 141 2092 229 2150; x_wconf 85' lang='lat' dir='ltr'><strong>grave</strong></span> <span class='ocrx_word' id='word_1_157' title='bbox 243 2072 395 2133; x_wconf 85' lang='lat' dir='ltr'><strong>discrimen</strong></span> <span class='ocrx_word' id='word_1_158' title='bbox 408 2093 505 2132; x_wconf 89' lang='lat' dir='ltr'><strong>secum</strong></span> <span class='ocrx_word' id='word_1_159' title='bbox 519 2068 596 2133; x_wconf 84' lang='lat' dir='ltr'><strong>fert.¹</strong></span> <span class='ocrx_word' id='word_1_160' title='bbox 618 2073 726 2132; x_wconf 88' lang='lat' dir='ltr'><strong>Medici</strong></span> <span class='ocrx_word' id='word_1_161' title='bbox 734 2084 828 2133; x_wconf 82' lang='lat' dir='ltr'><strong>autem</strong></span> <span class='ocrx_word' id='word_1_162' title='bbox 838 2073 883 2131; x_wconf 86' lang='lat' dir='ltr'><strong>vel</strong></span> <span class='ocrx_word' id='word_1_163' title='bbox 896 2073 1042 2151; x_wconf 83' lang='lat' dir='ltr'><strong>prudentis</strong></span> <span class='ocrx_word' id='word_1_164' title='bbox 1052 2074 1104 2131; x_wconf 90' lang='lat' dir='ltr'><strong>viri</strong></span> <span class='ocrx_word' id='word_1_165' title='bbox 1113 2073 1232 2151; x_wconf 88' lang='lat' dir='ltr'><strong>judicio,</strong></span> 
     </span>
     <span class='ocr_line' id='line_1_20' title="bbox 143 2172 1235 2250; baseline 0 -20"><span class='ocrx_word' id='word_1_166' title='bbox 143 2174 302 2250; x_wconf 72' lang='lat' dir='ltr'><strong>presertim</strong></span> <span class='ocrx_word' id='word_1_167' title='bbox 312 2173 479 2250; x_wconf 89' lang='lat' dir='ltr'><strong>superioris,</strong></span> <span class='ocrx_word' id='word_1_168' title='bbox 490 2173 620 2232; x_wconf 86' lang='lat' dir='ltr'><strong>standum</strong></span> <span class='ocrx_word' id='word_1_169' title='bbox 633 2174 695 2242; x_wconf 87' lang='lat' dir='ltr'><strong>erit,</strong></span> <span class='ocrx_word' id='word_1_170' title='bbox 706 2174 790 2247; x_wconf 87' lang='lat' dir='ltr'><strong>sires</strong></span> <span class='ocrx_word' id='word_1_171' title='bbox 804 2172 888 2230; x_wconf 87' lang='lat' dir='ltr'><strong>dubia</strong></span> <span class='ocrx_word' id='word_1_172' title='bbox 901 2172 1037 2231; x_wconf 87' lang='lat' dir='ltr'><strong>videatur.</strong></span> <span class='ocrx_word' id='word_1_173' title='bbox 1052 2172 1152 2232; x_wconf 87' lang='lat' dir='ltr'><strong>Febris</strong></span> <span class='ocrx_word' id='word_1_174' title='bbox 1162 2173 1235 2249; x_wconf 90' lang='lat' dir='ltr'><strong>peri·</strong></span> 
     </span>
     <span class='ocr_line' id='line_1_21' title="bbox 144 2269 1232 2349; baseline -0.001 -19"><span class='ocrx_word' id='word_1_175' title='bbox 144 2272 252 2340; x_wconf 89' lang='lat' dir='ltr'><strong>culum,</strong></span> <span class='ocrx_word' id='word_1_176' title='bbox 274 2273 364 2348; x_wconf 90' lang='lat' dir='ltr'><strong>capite</strong></span> <span class='ocrx_word' id='word_1_177' title='bbox 383 2274 444 2349; x_wconf 85' lang='lat' dir='ltr'><strong>jam</strong></span> <span class='ocrx_word' id='word_1_178' title='bbox 472 2273 671 2340; x_wconf 85' lang='lat' dir='ltr'><strong>incalescente,</strong></span> <span class='ocrx_word' id='word_1_179' title='bbox 699 2272 745 2329; x_wconf 85' lang='lat' dir='ltr'><strong>vel</strong></span> <span class='ocrx_word' id='word_1_180' title='bbox 772 2271 920 2331; x_wconf 75' lang='lat' dir='ltr'><strong>dementis</strong></span> <span class='ocrx_word' id='word_1_181' title='bbox 947 2269 1111 2337; x_wconf 89' lang='lat' dir='ltr'><strong>discrimen,</strong></span> <span class='ocrx_word' id='word_1_182' title='bbox 1138 2271 1232 2329; x_wconf 90' lang='lat' dir='ltr'><strong>animo</strong></span> 
     </span>
     <span class='ocr_line' id='line_1_22' title="bbox 143 2368 1236 2447; baseline -0.003 -19"><span class='ocrx_word' id='word_1_183' title='bbox 143 2371 230 2429; x_wconf 89' lang='lat' dir='ltr'><strong>nimis</strong></span> <span class='ocrx_word' id='word_1_184' title='bbox 253 2371 363 2430; x_wconf 88' lang='lat' dir='ltr'><strong>solicito</strong></span> <span class='ocrx_word' id='word_1_185' title='bbox 386 2382 415 2429; x_wconf 90' lang='lat' dir='ltr'><strong>et</strong></span> <span class='ocrx_word' id='word_1_186' title='bbox 436 2371 604 2447; x_wconf 87' lang='lat' dir='ltr'><strong>scrupuloso</strong></span> <span class='ocrx_word' id='word_1_187' title='bbox 626 2370 662 2429; x_wconf 90' lang='lat' dir='ltr'><strong>de</strong></span> <span class='ocrx_word' id='word_1_188' title='bbox 688 2371 807 2430; x_wconf 89' lang='lat' dir='ltr'><strong>vocibus</strong></span> <span class='ocrx_word' id='word_1_189' title='bbox 829 2368 948 2446; x_wconf 90' lang='lat' dir='ltr'><strong>singulis</strong></span> <span class='ocrx_word' id='word_1_190' title='bbox 974 2369 1163 2446; x_wconf 81' lang='lat' dir='ltr'><strong>proferendis,</strong></span> <span class='ocrx_word' id='word_1_191' title='bbox 1184 2369 1236 2427; x_wconf 88' lang='lat' dir='ltr'><strong>erit</strong></span> 
     </span>
     <span class='ocr_line' id='line_1_23' title="bbox 144 2469 665 2542; baseline 0.002 -16"><span class='ocrx_word' id='word_1_192' title='bbox 144 2469 249 2529; x_wconf 88' lang='lat' dir='ltr'><strong>idonea</strong></span> <span class='ocrx_word' id='word_1_193' title='bbox 262 2488 348 2527; x_wconf 85' lang='lat' dir='ltr'><strong>causa</strong></span> <span class='ocrx_word' id='word_1_194' title='bbox 366 2489 416 2528; x_wconf 91' lang='lat' dir='ltr'><strong>cur</strong></span> <span class='ocrx_word' id='word_1_195' title='bbox 429 2472 493 2542; x_wconf 91' lang='lat' dir='ltr'><strong>quis</strong></span> <span class='ocrx_word' id='word_1_196' title='bbox 506 2479 665 2528; x_wconf 84' lang='lat' dir='ltr'><strong>excusetur.</strong></span> 
     </span>
    </p>

    <p class='ocr_par' dir='ltr' id='par_1_6' title="bbox 145 2568 1238 3732">
     <span class='ocr_line' id='line_1_24' title="bbox 186 2568 1235 2647; baseline -0.001 -21"><span class='ocrx_word' id='word_1_197' title='bbox 186 2573 233 2627; x_wconf 84' lang='lat'><strong>19.</strong></span> <span class='ocrx_word' id='word_1_198' title='bbox 256 2569 360 2631; x_wconf 84' lang='lat' dir='ltr'><strong>Gravis</strong></span> <span class='ocrx_word' id='word_1_199' title='bbox 379 2578 408 2627; x_wconf 91' lang='lat' dir='ltr'><strong>et</strong></span> <span class='ocrx_word' id='word_1_200' title='bbox 426 2570 574 2647; x_wconf 84' lang='lat' dir='ltr'><strong>repentina</strong></span> <span class='ocrx_word' id='word_1_201' title='bbox 593 2571 751 2645; x_wconf 90' lang='lat' dir='ltr'><strong>occupatio,</strong></span> <span class='ocrx_word' id='word_1_202' title='bbox 764 2587 828 2643; x_wconf 80' lang='lat' dir='ltr'><strong>que</strong></span> <span class='ocrx_word' id='word_1_203' title='bbox 842 2568 1001 2627; x_wconf 84' lang='lat' dir='ltr'><strong>necessaria</strong></span> <span class='ocrx_word' id='word_1_204' title='bbox 1015 2578 1069 2636; x_wconf 84' lang='lat' dir='ltr'><strong>ast,</strong></span> <span class='ocrx_word' id='word_1_205' title='bbox 1086 2569 1173 2627; x_wconf 87' lang='lat' dir='ltr'><strong>etiam</strong></span> <span class='ocrx_word' id='word_1_206' title='bbox 1186 2586 1235 2625; x_wconf 86' lang='lat' dir='ltr'><strong>ex·</strong></span> 
     </span>
     <span class='ocr_line' id='line_1_25' title="bbox 146 2666 1236 2743; baseline -0.001 -19"><span class='ocrx_word' id='word_1_207' title='bbox 146 2679 241 2725; x_wconf 90' lang='lat' dir='ltr'><strong>cusat:</strong></span> <span class='ocrx_word' id='word_1_208' title='bbox 264 2669 338 2725; x_wconf 91' lang='lat' dir='ltr'><strong>sicut</strong></span> <span class='ocrx_word' id='word_1_209' title='bbox 359 2669 384 2726; x_wconf 90' lang='lat' dir='ltr'><strong>si</strong></span> <span class='ocrx_word' id='word_1_210' title='bbox 407 2669 472 2739; x_wconf 90' lang='lat' dir='ltr'><strong>quis</strong></span> <span class='ocrx_word' id='word_1_211' title='bbox 495 2679 585 2726; x_wconf 90' lang='lat' dir='ltr'><strong>totum</strong></span> <span class='ocrx_word' id='word_1_212' title='bbox 608 2667 684 2726; x_wconf 86' lang='lat' dir='ltr'><strong>diem</strong></span> <span class='ocrx_word' id='word_1_213' title='bbox 708 2667 808 2726; x_wconf 87' lang='lat' dir='ltr'><strong>debeat</strong></span> <span class='ocrx_word' id='word_1_214' title='bbox 827 2666 992 2743; x_wconf 89' lang='lat' dir='ltr'><strong>impendere</strong></span> <span class='ocrx_word' id='word_1_215' title='bbox 1012 2667 1123 2742; x_wconf 83' lang='lat' dir='ltr'><strong>oegrotis</strong></span> <span class='ocrx_word' id='word_1_216' title='bbox 1136 2667 1236 2724; x_wconf 81' lang='lat' dir='ltr'><strong>subve-</strong></span> 
     </span>
     <span class='ocr_line' id='line_1_26' title="bbox 146 2762 1236 2833; baseline -0.003 -9"><span class='ocrx_word' id='word_1_217' title='bbox 146 2765 279 2833; x_wconf 86' lang='lat' dir='ltr'><strong>niendis;</strong></span> <span class='ocrx_word' id='word_1_218' title='bbox 301 2785 354 2824; x_wconf 89' lang='lat' dir='ltr'><strong>nec</strong></span> <span class='ocrx_word' id='word_1_219' title='bbox 376 2768 452 2825; x_wconf 91' lang='lat' dir='ltr'><strong>euim</strong></span> <span class='ocrx_word' id='word_1_220' title='bbox 476 2768 537 2824; x_wconf 87' lang='lat' dir='ltr'><strong>vult</strong></span> <span class='ocrx_word' id='word_1_221' title='bbox 558 2766 692 2824; x_wconf 87' lang='lat' dir='ltr'><strong>Ecclesia</strong></span> <span class='ocrx_word' id='word_1_222' title='bbox 714 2776 745 2824; x_wconf 93' lang='lat' dir='ltr'><strong>ut</strong></span> <span class='ocrx_word' id='word_1_223' title='bbox 764 2766 922 2824; x_wconf 88' lang='lat' dir='ltr'><strong>necessaria</strong></span> <span class='ocrx_word' id='word_1_224' title='bbox 941 2765 1039 2821; x_wconf 89' lang='lat' dir='ltr'><strong>munia</strong></span> <span class='ocrx_word' id='word_1_225' title='bbox 1064 2762 1236 2823; x_wconf 63' lang='lat' dir='ltr'><strong>omittanlt.</strong></span> 
     </span>
     <span class='ocr_line' id='line_1_27' title="bbox 147 2860 1236 2942; baseline -0.001 -21"><span class='ocrx_word' id='word_1_226' title='bbox 147 2863 293 2923; x_wconf 78' lang='lat' dir='ltr'><strong>Ceterum</strong></span> <span class='ocrx_word' id='word_1_227' title='bbox 308 2867 430 2938; x_wconf 89' lang='lat' dir='ltr'><strong>quisque</strong></span> <span class='ocrx_word' id='word_1_228' title='bbox 445 2883 603 2942; x_wconf 77' lang='lat' dir='ltr'><strong>precavere</strong></span> <span class='ocrx_word' id='word_1_229' title='bbox 624 2864 715 2931; x_wconf 88' lang='lat' dir='ltr'><strong>debet,</strong></span> <span class='ocrx_word' id='word_1_230' title='bbox 730 2873 758 2923; x_wconf 88' lang='lat' dir='ltr'><strong>et</strong></span> <span class='ocrx_word' id='word_1_231' title='bbox 770 2881 853 2921; x_wconf 90' lang='lat' dir='ltr'><strong>mane</strong></span> <span class='ocrx_word' id='word_1_232' title='bbox 866 2863 983 2921; x_wconf 89' lang='lat' dir='ltr'><strong>recitare</strong></span> <span class='ocrx_word' id='word_1_233' title='bbox 996 2860 1122 2920; x_wconf 88' lang='lat' dir='ltr'><strong>officiunt</strong></span> <span class='ocrx_word' id='word_1_234' title='bbox 1136 2870 1236 2931; x_wconf 76' lang='lat' dir='ltr'><strong>totum,</strong></span> 
     </span>
     <span class='ocr_line' id='line_1_28' title="bbox 146 2959 1235 3039; baseline -0.004 -18"><span class='ocrx_word' id='word_1_235' title='bbox 146 2963 173 3021; x_wconf 86' lang='lat' dir='ltr'><strong>si</strong></span> <span class='ocrx_word' id='word_1_236' title='bbox 194 2963 347 3039; x_wconf 77' lang='lat' dir='ltr'><strong>prevideat</strong></span> <span class='ocrx_word' id='word_1_237' title='bbox 366 2977 500 3023; x_wconf 87' lang='lat' dir='ltr'><strong>eventura</strong></span> <span class='ocrx_word' id='word_1_238' title='bbox 519 2982 585 3021; x_wconf 87' lang='lat' dir='ltr'><strong>esse</strong></span> <span class='ocrx_word' id='word_1_239' title='bbox 614 2963 748 3039; x_wconf 87' lang='lat' dir='ltr'><strong>deinceps</strong></span> <span class='ocrx_word' id='word_1_240' title='bbox 769 2980 833 3035; x_wconf 76' lang='lat' dir='ltr'><strong>que</strong></span> <span class='ocrx_word' id='word_1_241' title='bbox 853 2980 918 3020; x_wconf 88' lang='lat' dir='ltr'><strong>eum</strong></span> <span class='ocrx_word' id='word_1_242' title='bbox 939 2962 1058 3019; x_wconf 91' lang='lat' dir='ltr'><strong>omnino</strong></span> <span class='ocrx_word' id='word_1_243' title='bbox 1084 2959 1235 3020; x_wconf 90' lang='lat' dir='ltr'><strong>detineant.</strong></span> 
     </span>
     <span class='ocr_line' id='line_1_29' title="bbox 149 3060 1237 3138; baseline -0.001 -19"><span class='ocrx_word' id='word_1_244' title='bbox 149 3061 206 3128; x_wconf 87' lang='lat' dir='ltr'><strong>Qui</strong></span> <span class='ocrx_word' id='word_1_245' title='bbox 220 3073 375 3138; x_wconf 89' lang='lat' dir='ltr'><strong>occupatur</strong></span> <span class='ocrx_word' id='word_1_246' title='bbox 387 3065 417 3121; x_wconf 92' lang='lat' dir='ltr'><strong>in</strong></span> <span class='ocrx_word' id='word_1_247' title='bbox 431 3061 580 3121; x_wconf 90' lang='lat' dir='ltr'><strong>audiendis</strong></span> <span class='ocrx_word' id='word_1_248' title='bbox 594 3062 821 3121; x_wconf 84' lang='lat' dir='ltr'><strong>confessionibus</strong></span> <span class='ocrx_word' id='word_1_249' title='bbox 840 3079 938 3118; x_wconf 90' lang='lat' dir='ltr'><strong>eorum</strong></span> <span class='ocrx_word' id='word_1_250' title='bbox 952 3060 1001 3133; x_wconf 93' lang='lat' dir='ltr'><strong>qui</strong></span> <span class='ocrx_word' id='word_1_251' title='bbox 1014 3060 1121 3119; x_wconf 86' lang='lat' dir='ltr'><strong>viribus</strong></span> <span class='ocrx_word' id='word_1_252' title='bbox 1134 3062 1237 3127; x_wconf 87' lang='lat' dir='ltr'><strong>valent,</strong></span> 
     </span>
     <span class='ocr_line' id='line_1_30' title="bbox 150 3159 1237 3235; baseline -0.004 -18"><span class='ocrx_word' id='word_1_253' title='bbox 150 3179 207 3218; x_wconf 91' lang='lat' dir='ltr'><strong>non</strong></span> <span class='ocrx_word' id='word_1_254' title='bbox 219 3160 303 3218; x_wconf 90' lang='lat' dir='ltr'><strong>debet</strong></span> <span class='ocrx_word' id='word_1_255' title='bbox 314 3180 346 3219; x_wconf 88' lang='lat' dir='ltr'><strong>se</strong></span> <span class='ocrx_word' id='word_1_256' title='bbox 359 3162 463 3220; x_wconf 89' lang='lat' dir='ltr'><strong>habere</strong></span> <span class='ocrx_word' id='word_1_257' title='bbox 477 3172 644 3219; x_wconf 87' lang='lat' dir='ltr'><strong>excusatum</strong></span> <span class='ocrx_word' id='word_1_258' title='bbox 659 3181 675 3217; x_wconf 90' lang='lat' dir='ltr'><strong>a</strong></span> <span class='ocrx_word' id='word_1_259' title='bbox 689 3159 831 3219; x_wconf 88' lang='lat' dir='ltr'><strong>recitando</strong></span> <span class='ocrx_word' id='word_1_260' title='bbox 845 3159 1001 3226; x_wconf 79' lang='lat' dir='ltr'><strong>Breviario,</strong></span> <span class='ocrx_word' id='word_1_261' title='bbox 1016 3160 1071 3216; x_wconf 90' lang='lat' dir='ltr'><strong>nisi</strong></span> <span class='ocrx_word' id='word_1_262' title='bbox 1084 3159 1237 3235; x_wconf 84' lang='lat' dir='ltr'><strong>superioris</strong></span> 
     </span>
     <span class='ocr_line' id='line_1_31' title="bbox 148 3256 1237 3327; baseline -0.004 -11"><span class='ocrx_word' id='word_1_263' title='bbox 148 3258 264 3317; x_wconf 85' lang='lat' dir='ltr'><strong>accedat</strong></span> <span class='ocrx_word' id='word_1_264' title='bbox 283 3262 451 3327; x_wconf 81' lang='lat' dir='ltr'><strong>auctoritas3</strong></span> <span class='ocrx_word' id='word_1_265' title='bbox 473 3279 525 3318; x_wconf 89' lang='lat' dir='ltr'><strong>nec</strong></span> <span class='ocrx_word' id='word_1_266' title='bbox 549 3261 625 3319; x_wconf 85' lang='lat' dir='ltr'><strong>eninr</strong></span> <span class='ocrx_word' id='word_1_267' title='bbox 649 3272 693 3318; x_wconf 89' lang='lat' dir='ltr'><strong>est</strong></span> <span class='ocrx_word' id='word_1_268' title='bbox 711 3276 829 3317; x_wconf 87' lang='lat' dir='ltr'><strong>necesse</strong></span> <span class='ocrx_word' id='word_1_269' title='bbox 842 3267 873 3314; x_wconf 94' lang='lat' dir='ltr'><strong>ut</strong></span> <span class='ocrx_word' id='word_1_270' title='bbox 886 3269 951 3315; x_wconf 90' lang='lat' dir='ltr'><strong>tuuc</strong></span> <span class='ocrx_word' id='word_1_271' title='bbox 965 3256 1122 3314; x_wconf 89' lang='lat' dir='ltr'><strong>audiantur.</strong></span> <span class='ocrx_word' id='word_1_272' title='bbox 1164 3257 1237 3314; x_wconf 87' lang='lat' dir='ltr'><strong>Mis·</strong></span> 
     </span>
     <span class='ocr_line' id='line_1_32' title="bbox 149 3355 1236 3436; baseline -0.004 -21"><span class='ocrx_word' id='word_1_273' title='bbox 149 3359 281 3416; x_wconf 90' lang='lat' dir='ltr'><strong>siouariis</strong></span> <span class='ocrx_word' id='word_1_274' title='bbox 303 3361 334 3417; x_wconf 91' lang='lat' dir='ltr'><strong>iu</strong></span> <span class='ocrx_word' id='word_1_275' title='bbox 353 3359 407 3417; x_wconf 88' lang='lat' dir='ltr'><strong>hac</strong></span> <span class='ocrx_word' id='word_1_276' title='bbox 426 3360 544 3435; x_wconf 87' lang='lat' dir='ltr'><strong>regione</strong></span> <span class='ocrx_word' id='word_1_277' title='bbox 564 3359 724 3436; x_wconf 85' lang='lat' dir='ltr'><strong>indulgetur</strong></span> <span class='ocrx_word' id='word_1_278' title='bbox 742 3368 774 3415; x_wconf 90' lang='lat' dir='ltr'><strong>ut</strong></span> <span class='ocrx_word' id='word_1_279' title='bbox 793 3356 945 3414; x_wconf 86' lang='lat' dir='ltr'><strong>Rosarium</strong></span> <span class='ocrx_word' id='word_1_280' title='bbox 969 3357 1098 3421; x_wconf 88' lang='lat' dir='ltr'><strong>recitent,</strong></span> <span class='ocrx_word' id='word_1_281' title='bbox 1125 3355 1236 3427; x_wconf 88' lang='lat' dir='ltr'><strong>quoties</strong></span> 
     </span>
     <span class='ocr_line' id='line_1_33' title="bbox 145 3453 1237 3533; baseline -0.003 -19"><span class='ocrx_word' id='word_1_282' title='bbox 145 3455 339 3533; x_wconf 84' lang='lat' dir='ltr'><strong>impediuntur</strong></span> <span class='ocrx_word' id='word_1_283' title='bbox 358 3477 394 3516; x_wconf 93' lang='lat' dir='ltr'><strong>ne</strong></span> <span class='ocrx_word' id='word_1_284' title='bbox 415 3459 533 3516; x_wconf 89' lang='lat' dir='ltr'><strong>recitent</strong></span> <span class='ocrx_word' id='word_1_285' title='bbox 553 3456 708 3522; x_wconf 70' lang='lat' dir='ltr'><strong>Officium</strong></span> <span class='ocrx_word' id='word_1_286' title='bbox 729 3453 781 3512; x_wconf 89' lang='lat' dir='ltr'><strong>sed</strong></span> <span class='ocrx_word' id='word_1_287' title='bbox 801 3471 864 3512; x_wconf 90' lang='lat' dir='ltr'><strong>raro</strong></span> <span class='ocrx_word' id='word_1_288' title='bbox 884 3463 912 3509; x_wconf 90' lang='lat' dir='ltr'><strong>et</strong></span> <span class='ocrx_word' id='word_1_289' title='bbox 931 3454 1008 3530; x_wconf 89' lang='lat' dir='ltr'><strong>gravi</strong></span> <span class='ocrx_word' id='word_1_290' title='bbox 1030 3453 1182 3511; x_wconf 88' lang='lat' dir='ltr'><strong>admodum</strong></span> <span class='ocrx_word' id='word_1_291' title='bbox 1202 3453 1237 3510; x_wconf 89' lang='lat' dir='ltr'><strong>dc</strong></span> 
     </span>
     <span class='ocr_line' id='line_1_34' title="bbox 148 3551 1238 3631; baseline 0 -18"><span class='ocrx_word' id='word_1_292' title='bbox 148 3573 233 3613; x_wconf 84' lang='lat' dir='ltr'><strong>causa</strong></span> <span class='ocrx_word' id='word_1_293' title='bbox 245 3558 329 3613; x_wconf 84' lang='lat' dir='ltr'><strong>venia</strong></span> <span class='ocrx_word' id='word_1_294' title='bbox 341 3557 394 3614; x_wconf 90' lang='lat' dir='ltr'><strong>hac</strong></span> <span class='ocrx_word' id='word_1_295' title='bbox 406 3559 448 3615; x_wconf 91' lang='lat' dir='ltr'><strong>uti</strong></span> <span class='ocrx_word' id='word_1_296' title='bbox 461 3556 552 3623; x_wconf 90' lang='lat' dir='ltr'><strong>decet,</strong></span> <span class='ocrx_word' id='word_1_297' title='bbox 566 3574 654 3629; x_wconf 88' lang='lat' dir='ltr'><strong>quum</strong></span> <span class='ocrx_word' id='word_1_298' title='bbox 665 3554 832 3631; x_wconf 88' lang='lat' dir='ltr'><strong>plerumque</strong></span> <span class='ocrx_word' id='word_1_299' title='bbox 845 3551 1004 3610; x_wconf 85' lang='lat' dir='ltr'><strong>volentibus</strong></span> <span class='ocrx_word' id='word_1_300' title='bbox 1017 3554 1054 3611; x_wconf 91' lang='lat' dir='ltr'><strong>sit</strong></span> <span class='ocrx_word' id='word_1_301' title='bbox 1066 3554 1148 3631; x_wconf 88' lang='lat' dir='ltr'><strong>copia</strong></span> <span class='ocrx_word' id='word_1_302' title='bbox 1161 3571 1238 3617; x_wconf 86' lang='lat' dir='ltr'><strong>com·</strong></span> 
     </span>
     <span class='ocr_line' id='line_1_35' title="bbox 147 3650 909 3732; baseline -0.003 -21"><span class='ocrx_word' id='word_1_303' title='bbox 147 3672 233 3712; x_wconf 89' lang='lat' dir='ltr'><strong>mune</strong></span> <span class='ocrx_word' id='word_1_304' title='bbox 247 3654 317 3712; x_wconf 91' lang='lat' dir='ltr'><strong>illud</strong></span> <span class='ocrx_word' id='word_1_305' title='bbox 330 3674 435 3713; x_wconf 87' lang='lat' dir='ltr'><strong>munus</strong></span> <span class='ocrx_word' id='word_1_306' title='bbox 449 3655 705 3713; x_wconf 86' lang='lat' dir='ltr'><strong>ecclesiasticorum</strong></span> <span class='ocrx_word' id='word_1_307' title='bbox 719 3650 909 3732; x_wconf 85' lang='lat' dir='ltr'><strong>persolvendi.</strong></span> 
     </span>
    </p>

    <p class='ocr_par' dir='ltr' id='par_1_7' title="bbox 148 3750 1241 4130">
     <span class='ocr_line' id='line_1_36' title="bbox 184 3750 1238 3830; baseline -0.001 -20"><span class='ocrx_word' id='word_1_308' title='bbox 184 3757 235 3810; x_wconf 83' lang='lat'><strong>20.</strong></span> <span class='ocrx_word' id='word_1_309' title='bbox 258 3753 430 3830; x_wconf 85' lang='lat' dir='ltr'><strong>ltnpotentia</strong></span> <span class='ocrx_word' id='word_1_310' title='bbox 439 3754 574 3813; x_wconf 88' lang='lat' dir='ltr'><strong>recitandi</strong></span> <span class='ocrx_word' id='word_1_311' title='bbox 588 3762 650 3811; x_wconf 88' lang='lat' dir='ltr'><strong>orta</strong></span> <span class='ocrx_word' id='word_1_312' title='bbox 662 3771 699 3810; x_wconf 88' lang='lat' dir='ltr'><strong>ex</strong></span> <span class='ocrx_word' id='word_1_313' title='bbox 712 3754 837 3810; x_wconf 79' lang='lat' dir='ltr'><strong>cecitate</strong></span> <span class='ocrx_word' id='word_1_314' title='bbox 851 3750 961 3810; x_wconf 85' lang='lat' dir='ltr'><strong>videtur</strong></span> <span class='ocrx_word' id='word_1_315' title='bbox 974 3752 1089 3811; x_wconf 90' lang='lat' dir='ltr'><strong>omnino</strong></span> <span class='ocrx_word' id='word_1_316' title='bbox 1102 3769 1238 3809; x_wconf 84' lang='lat' dir='ltr'><strong>excusare</strong></span> 
     </span>
     <span class='ocr_line' id='line_1_37' title="bbox 148 3849 1241 3928; baseline -0.003 -19"><span class='ocrx_word' id='word_1_317' title='bbox 148 3871 163 3909; x_wconf 90' lang='lat' dir='ltr'><strong>a</strong></span> <span class='ocrx_word' id='word_1_318' title='bbox 175 3852 320 3910; x_wconf 89' lang='lat' dir='ltr'><strong>recitando</strong></span> <span class='ocrx_word' id='word_1_319' title='bbox 342 3853 451 3922; x_wconf 87' lang='lat' dir='ltr'><strong>officio,</strong></span> <span class='ocrx_word' id='word_1_320' title='bbox 472 3854 539 3911; x_wconf 90' lang='lat' dir='ltr'><strong>licet</strong></span> <span class='ocrx_word' id='word_1_321' title='bbox 552 3853 615 3926; x_wconf 88' lang='lat' dir='ltr'><strong>quis</strong></span> <span class='ocrx_word' id='word_1_322' title='bbox 629 3854 721 3928; x_wconf 84' lang='lat' dir='ltr'><strong>possit</strong></span> <span class='ocrx_word' id='word_1_323' title='bbox 732 3863 843 3928; x_wconf 88' lang='lat' dir='ltr'><strong>partem</strong></span> <span class='ocrx_word' id='word_1_324' title='bbox 867 3851 929 3926; x_wconf 86' lang='lat' dir='ltr'><strong>ejus</strong></span> <span class='ocrx_word' id='word_1_325' title='bbox 943 3850 1065 3922; x_wconf 85' lang='lat' dir='ltr'><strong>aliquam</strong></span> <span class='ocrx_word' id='word_1_326' title='bbox 1077 3849 1241 3907; x_wconf 87' lang='lat' dir='ltr'><strong>memoriter</strong></span> 
     </span>
     <span class='ocr_line' id='line_1_38' title="bbox 149 3947 1239 4027; baseline -0.005 -18"><span class='ocrx_word' id='word_1_327' title='bbox 149 3950 291 4027; x_wconf 78' lang='lat' dir='ltr'><strong>proferre:</strong></span> <span class='ocrx_word' id='word_1_328' title='bbox 314 3970 380 4011; x_wconf 86' lang='lat' dir='ltr'><strong>narn</strong></span> <span class='ocrx_word' id='word_1_329' title='bbox 394 3951 519 4011; x_wconf 92' lang='lat' dir='ltr'><strong>conditio</strong></span> <span class='ocrx_word' id='word_1_330' title='bbox 532 3953 600 4009; x_wconf 79' lang='lat' dir='ltr'><strong>caci</strong></span> <span class='ocrx_word' id='word_1_331' title='bbox 619 3970 654 4008; x_wconf 89' lang='lat' dir='ltr'><strong>ea</strong></span> <span class='ocrx_word' id='word_1_332' title='bbox 666 3960 710 4008; x_wconf 88' lang='lat' dir='ltr'><strong>est</strong></span> <span class='ocrx_word' id='word_1_333' title='bbox 723 3968 786 4022; x_wconf 86' lang='lat' dir='ltr'><strong>quae</strong></span> <span class='ocrx_word' id='word_1_334' title='bbox 804 3966 860 4026; x_wconf 84' lang='lat' dir='ltr'><strong>per</strong></span> <span class='ocrx_word' id='word_1_335' title='bbox 879 3965 910 4006; x_wconf 86' lang='lat' dir='ltr'><strong>se</strong></span> <span class='ocrx_word' id='word_1_336' title='bbox 929 3947 1074 4004; x_wconf 89' lang='lat' dir='ltr'><strong>homiuem</strong></span> <span class='ocrx_word' id='word_1_337' title='bbox 1087 3947 1114 4004; x_wconf 86' lang='lat' dir='ltr'><strong>ci</strong></span> <span class='ocrx_word' id='word_1_338' title='bbox 1128 3950 1239 4004; x_wconf 88' lang='lat' dir='ltr'><strong>muneri</strong></span> 
     </span>
     <span class='ocr_line' id='line_1_39' title="bbox 149 4045 1240 4130; baseline -0.002 -24"><span class='ocrx_word' id='word_1_339' title='bbox 149 4049 289 4126; x_wconf 90' lang='lat' dir='ltr'><strong>imparem</strong></span> <span class='ocrx_word' id='word_1_340' title='bbox 303 4049 388 4118; x_wconf 77' lang='lat' dir='ltr'><strong>iacit3</strong></span> <span class='ocrx_word' id='word_1_341' title='bbox 408 4061 436 4108; x_wconf 95' lang='lat' dir='ltr'><strong>et</strong></span> <span class='ocrx_word' id='word_1_342' title='bbox 449 4069 505 4130; x_wconf 85' lang='lat' dir='ltr'><strong>per</strong></span> <span class='ocrx_word' id='word_1_343' title='bbox 528 4049 666 4110; x_wconf 81' lang='lat' dir='ltr'><strong>accidens</strong></span> <span class='ocrx_word' id='word_1_344' title='bbox 679 4059 724 4106; x_wconf 89' lang='lat' dir='ltr'><strong>est</strong></span> <span class='ocrx_word' id='word_1_345' title='bbox 734 4058 769 4111; x_wconf 84' lang='lat' dir='ltr'><strong>ut</strong></span> <span class='ocrx_word' id='word_1_346' title='bbox 779 4048 842 4120; x_wconf 71' lang='lat' dir='ltr'><strong>qu&#39;s</strong></span> <span class='ocrx_word' id='word_1_347' title='bbox 856 4045 979 4118; x_wconf 87' lang='lat' dir='ltr'><strong>aliquant</strong></span> <span class='ocrx_word' id='word_1_348' title='bbox 992 4045 1054 4122; x_wconf 86' lang='lat' dir='ltr'><strong>ejus</strong></span> <span class='ocrx_word' id='word_1_349' title='bbox 1067 4056 1175 4122; x_wconf 87' lang='lat' dir='ltr'><strong>partem</strong></span> <span class='ocrx_word' id='word_1_350' title='bbox 1190 4064 1240 4104; x_wconf 87' lang='lat' dir='ltr'><strong>ex·</strong></span> 
     </span>
    </p>
   </div>
   <div class='ocr_carea' id='block_1_4' title="bbox 149 4143 1238 4280">
    <p class='ocr_par' dir='ltr' id='par_1_8' title="bbox 149 4143 1238 4280">
     <span class='ocr_line' id='line_1_40' title="bbox 149 4143 1238 4224; baseline 0 -19"><span class='ocrx_word' id='word_1_351' title='bbox 149 4147 228 4224; x_wconf 91' lang='lat' dir='ltr'><strong>plere</strong></span> <span class='ocrx_word' id='word_1_352' title='bbox 240 4148 343 4209; x_wconf 78' lang='lat' dir='ltr'><strong>valeat</strong></span> <span class='ocrx_word' id='word_1_353' title='bbox 384 4149 469 4219; x_wconf 82' lang='lat' dir='ltr'><strong>Quod</strong></span> <span class='ocrx_word' id='word_1_354' title='bbox 488 4151 514 4209; x_wconf 89' lang='lat' dir='ltr'><strong>si</strong></span> <span class='ocrx_word' id='word_1_355' title='bbox 535 4151 600 4224; x_wconf 87' lang='lat' dir='ltr'><strong>quis</strong></span> <span class='ocrx_word' id='word_1_356' title='bbox 613 4149 754 4224; x_wconf 87' lang='lat' dir='ltr'><strong>impotens</strong></span> <span class='ocrx_word' id='word_1_357' title='bbox 767 4143 864 4204; x_wconf 87' lang='lat' dir='ltr'><strong>fiatad</strong></span> <span class='ocrx_word' id='word_1_358' title='bbox 877 4154 1040 4221; x_wconf 74' lang='lat' dir='ltr'><strong>tempu0ex</strong></span> <span class='ocrx_word' id='word_1_359' title='bbox 1051 4162 1118 4205; x_wconf 88' lang='lat' dir='ltr'><strong>casu</strong></span> <span class='ocrx_word' id='word_1_360' title='bbox 1132 4145 1238 4219; x_wconf 90' lang='lat' dir='ltr'><strong>aliquo,</strong></span> 
     </span>
     <span class='ocr_line' id='line_1_41' title="bbox 1087 4240 1103 4280; baseline 0 0"><span class='ocrx_word' id='word_1_361' title='bbox 1087 4240 1103 4280; x_wconf 78' lang='lat' dir='ltr'><strong>s</strong></span> 
     </span>
    </p>
   </div>
   <div class='ocr_carea' id='block_1_5' title="bbox 187 4304 863 4475">
    <p class='ocr_par' dir='ltr' id='par_1_9' title="bbox 187 4304 863 4475">
     <span class='ocr_line' id='line_1_42' title="bbox 565 4304 863 4402; baseline -0.013 -18"><span class='ocrx_word' id='word_1_362' title='bbox 565 4336 608 4402; x_wconf 91' lang='lat'><strong>(1)</strong></span> <span class='ocrx_word' id='word_1_363' title='bbox 629 4304 691 4400; x_wconf 64' lang='lat' dir='ltr'><strong>Cap.</strong></span> <span class='ocrx_word' id='word_1_364' title='bbox 703 4331 736 4382; x_wconf 91' lang='lat' dir='ltr'><strong>iii.</strong></span> <span class='ocrx_word' id='word_1_365' title='bbox 747 4331 802 4385; x_wconf 80' lang='lat' dir='ltr'><strong>dist·</strong></span> <span class='ocrx_word' id='word_1_366' title='bbox 815 4331 863 4382; x_wconf 83' lang='lat' dir='ltr'><strong>xci.</strong></span> 
     </span>
     <span class='ocr_line' id='line_1_43' title="bbox 187 4413 395 4475; baseline 0.024 -6"><span class='ocrx_word' id='word_1_367' title='bbox 187 4413 266 4474; x_wconf 76' lang='lat' dir='ltr'><strong>Vos.</strong></span> <span class='ocrx_word' id='word_1_368' title='bbox 288 4415 395 4475; x_wconf 83' lang='lat' dir='ltr'><strong>l.-ao</strong></span> 
     </span>
    </p>
   </div>
   <div class='ocr_carea' id='block_1_6' title="bbox 0 0 1389 4980">
    <p class='ocr_par' dir='ltr' id='par_1_10' title="bbox 0 0 1389 4980">
     <span class='ocr_line' id='line_1_44' title="bbox 0 0 1389 4980; baseline 0 0"><span class='ocrx_word' id='word_1_369' title='bbox 0 0 1389 4980; x_wconf 95' lang='lat' dir='ltr'><strong> </strong></span> 
     </span>
    </p>
   </div>
  </div>
 </body>
</html>
