2744 4980
175 411 234 466 202
440 404 496 463 DE
518 401 815 463 CONFESSIONE
836 399 997 459 ANNUA.

176 570 329 638 Quomodo
351 569 494 629 confessio
515 568 643 629 facienda
661 571 699 626 sit
718 576 749 624 ut
767 566 867 631 valeat,
883 565 958 631 alibi,
973 565 1022 621 ubi
1041 562 1077 620 de
1091 576 1273 624 sacramento

176 671 347 748 poeuitentiae
371 667 512 745 agendum
537 671 599 734 erit,
627 667 822 742 explicabitur.
866 664 983 722 Interim
1009 663 1272 721 animadvertemus

175 772 271 828 omnia
285 778 400 844 peccata
414 767 508 842 gravia
522 785 643 840 quorum
657 765 769 823 veniam
783 773 866 822 antea
878 765 1000 837 quisque
1021 774 1191 820 consecutus
1212 780 1273 818 non

76 906 78 913 ,
176 877 307 933 estesse
324 865 500 931 declaranda,
522 868 616 922 animo
636 882 701 922 vere
722 864 877 939 poenitenti,
898 856 980 918 etad
1001 859 1057 918 Dei
1080 872 1110 917 et
1128 861 1272 919 Ecclesiae

178 966 310 1025 mandata
323 963 496 1041 perficienda
509 975 614 1041 parato.

215 1071 266 1123 27.
287 1065 365 1121 lutra
378 1081 484 1120 annum
497 1063 638 1120 confessio
651 1072 695 1118 est
708 1059 851 1118 faciendar
874 1060 927 1116 fert
946 1068 1038 1116 autem
1054 1057 1180 1116 fidelium
1194 1074 1272 1123 mos,

177 1182 264 1234 quem
279 1162 407 1238 probavit
419 1162 572 1219 concilium
590 1160 801 1224 Tridentium,
821 1169 853 1214 ut
874 1158 922 1214 fiat
942 1168 1068 1233 tempore
1089 1157 1280 1233 quadragesi:

177 1257 271 1321 mali.¹
312 1263 370 1327 Qui
391 1280 496 1318 annum
518 1261 590 1318 elabi
610 1261 686 1324 sivit,
710 1245 890 1316 comessione
917 1254 991 1313 haud
1012 1267 1134 1331 peracta,
1156 1266 1273 1313 tenetur

179 1371 358 1436 quantocyus
372 1360 508 1426 confiteri,
530 1370 641 1434 tempus
655 1359 732 1415 enim
753 1357 943 1432 praescribitur
961 1353 996 1411 ad
1011 1355 1165 1430 urgendam
1181 1354 1274 1412 divini

176 1461 311 1535 praecepti
318 1457 523 1535 impletionem,
534 1476 593 1516 non
602 1457 637 1514 ad
651 1457 853 1531 obligationem
867 1453 1088 1513 terminandam:
1105 1453 1183 1526 quod
1195 1454 1274 1511 colli·

176 1577 242 1635 gere
256 1567 299 1615 est
311 1577 347 1615 err
369 1558 460 1614 verbis
480 1558 553 1615 illis:
576 1555 683 1614 saltem
706 1554 796 1612 semel
816 1555 849 1611 in
869 1571 960 1612 anno.
1003 1553 1061 1618 Qui
1082 1552 1222 1628 praevidet
1243 1571 1274 1608 se
1330 1546 1334 1553 ’

177 1655 347 1732 impeditum
370 1656 404 1712 iri
426 1674 462 1713 ne
483 1657 656 1723 confiteatur,
680 1655 736 1713 nisi
759 1664 929 1731 presentem
949 1653 1065 1729 arripiat
1077 1653 1274 1718 occasionem,

179 1765 290 1815 tenetur
312 1754 346 1812 ad
365 1753 558 1813 confitendum
581 1756 685 1821 statim,
706 1754 772 1810 licet
792 1755 856 1810 anni
877 1753 941 1811 finis
962 1770 1019 1809 non
1040 1753 1274 1828 appropinquet:

181 1866 353 1932 preceptum
376 1855 453 1911 enim
476 1854 582 1930 obligat
604 1872 677 1911 anno
697 1852 839 1918 inchoato,
861 1871 914 1909 nec
934 1851 990 1907 alia
1016 1851 1109 1908 futura
1134 1862 1178 1907 est
1206 1850 1278 1908 illud

181 1952 318 2030 implendi
331 1955 453 2012 occasio.
496 1954 545 2023 Sip
568 1954 617 2025 qui
640 1951 791 2025 aliquando
814 1952 972 2009 invisuntur
985 1970 1002 2006 a
1014 1947 1159 2008 sacerdote
1173 1949 1279 2008 fideles

179 2055 210 2111 in
223 2052 288 2110 loco
301 2051 436 2127 degentes
456 2053 490 2108 ab
503 2052 622 2109 ecclesia
637 2051 748 2120 dissito,
762 2060 791 2107 et
804 2052 882 2107 omni
895 2051 968 2108 sacri
982 2049 1132 2108 ministerii
1145 2050 1279 2108 subsidio

180 2151 348 2227 plerumque
361 2160 499 2217 carentes,
514 2150 617 2208 debent
627 2151 755 2207 confiteri
769 2158 893 2226 peccata,
908 2151 933 2206 si
954 2147 1128 2226 prevideant
1148 2164 1200 2223 per
1213 2150 1278 2206 reli·

181 2270 268 2323 quam
282 2251 346 2307 anni
360 2260 468 2326 partem
481 2269 538 2308 non
552 2250 611 2306 fore
625 2249 680 2306 illis
694 2249 860 2308 confessarii
878 2250 1002 2324 copiam.
1044 2248 1148 2306 Annus
1167 2246 1243 2305 solet
1263 2268 1280 2303 a

180 2349 276 2409 multis
290 2350 446 2426 computari
460 2369 476 2406 a
489 2358 615 2426 tempore
630 2348 706 2420 quod
720 2348 844 2425 paschali
859 2356 1001 2424 precepto
1021 2344 1168 2423 implendo
1191 2343 1280 2410 desti·

179 2457 271 2512 natur,
285 2445 320 2502 ad
333 2450 479 2520 sequentis
493 2449 558 2505 anni
573 2458 684 2522 tempus
698 2449 766 2505 item
781 2446 927 2523 paschale.

219 2548 268 2601 28.
291 2544 426 2602 Parentes
447 2548 495 2618 qui
518 2564 575 2603 nou
599 2555 696 2603 curant
717 2557 748 2602 ut
770 2545 822 2602 filii
845 2546 912 2602 huic
936 2546 1109 2602 satisfaciant
1132 2555 1278 2623 praecepto

180 2645 302 2720 graviter
316 2654 381 2700 sunt
393 2645 543 2722 culpandi;
564 2644 720 2720 presertim
735 2663 824 2716 quum
838 2645 892 2702 hoc
912 2662 1028 2703 munere
1042 2646 1071 2701 in
1086 2657 1182 2703 tenera
1196 2654 1280 2702 aetate

181 2742 321 2825 neglecto,
348 2741 463 2802 difficile
489 2743 625 2820 deinceps
652 2741 687 2800 ad
713 2744 816 2801 bonam
839 2744 950 2819 frugem
972 2741 1143 2818 redigantur.
1186 2745 1280 2818 Igitur

182 2852 335 2917 septennes
349 2840 384 2898 ad
397 2843 589 2902 confitendum
609 2842 738 2900 mittendi
754 2853 829 2908 sunt,
851 2853 880 2898 et
899 2841 1035 2917 deinceps
1057 2845 1209 2914 quotannis
1225 2844 1280 2899 sal-

183 2950 258 2996 tem:
281 2939 398 3012 quodsi
412 2941 480 2999 dum
495 2941 659 2999 adolescunt
671 2952 803 3008 renuunt,
818 2942 950 3017 precibus
964 2953 994 2998 et
1013 2942 1193 3003 suasionibus
1209 2961 1280 3017 prae·

181 3039 279 3095 sertim
293 3050 358 3095 sunt
370 3039 544 3108 adducendi3
564 3039 616 3098 sed
629 3051 747 3116 peccant
760 3042 926 3117 plerumque
940 3051 1033 3117 patres
1047 3043 1096 3113 qui
1109 3061 1161 3100 suo
1176 3059 1276 3098 exem·

183 3137 232 3213 plo
245 3136 311 3195 tiliis
325 3155 383 3195 non
397 3149 531 3214 praeeunt.
574 3140 632 3206 Qui
646 3139 814 3198 confitentur
827 3141 912 3197 etiam
925 3143 1005 3215 pueri
1019 3140 1183 3197 absolvendi
1198 3152 1277 3204 sunt,

183 3224 250 3293 nain
271 3235 334 3294 ideo
354 3240 498 3297 confessio
519 3258 612 3297 annua
632 3240 798 3315 injungitur,
819 3249 849 3296 ut
870 3240 970 3297 animae
991 3240 1073 3296 saluti
1095 3239 1278 3297 consulatur:

184 3335 261 3408 quod
274 3337 299 3391 si
312 3335 347 3393 de
361 3339 447 3397 animi
461 3340 627 3416 poenitentia
646 3338 796 3405 dubitetur,
811 3338 976 3397 confessarii
995 3336 1120 3397 studium
1135 3340 1164 3395 in
1178 3355 1215 3394 eo
1229 3356 1280 3412 po·

185 3433 311 3492 neudum
325 3446 377 3502 est,
393 3448 423 3494 ut
436 3438 470 3494 ad
484 3438 589 3496 doloris
604 3456 719 3495 sensum
734 3449 762 3495 et
777 3438 990 3495 detestationem
1004 3448 1185 3513 peccatorum
1200 3438 1280 3494 exci-

184 3541 286 3599 tentur,
298 3532 333 3589 ad
341 3535 523 3593 absolutionis
537 3536 706 3594 beneficium
715 3536 942 3613 percipiendum.
964 3536 1058 3594 Puero
1069 3536 1105 3593 de
1120 3554 1177 3608 quo
1187 3534 1282 3593 adhuc

220 3717 393 3787 (nisenctam
406 3719 470 3771 hanc
482 3721 684 3772 cousuetudinem
696 3723 798 3772 retinere
806 3724 893 3773 frustra
903 3725 1032 3773 voluerunt
1043 3723 1186 3784 Anglicani,
1197 3722 1283 3772 divina

186 3805 239 3866 lege
247 3804 379 3855 confitendi
389 3815 488 3870 peccata
499 3806 625 3869 denegate
661 3814 676 3837 ‘¹
686 3807 739 3858 Our
747 3807 798 3857 first
810 3808 948 3857 Reformers
959 3807 1089 3857 contented
1101 3808 1250 3857 themselves
1258 3815 1284 3855 to

164 3944 166 3946 v
188 3905 290 3953 procura
301 3890 362 3940 from
374 3890 481 3942 Edward
490 3890 533 3942 the
545 3891 611 3942 sirth
619 3892 646 3942 iu
658 3891 699 3942 the
711 3893 762 3943 first
774 3893 802 3942 of
811 3894 849 3942 his
861 3894 929 3954 reign
942 3894 1033 3942 certain
1045 3892 1198 3958 injunctions
1199 3925 1283 3941 .....

188 3972 267 4023 Order
278 3992 329 4024 was
340 3977 411 4038 given
423 3979 455 4041 by
467 3978 508 4028 the
520 3994 586 4028 same
597 3979 757 4045 injunctions,
769 3978 821 4028 that
833 3979 874 4028 the
886 3994 952 4028 same
964 3993 1065 4042 persons
1074 3977 1161 4027 should
1174 3978 1200 4026 in
1214 3976 1286 4026 Gou-

186 4056 291 4107 feosions
302 4060 328 4108 in
341 4060 404 4111 Leut
415 4063 529 4113 examine
539 4079 611 4127 every
624 4079 712 4127 person
723 4063 776 4112 that
787 4079 856 4113 came
868 4070 892 4111 to
904 4062 1043 4111 confession
1055 4070 1080 4111 to
1088 4061 1163 4120 thern
1173 4060 1286 4110 whether

139 4152 145 4163 ’
186 4141 244 4205 they
264 4145 336 4194 could
348 4147 420 4197 recito
432 4147 473 4197 the
484 4148 578 4199 articles
590 4148 618 4197 of
631 4147 693 4197 their
704 4147 824 4206 triturae
837 4148 909 4198 Pater
919 4152 1012 4207 noster,
1030 4146 1079 4195 and
1098 4144 1140 4194 the
1151 4152 1194 4194 teu
1207 4143 1286 4195 Com·

188 4226 345 4278 mandmeuts
356 4230 383 4280 in
393 4231 524 4293 nigritae
558 4233 701 4301 injunction
712 4237 736 4288 9.
754 4234 798 4286 Sec
809 4233 849 4286 the
865 4231 1040 4301 collectiones
1052 4228 1166 4294 antem,
1177 4229 1284 4302 lrry'une·

185 4308 259 4368 tione,
271 4311 321 4373 de,
332 4312 420 4381 bthp.
433 4314 554 4380 Sprrrow,
