2744 4980
629 1164 771 1225 CAPUT
793 1164 830 1222 V.

514 1382 552 1420 DE
573 1381 773 1421 communioris
795 1380 952 1421 rasorium.

225 1580 260 1632 31
285 1575 457 1632 ancnrro
471 1571 623 1630 confitendi
642 1571 718 1630 aliud
740 1572 939 1630 eucharistiam
959 1569 1116 1647 recipiendi
1136 1570 1285 1638 adnexum

185 1684 247 1732 est:
271 1682 290 1708 ‘¹
305 1675 465 1749 suscipiens
478 1685 639 1728 reverenter
659 1669 693 1727 ad
716 1672 810 1729 minus
824 1671 854 1728 in
867 1669 974 1745 pascha
992 1670 1171 1729 eucharistiae
1190 1689 1285 1727 sacra·

187 1785 326 1839 mentum,
341 1773 396 1830 nisi
406 1773 476 1828 sorte
490 1769 525 1827 de
539 1771 648 1848 proprii
668 1769 822 1828 sacerdotis
842 1769 961 1827 consilio
974 1769 1012 1827 ob
1024 1769 1147 1842 aliquam
1160 1769 1284 1826 rationa-

188 1873 276 1931 bilem
289 1888 403 1928 causam
417 1870 452 1926 ad
466 1881 580 1945 tempus
594 1870 628 1926 ab
638 1868 804 1946 hujusmodi
817 1869 999 1945 perceptione
1012 1867 1126 1927 duxerit
1138 1869 1284 1926 abstinen-

188 1970 273 2029 dum:
296 1969 421 2041 alioquin
435 1979 463 2024 et
476 1971 576 2026 vivens
591 1969 625 2025 ab
645 1970 773 2045 ingressu
795 1968 934 2026 Ecclesia
956 1977 1092 2034 arceatur,
1105 1977 1135 2024 et
1152 1968 1284 2025 moriens

187 2068 341 2126 christiana
355 2077 448 2123 careat
461 2061 654 2144 sepultura.‘’¹
697 2066 835 2133 Quamvis
854 2076 1005 2139 utrumque
1018 2075 1195 2143 praeceptum
1216 2085 1284 2125 con·

184 2164 329 2244 jungatur,
344 2168 532 2224 communiter
547 2174 640 2223 tamen
655 2175 750 2222 tenent
762 2163 888 2242 theologi
909 2166 992 2223 citius
1005 2165 1122 2241 obligari
1135 2182 1286 2239 quemque

188 2265 224 2323 ad
237 2264 440 2346 confitendum,
461 2285 546 2338 quam
566 2264 602 2321 ad
622 2263 834 2340 suscipiendam
854 2262 1062 2331 eucharistiam,
1084 2283 1172 2337 quum
1193 2267 1284 2342 hujus

188 2367 354 2422 sacramenti
370 2363 491 2439 dignitas
502 2365 640 2439 majorem
651 2363 738 2421 animi
748 2356 991 2440 praeparationem,
1002 2376 1031 2421 et
1043 2364 1202 2440 pleniorem
1216 2362 1285 2422 doc·

188 2463 266 2519 trinae
292 2464 419 2520 notitiam
445 2462 578 2539 postulet.
621 2462 647 2518 t
674 2461 812 2521 decennio
839 2461 875 2520 ad
900 2461 1113 2535 quatuordecim
1140 2481 1283 2521 annorum

188 2548 296 2618 aeta'tem
312 2561 438 2636 plerique
453 2570 570 2619 censent
590 2569 701 2636 tempus
716 2561 807 2636 prima
827 2563 890 2619 vice
911 2561 1064 2620 accedendi
1078 2561 1113 2618 ad
1136 2560 1284 2620 eucharis·

188 2661 256 2719 tiam
271 2661 370 2717 variari
385 2679 469 2734 posse
484 2680 535 2736 pro
556 2677 708 2734 pueromm
729 2660 824 2718 indole
844 2671 872 2716 ct
891 2654 1020 2736 pietate.²
1059 2660 1144 2726 Quod
1164 2663 1190 2719 si
1211 2679 1283 2736 puer

188 2761 245 2817 vita
258 2759 440 2835 periclitetur,
461 2779 540 2816 sacra
559 2756 728 2816 eucharistia
747 2760 825 2816 refici
845 2761 958 2835 poterit,
974 2763 998 2818 si
1012 2779 1102 2837 capax
1116 2762 1154 2819 sit
1166 2761 1239 2818 conf
1270 2793 1281 2804 ·

187 2860 288 2925 sionis,
303 2869 331 2914 et
344 2860 466 2930 aliquam
486 2859 662 2917 eucharistiae
683 2858 784 2915 habeat
802 2859 940 2926 notitiam,
961 2870 989 2916 et
1001 2878 1118 2918 sensum
1139 2851 1283 2936 pietatis.³

189 2957 314 3013 Peccant
327 2968 420 3014 autem
434 2968 563 3032 parentes
578 2960 627 3030 qui
646 2976 749 3034 pueros
770 2976 837 3016 suos
857 2958 892 3015 ad
912 2959 1109 3018 eucharistiam
1124 2960 1283 3035 suscipien-

188 3053 263 3119 dam,
278 3073 365 3128 quum
380 3057 504 3131 primum
517 3056 627 3115 licuerit
646 3076 712 3114 cum
732 3056 821 3115 fructu
842 3056 985 3126 accedere,
1006 3076 1103 3133 parare
1121 3057 1280 3135 negligunt.

189 3152 332 3230 Culpandi
353 3156 437 3212 etiam
457 3165 524 3211 sunt
544 3157 701 3213 animarum
723 3167 849 3231 pastores
871 3158 920 3227 qui
942 3156 1066 3215 studium
1086 3158 1281 3214 necessarium

189 3252 262 3311 haud
278 3266 386 3328 ponunt
405 3255 435 3311 in
455 3255 550 3329 pueris
571 3265 666 3313 tenera
685 3265 764 3311 utute
784 3254 818 3311 ad
835 3275 899 3313 eam
919 3256 1114 3332 disponendis,
1130 3276 1221 3329 quum
1241 3258 1282 3312 sic

189 3362 265 3410 tauto
286 3364 398 3410 careant
417 3372 544 3421 munere,
567 3365 595 3411 et
615 3373 719 3431 magno
740 3353 897 3412 discrimini
918 3356 948 3412 in
962 3356 1028 3412 vitia
1050 3355 1161 3413 labendi
1182 3356 1281 3432 objici-

190 3461 279 3507 antur.

229 3552 277 3603 32.
309 3549 457 3605 Pasolratis
479 3559 591 3625 tempus
615 3550 792 3607 eucharistias
813 3551 1003 3627 suscipienda
1025 3551 1204 3630 adsignatum
1227 3563 1280 3611 est.

188 3654 218 3701 ut
231 3645 351 3701 victima
365 3664 417 3721 pro
431 3647 511 3702 nobis
525 3648 623 3704 oblatae
645 3649 709 3723 ipso
723 3667 780 3720 quo
801 3650 946 3708 immolata
965 3663 1009 3708 est
1029 3661 1156 3728 tempore
1171 3653 1282 3729 partici-

188 3760 239 3818 pes
254 3761 391 3810 essemus,
406 3745 617 3802 resurrectionis
638 3747 700 3822 ejus
722 3745 806 3804 futuri
827 3759 983 3807 consortes.
1027 3749 1166 3809 Paschale
1187 3759 1282 3807 autem

188 3852 310 3918 tompus,
326 3842 401 3916 quod
416 3842 451 3899 ad
464 3845 589 3901 muneris
606 3844 689 3920 hujus
712 3845 907 3920 impletionem
921 3850 1029 3915 attinet,
1045 3849 1207 3921 quindenos
1222 3848 1282 3906 dies

188 3959 204 4013 a
218 3939 361 4001 dominica
374 3942 531 4018 palmarum
546 3943 580 4000 ad
594 3942 764 4002 dominicam
786 3946 815 4002 in
837 3946 906 4004 albis
921 3948 1060 4006 inclusive
1074 3949 1282 4026 complectitur,

323 4131 364 4193 (l)
384 4130 459 4179 Cone.
472 4132 535 4181 Gen.
548 4131 601 4180 Lat
613 4131 644 4180 iv.
657 4131 719 4196 Cup.
733 4132 830 4187 Oroatia,
841 4133 871 4181 de
882 4134 964 4196 poenit.
976 4143 1000 4182 et
1012 4135 1103 4184 remiss.

324 4213 365 4276 (2)
384 4214 492 4264 Antoino
505 4216 586 4265 Truct.
598 4217 628 4265 ds
640 4215 721 4266 Euch.
733 4234 753 4266 c.
765 4218 789 4267 ii.
801 4234 842 4281 qu.
859 4221 878 4267 l.
890 4234 952 4282 resp.
965 4222 988 4266 2.

325 4299 367 4361 (3)
388 4299 487 4347 Ibidem.
522 4299 585 4349 Vide
594 4310 618 4349 ct
630 4298 755 4351 Benedict.
768 4303 815 4351 xiv.
827 4303 966 4368 desynodo,
978 4304 992 4351 l.
1001 4303 1041 4353 vii.
1053 4319 1072 4353 c
1085 4306 1119 4353 ix.
