2744 4980
220 405 276 459 128
515 400 572 458 DE
594 395 734 458 SEXTO
760 396 1012 458 PRAECEPTO.

216 564 354 641 impudici
376 566 448 623 inter
468 567 705 642 consanguineos,
728 566 828 622 saltem
849 565 934 640 primi
955 575 983 620 et
1005 563 1123 622 secundi
1137 565 1250 640 gradus,
1275 566 1310 623 ad

216 667 354 725 incestum
368 665 533 721 reseruntur.

258 769 323 822 148.
350 762 556 839 Sacrilegium
576 780 733 820 venereum
753 771 796 820 est
814 762 928 819 violatio
949 764 989 819 rei
1008 763 1053 819 vel
1074 781 1203 838 persone
1223 783 1310 821 sacrae

215 883 267 940 per
274 872 367 920 aetum
380 855 556 919 venereum.¹
577 861 679 918 Omnis
690 873 767 919 actus
777 861 950 929 luxuriosus,
962 872 1018 918 tam
1029 863 1152 928 interior,
1163 881 1250 934 quam
1261 881 1310 919 ex·

216 964 311 1028 terior,
326 963 356 1018 in
369 979 500 1037 persona,
515 960 560 1017 vel
573 980 639 1018 cum
652 980 774 1037 persona
785 972 851 1018 voto
871 961 991 1018 solemni
1011 961 1145 1018 eastitatis
1158 961 1252 1036 ligata,
1267 973 1311 1018 est

216 1061 409 1135 sacrilegium.
451 1059 600 1126 Sacerdos,
616 1061 664 1131 qui
684 1061 768 1118 ctiam
788 1059 954 1135 religionem
975 1059 1119 1135 professus
1133 1070 1186 1127 est,
1202 1060 1309 1136 duplex

216 1160 395 1234 sacrilegium
409 1159 553 1215 nonnullis
574 1157 684 1216 videtur
703 1158 859 1225 admittere,
874 1157 941 1215 dum
959 1159 1044 1215 violat
1063 1160 1237 1216 castitatem:
1261 1160 1309 1217 alii

216 1257 282 1316 verd
296 1260 412 1314 unicum
423 1258 603 1332 saerilegium
614 1259 643 1314 in
656 1270 772 1333 peccato
782 1256 947 1334 hujusmodi
961 1269 1126 1332 agnoscunn
1141 1267 1240 1335 putant
1253 1259 1309 1315 sci·

215 1359 280 1415 licet
298 1365 396 1413 votum
409 1357 553 1432 religionis
573 1367 601 1413 et
620 1356 727 1415 ordinis
748 1357 782 1413 ad
802 1356 921 1413 eandem
942 1356 1100 1430 Religionis
1119 1358 1252 1414 virtutem
1267 1376 1309 1414 re·

215 1457 281 1514 ferri
293 1476 299 1512 :
322 1456 367 1512 vel
381 1456 520 1513 Ecclesiae
534 1456 625 1531 legem
640 1456 740 1515 eadem
755 1458 855 1513 virtute
869 1456 931 1511 niti.
965 1455 1082 1530 Duplex
1095 1466 1189 1537 autern
1203 1457 1235 1512 lit
1248 1474 1308 1513 sac·

212 1556 341 1630 rilegium
355 1555 380 1610 si
393 1574 515 1630 persona
527 1566 643 1627 utraque
664 1575 785 1630 peccans
800 1573 879 1610 sacro
893 1555 1006 1611 vinculo
1019 1555 1104 1629 ligata
1116 1556 1162 1612 sit.
1205 1556 1301 1613 Sacri·

211 1654 319 1730 legium
333 1654 421 1710 etium
436 1653 564 1719 admittit,
578 1655 628 1726 qui
641 1655 679 1709 ita
692 1657 792 1732 ligatus
813 1653 964 1709 delectatur
978 1653 1128 1728 cogitando
1141 1653 1176 1710 de
1190 1665 1308 1730 peccato

215 1754 338 1818 alterius,
354 1752 398 1808 vel
412 1752 529 1808 alterum
542 1753 601 1809 suis
614 1754 745 1810 manibus
766 1753 876 1828 polluit.
919 1752 1014 1808 Locus
1034 1770 1113 1808 sacer
1130 1752 1233 1811 dicitur
1246 1772 1308 1810 om-

214 1853 258 1908 nis
271 1851 351 1908 loeus
365 1850 399 1907 ab
412 1849 560 1925 Episcopo
574 1850 747 1919 benedictus,
762 1862 791 1909 et
810 1850 957 1924 deputatus
978 1851 1012 1906 ad
1032 1850 1126 1907 officia
1138 1851 1245 1918 divina,
1260 1864 1309 1909 aut

214 1950 248 2007 ad
262 1959 387 2007 mortuos
401 1947 590 2024 sepeliendos.
634 1949 701 2008 Hoc
721 1952 835 2009 nomine
855 1967 912 2005 non
926 1949 1204 2024 comprehenduntur
1216 1952 1305 2018 cellae,

213 2049 376 2112 claustrum,
401 2048 537 2113 sacristia,
565 2047 769 2114 dormitorium,
798 2058 902 2105 tectum
922 2066 1007 2122 supra
1027 2048 1187 2116 ecclesiam,
1220 2052 1310 2127 janua

213 2157 291 2203 extra
304 2145 391 2203 limen
404 2146 542 2211 ecelesia),
566 2148 677 2204 atrium.
700 2150 732 2206 Si
744 2149 863 2205 violetur
874 2146 955 2203 locus
969 2164 1047 2202 sacer
1057 2148 1213 2205 voluntaria
1224 2151 1308 2207 semi·

213 2247 259 2304 nis
269 2246 387 2303 humani
397 2245 536 2302 effusione
547 2245 726 2322 sacrilegium
740 2241 796 2303 fit²
818 2246 895 2302 Hinc
905 2246 1007 2319 copula
1020 2246 1189 2325 conjugalis,
1204 2248 1305 2306 saltem

213 2345 325 2420 publice
339 2355 415 2412 nota,
431 2346 460 2402 in
473 2344 593 2401 eeclesia
606 2344 708 2413 habite,
729 2366 791 2403 earn
813 2344 930 2421 polluit:
952 2345 1046 2420 gravis
1066 2347 1143 2404 enim
1158 2349 1184 2403 ei
1199 2348 1307 2422 irroga·

110 2464 114 2471 ·
212 2453 257 2501 tur
270 2443 382 2520 injuria.
411 2445 444 2501 Si
458 2453 551 2499 autem
566 2453 692 2520 tempore
705 2446 771 2502 belli
785 2445 930 2519 contingat
938 2462 975 2499 ex
989 2445 1155 2502 necessitate
1169 2447 1306 2522 conjuges

213 2543 243 2600 in
269 2541 390 2599 ecclesia
411 2541 459 2600 diu
482 2541 616 2608 habitare,
643 2544 680 2600 ob
706 2545 917 2601 incontinentia
944 2543 1102 2617 periculum
1124 2555 1304 2603 excusantur.

211 2641 320 2698 Tactus
334 2640 471 2716 impudici
484 2641 514 2697 in
527 2640 648 2698 eeclesia
667 2642 754 2700 habiti
774 2642 914 2717 sacrilegii
934 2642 1067 2699 malitiam
1081 2643 1212 2701 videntur
1226 2644 1306 2701 indu·

213 2759 269 2798 ere.
312 2739 408 2797 Verba
420 2750 449 2796 et
462 2749 592 2814 aspectus
611 2752 717 2817 turpes,
731 2753 759 2798 et
772 2741 911 2814 quidquid
923 2743 1049 2798 exterius
1072 2762 1187 2818 §avem
1203 2761 1306 2817 praese·

212 2840 266 2898 sert
275 2839 399 2915 culpem,
411 2859 426 2896 a
436 2838 562 2915 pluribus
573 2839 714 2916 theologis
725 2842 873 2916 sacrilegia
882 2851 1033 2898 censentur
1043 2841 1157 2913 quando
1167 2842 1305 2899 habentur

212 2940 242 2995 in
255 2938 384 2995 ecelesia.
427 2937 622 3013 Cogitationes
642 2950 670 2996 et
690 2939 830 2998 desideria
844 2940 934 3014 turpia
951 2959 1009 2997 non
1023 2939 1152 2998 videntur
1165 2941 1305 3016 sacrilegii

212 3037 377 3095 contrahere
391 3037 544 3110 specialem
563 3037 708 3105 malitiam,
724 3041 776 3096 etsi
797 3040 826 3096 in
847 3037 968 3095 ecclesia
989 3040 1053 3111 quis
1073 3041 1115 3096 eis
1134 3039 1303 3098 indulserit:

212 3154 265 3195 nec
279 3136 356 3193 enirn
370 3145 485 3192 externa
498 3138 656 3193 reverentia
667 3137 731 3194 loco
744 3156 824 3194 sacro
834 3137 926 3195 debita
943 3137 978 3194 iis
992 3137 1119 3196 violatur.
1163 3138 1307 3196 Caeterum

212 3237 237 3293 si
251 3236 314 3308 quis
329 3235 525 3310 concupiverit
537 3236 662 3292 exterius
682 3237 712 3293 in
732 3237 854 3295 ecclesia
872 3255 999 3312 peccare,
1014 3239 1067 3295 erit
1080 3239 1174 3296 animo
1193 3240 1307 3295 sacrile-

208 3337 275 3413 'gus
320 3335 378 3392 Res
394 3353 486 3392 sacras
501 3333 535 3391 ad
550 3336 668 3410 turpiter
679 3317 855 3412 peccaudnni
874 3335 1007 3393 adhibere
1026 3337 1207 3412 sacrilegium
1221 3338 1305 3394 etiam

212 3434 294 3492 foret.
320 3435 377 3500 Qui
391 3433 602 3492 Eucharistiam
616 3445 740 3511 gestans,
754 3445 852 3509 peccat
865 3446 960 3491 contra
972 3437 1128 3494 castitatem
1142 3436 1187 3493 vel
1200 3437 1305 3503 animo,

212 3532 257 3588 rel
270 3532 373 3598 verbis,
388 3532 434 3588 vel
448 3544 521 3595 actu,
538 3531 647 3589 videtur
660 3534 839 3608 sacrilegium
857 3544 974 3609 patrare.

255 3633 320 3686 149.
346 3628 500 3696 Sodomis,
521 3650 537 3686 a
557 3630 692 3689 Sodomis
712 3633 768 3690 hoe
788 3633 893 3690 scelere
907 3629 1083 3700 infamibus‚³
1103 3643 1216 3690 vocatur
1237 3652 1304 3692 eon·

212 3747 327 3808 gressus
350 3727 468 3785 duarum
488 3747 673 3803 personarum
693 3729 821 3807 ejusdem
842 3749 938 3789 sexus.
981 3733 1032 3788 Sic
1052 3752 1112 3790 mas
1132 3752 1198 3789 eum
1220 3734 1302 3800 mari,

212 3830 257 3887 vel
270 3829 385 3886 scamina
398 3847 462 3886 cum
478 3827 594 3884 soemina
606 3829 682 3888 coire
703 3828 880 3906 aggrediens,
895 3831 989 3888 scelus
1009 3830 1063 3889 hoc
1077 3830 1206 3889 admittit.
1248 3832 1306 3889 lrn·

212 3929 410 3987 inanissimum
433 3927 488 3986 hoo
508 3938 654 4005 peccatum
672 3928 816 3986 ultricibus
838 3928 961 3986 flammis
982 3930 1061 3987 Deus
1082 3931 1151 3989 olim
1172 3931 1285 4008 punivit

247 4145 290 4209 (l)
305 4144 368 4194 Vide
379 4144 405 4191 S.
417 4143 549 4204 Thomam,
560 4147 584 4193 2.
597 4149 621 4194 2.
632 4162 674 4210 qu.
685 4146 750 4196 cxix.
762 4153 805 4195 ert·
818 4146 852 4196 lii.
863 4147 893 4196 ad
905 4148 1003 4197 tertium

244 4229 285 4295 (2)
303 4227 331 4277 C.
341 4244 383 4278 nn.
400 4228 430 4277 ds
439 4245 546 4280 cousecr-
557 4229 627 4281 Ecel.
638 4231 665 4281 iu
677 4229 700 4281 6.
711 4239 736 4281 et
746 4247 777 4281 ex
789 4247 811 4282 c.
823 4231 947 4283 Ecclesiis.
961 4235 1001 4281 20.
1014 4232 1044 4283 de
1054 4248 1149 4283 consec.
1161 4232 1218 4283 dist.
1233 4235 1254 4282 1.

247 4311 287 4381 (3)
301 4311 363 4361 Gen.
376 4311 443 4362 xviii·
