2744 4980
185 417 244 471 232
408 412 465 470 DE
488 410 769 470 REGULARIUM
791 408 1060 469 PRlVlLEGllS.

184 576 312 652 possint:
334 575 425 650 ipsam
441 585 534 632 autem
547 576 693 633 licentiam
708 576 793 649 gratis
807 574 939 650 episcopi
952 572 1121 630 concedant.
1166 573 1203 632 Si
1218 591 1288 630 vero

185 673 274 755 (quod
288 672 373 751 absit)
387 673 556 749 praedicator
570 692 691 739 errores,
703 684 751 730 aut
763 673 896 730 scandala
908 671 1138 729 disseminaverit
1148 672 1179 729 in
1191 691 1287 748 popu·

182 771 252 840 lum,
267 773 378 830 etiamsi
392 773 422 829 in
435 773 608 830 monasterio
622 773 678 839 sni,
693 771 739 828 vel
752 770 866 829 alterins
881 769 990 829 ordinis
1009 770 1154 846 praedicet,
1170 773 1288 846 episco-

183 889 238 946 pus
258 873 285 928 ei
309 870 542 946 praedicationem
563 869 718 927 interdicat.
771 869 856 936 Quod
878 871 903 926 si
927 868 1051 926 hereses
1073 868 1285 944 praedicaverit,

183 981 282 1027 contra
301 987 367 1025 eum
387 968 546 1025 secundum
561 970 636 1044 juris
659 966 885 1043 dispositionem,
907 976 954 1023 aut
972 967 1028 1025 loci
1044 967 1287 1026 consuetudinem

183 1066 327 1144 procedat,
341 1067 453 1124 etiamsi
468 1065 633 1142 praedicator
646 1067 709 1142 ipse
724 1066 857 1141 generali,
873 1066 918 1122 vel
931 1066 1049 1140 speciali
1064 1067 1221 1142 privilegio
1236 1086 1285 1124 en·

184 1175 314 1242 emptum
327 1183 359 1221 ae
373 1183 436 1223 esse
450 1165 653 1241 praetenderet;
675 1183 733 1236 quo
748 1183 815 1221 casu
829 1165 983 1238 episcopus
1005 1164 1174 1222 authoritate
1190 1167 1286 1241 Apos-

185 1264 281 1331 tolica,
296 1273 324 1319 et
336 1274 478 1335 tamquam
493 1263 577 1320 Sedis
591 1265 765 1339 Apostolicae
780 1262 923 1338 delegatus
937 1260 1120 1337 procedat.'’l
1141 1273 1160 1299 ‘⁴
1175 1265 1286 1322 Nullus

184 1373 278 1420 autem
292 1361 445 1428 saecularis,
460 1363 521 1419 sive
535 1364 682 1438 regularis,
701 1363 786 1419 etiam
800 1363 829 1418 in
843 1360 974 1419 ecclesiis
995 1380 1113 1419 suorum
1131 1364 1281 1430 ordinum,

174 1459 392 1519 contradicente
406 1461 554 1535 episcopo,
569 1459 722 1535 praedicare
747 1452 948 1535 prasumat.”²
988 1459 1021 1516 Si
1045 1460 1186 1538 denegata
1200 1464 1286 1522 suerit

183 1560 218 1617 ab
232 1560 369 1634 episcopo
382 1558 552 1625 benedictio,
568 1559 673 1634 poterit
689 1559 827 1635 regularis
841 1561 871 1616 in
881 1557 1012 1615 ecclesiis
1025 1561 1071 1617 sui
1084 1561 1198 1618 ordinis
1214 1582 1286 1637 pra-

184 1656 364 1722 dicmensi
387 1657 542 1733 episcopus
563 1656 773 1715 contradixerit.
815 1658 873 1715 Per
893 1656 1010 1733 platea-a,
1038 1659 1084 1715 vel
1107 1658 1175 1716 alibi
1203 1673 1286 1718 extra

183 1755 319 1813 ecclesias
333 1763 427 1830 potest
439 1756 524 1813 etiam
538 1755 683 1831 regularis,
698 1755 892 1814 benedictione
901 1754 978 1812 haud
991 1759 1088 1831 petita,
1104 1758 1264 1834 praedicare
1276 1779 1284 1825 ς

185 1852 358 1930 predicandi
374 1863 468 1911 autem
482 1852 598 1910 facultas
613 1864 707 1930 potest
719 1854 834 1911 cuilibet
847 1863 992 1911 tonsurato
1005 1849 1173 1914 committi³
1219 1859 1287 1916 Una

185 1952 327 2010 autaltera
337 1952 399 2009 vice
413 1953 442 2008 in
455 1953 556 2009 alienis
570 1953 710 2019 ecclesiis,
724 1963 841 2029 rogante
856 1952 993 2028 parocho,
1005 1953 1158 2029 praedicare
1175 1957 1286 2029 absque

183 2050 315 2124 episcopi
328 2050 451 2116 licentia,
466 2050 491 2106 si
504 2051 590 2125 longe
604 2051 686 2119 absit,
701 2061 729 2107 et
742 2051 877 2126 regularis
895 2054 926 2108 iu
941 2052 1041 2110 itinere
1061 2063 1203 2121 versetur,
1218 2056 1287 2112 licet

184 2165 222 2206 cx
237 2148 388 2224 privilegio
403 2146 537 2223 Gregorii
552 2147 636 2205 Xlll.
680 2147 902 2206 Contradicente
924 2159 1017 2207 autem
1031 2151 1182 2227 episcopo,
1198 2155 1288 2211 etiam

185 2255 253 2323 post
264 2245 407 2303 licentiam
421 2247 500 2320 prius
515 2265 693 2312 concessam,
708 2246 846 2303 nonlicet
865 2246 1040 2322 regularibus
1060 2250 1089 2305 in
1104 2251 1210 2308 alienis
1226 2252 1286 2309 Ec·

184 2345 281 2402 clesiis
295 2343 464 2418 predicar03
486 2344 544 2401 imo
558 2363 611 2402 nec
631 2345 660 2400 in
682 2343 752 2409 suis,
774 2344 798 2399 si
818 2344 971 2421 episcopus
992 2346 1054 2421 ipse
1074 2347 1225 2423 predicet,
1241 2350 1288 2409 vel

184 2440 351 2499 solemniter
363 2459 458 2501 coram
472 2459 504 2498 se
517 2441 664 2516 predicari
677 2433 787 2498 saciat.⁴

217 2644 258 2704 (l)
278 2641 344 2689 Sors.
356 2655 378 2685 v.
395 2655 446 2702 cap.
458 2639 483 2687 ii.
495 2640 532 2688 da.
545 2639 598 2687 Ros.
750 2640 793 2704 (2)
813 2641 880 2690 Sese.
894 2642 960 2690 xxiv.
972 2658 1025 2709 cap.
1036 2643 1069 2693 iv.
1078 2643 1117 2695 de.
1130 2645 1183 2696 net.

220 2725 261 2789 (3)
279 2724 305 2771 S.
318 2722 393 2787 Alpb
406 2722 420 2771 l·
433 2722 448 2770 i.
460 2738 515 2786 app.
528 2723 553 2773 ii.
566 2738 590 2771 n.
602 2723 684 2772 cxxiv.

221 2809 264 2876 (4)
285 2807 348 2859 Vide
359 2807 459 2858 Bulleut
470 2806 582 2877 Gregorii
590 2805 647 2859 XV.
660 2804 836 2860 inscrutabili.
