2744 4980
135 407 192 463 166
402 402 458 461 DE
479 400 631 460 LEGUM
653 395 956 459 OBLIGATlONE.

132 569 257 646 injuncta
269 567 448 644 impleantur,
463 577 541 625 certo
555 567 584 625 in
597 585 664 623 enm
678 566 765 622 finem
779 574 882 621 statuto
895 574 1034 637 tempore,
1049 581 1112 635 quae
1128 560 1230 638 procul

132 666 217 724 dubio
237 669 357 742 graviter
377 665 465 743 ligant
483 667 607 723 animam
619 659 640 721 :¹
663 664 760 737 quales
779 676 845 721 sunt
864 671 1007 738 praecepta
1027 660 1061 718 de
1083 660 1228 718 audienda

134 766 236 832 Missa,
257 764 338 822 etde
361 764 552 841 suscipiendis
575 765 759 821 sacramentis
773 762 944 838 poenitentiae
965 772 993 817 et
1014 760 1227 818 Eucharistiae:

134 865 197 922 aliae
211 865 301 922 cultus
311 864 443 921 decorem
456 871 594 939 spectant,
606 882 668 935 quae
680 861 774 936 quoad
784 861 895 937 singula
908 879 965 917 non
980 870 1085 917 tantam
1100 861 1231 917 obtinent

134 965 209 1022 vim:
225 963 285 1019 aliae
297 963 424 1020 ordinem
433 962 616 1037 judiciorum,
626 963 700 1039 jura,
711 961 869 1038 privilegia,
884 973 912 1016 et
925 959 1052 1034 politiam
1062 959 1227 1017 universam

140 1072 273 1127 statuunt,
290 1080 409 1133 quarum
424 1062 466 1117 vis
484 1063 605 1138 plurima
623 1072 667 1118 est
689 1058 957 1132 quatenus'intcrest
966 1059 1093 1134 justitia,
1109 1058 1228 1122 ordinis,

135 1172 165 1217 et
177 1161 304 1218 utilitatis
319 1159 447 1235 publicae,
462 1161 616 1236 prasertim
639 1161 813 1237 gravissimis
828 1158 921 1235 poenis
943 1158 1085 1214 intentatis
1106 1174 1155 1213 eas
1169 1158 1227 1215 rio·

136 1260 222 1317 lanti:
244 1258 369 1331 alioquin
382 1259 457 1316 haud
471 1261 541 1318 adeo
555 1261 677 1337 graviter
689 1259 787 1336 ligant.

180 1363 225 1416 18.
249 1359 352 1416 Gravis
365 1359 436 1435 legis
450 1361 584 1436 obligatio
598 1360 704 1435 pendet
716 1372 776 1417 tum
790 1377 826 1417 ex
839 1360 880 1416 rei
901 1376 987 1429 quam
1004 1357 1120 1432 respicit
1141 1355 1231 1432 gravi·

137 1469 201 1524 tate,
217 1469 275 1516 tum
289 1476 326 1514 ex
339 1458 479 1517 voluntate
492 1460 587 1536 legem
601 1459 727 1517 serentis.
770 1458 830 1516 Res
850 1476 902 1533 per
921 1475 952 1512 se
972 1455 1044 1513 levis
1064 1456 1166 1527 nequit
1179 1454 1232 1511 sub

136 1559 214 1633 graui
228 1568 343 1632 peccato
357 1559 483 1633 praecipi,
497 1561 542 1616 vel
557 1558 709 1634 prohiberi,
724 1559 780 1616 nisi
803 1559 837 1615 iis
858 1557 887 1613 in
911 1555 1050 1632 adjunctis
1072 1557 1102 1612 in
1125 1554 1231 1627 quibus

138 1657 234 1732 magni
248 1656 280 1711 iit
292 1657 437 1713 momenti.
460 1658 529 1715 Non
543 1657 646 1714 valeret
658 1659 706 1715 lex
719 1657 864 1716 hodiernis
879 1655 1054 1730 temporibus
1068 1673 1124 1726 qna
1138 1654 1229 1710 tabaci

137 1773 206 1812 nsns
220 1756 341 1831 graviter
354 1767 493 1814 vetaretur
505 1755 644 1814 sacerdoti
658 1757 779 1814 Missam
794 1754 964 1813 celebranti:
979 1771 1044 1826 quae
1057 1761 1151 1810 tamen
1166 1752 1236 1809 olim

139 1853 283 1920 ualuisset,
297 1872 363 1910 nam
377 1873 465 1927 quum
479 1850 603 1931 primum
616 1855 796 1913 induceretur
808 1872 871 1912 mos
893 1852 962 1910 illud
976 1851 1119 1919 sumendi,
1135 1851 1233 1908 fideles

144 1951 224 2010 valde
238 1952 424 2010 abhorrebant
437 1956 471 2012 ab
495 1955 570 2012 illius
593 1972 646 2011 usn
667 1955 805 2013 iusseris
827 1952 1003 2010 muneribus.
1045 1949 1091 2007 De
1112 1969 1143 2007 re
1157 1953 1234 2026 gravi

139 2050 187 2108 lex
201 2062 295 2127 potest
305 2052 370 2109 ferri
383 2054 436 2109 sub
450 2054 533 2129 eulpa
545 2052 653 2120 leviori,
665 2053 690 2109 si
701 2055 738 2111 ita
751 2051 878 2110 videatur
891 2053 983 2126 legem
998 2049 1098 2108 serenti
1115 2069 1122 2117 ;
1148 2069 1236 2122 quum

139 2152 217 2207 euim
231 2152 343 2226 exejus
357 2151 499 2210 voluntate
520 2150 644 2228 pendeat
663 2161 719 2209 tota
739 2151 883 2227 obligatio,
904 2150 995 2226 ipsius
1018 2159 1061 2206 est
1083 2148 1234 2207 decernere

140 2267 198 2321 quo
223 2269 314 2323 nsque
343 2243 535 2307 extendatur.'
574 2250 624 2309 Sic
650 2262 748 2327 posset
774 2250 930 2327 praecipere
953 2248 1109 2325 episcopus
1134 2258 1235 2306 statuto

140 2347 300 2406 diecesano
313 2361 344 2405 ut
358 2349 551 2408 consessiones
565 2350 716 2408 mulierum
729 2350 845 2408 nonnisi
859 2351 888 2407 in
912 2347 1116 2406 confessionali
1130 2349 1160 2405 in
1174 2348 1235 2406 loco

141 2446 254 2522 publico
268 2458 296 2504 et
309 2450 415 2523 patenti
429 2451 523 2524 posito
534 2451 564 2506 in
578 2450 707 2506 ecclesiis
721 2450 909 2526 excipiantur,
924 2446 1002 2519 quod
1012 2448 1073 2523 jam
1088 2448 1116 2506 in
1128 2447 1232 2504 Ritunli

66 2626 69 2631 Ι
142 2545 284 2613 Romano,
306 2557 334 2603 et
353 2547 475 2605 concilio
490 2547 691 2606 Baltimorensi
704 2558 877 2625 praeceptum
892 2557 945 2615 est,
960 2555 988 2603 et
1000 2564 1050 2621 per
1070 2565 1102 2603 se
1120 2557 1163 2603 est
1176 2566 1234 2623 gra·

142 2645 291 2702 vissimum
317 2644 352 2702 ad
379 2665 494 2704 omnem
522 2647 588 2704 mali
612 2649 739 2724 speciem
763 2659 790 2704 et
812 2648 1006 2724 suspicionem
1031 2645 1235 2704 amovendum:

142 2743 333 2801 simulantem
348 2746 496 2822 injungere
510 2747 563 2804 sub
577 2758 695 2822 peccato
714 2745 818 2802 veniali
839 2744 1089 2803 confessionalium
1110 2763 1193 2802 usum
1208 2746 1237 2802 in

142 2841 213 2898 locis
227 2844 257 2900 in
277 2844 378 2916 quibus
392 2846 515 2902 ecclesia
527 2854 620 2902 erecta
642 2854 765 2911 nonest,
787 2842 955 2901 declarando
978 2862 1009 2900 se
1024 2843 1099 2900 nolle
1114 2845 1237 2920 graviter

145 2940 268 3015 obligare
283 2943 319 2999 ob
329 2942 521 3001 difficultatem
535 2963 597 3017 quae
612 2945 641 3001 in
660 2945 723 3021 lege
744 2943 914 3016 exequenda
934 2944 962 3000 in
975 2942 1161 3000 missionibus
1175 2961 1237 3000 mre

145 3037 238 3096 adhue
259 3042 404 3115 reperitur.
448 3040 699 3119 Oappuccinorum
725 3043 856 3115 quaedam
882 3043 1098 3100 constitutiones
1124 3043 1238 3100 nonnisi

143 3136 236 3195 levem
250 3139 363 3216 culpam
376 3141 546 3199 violantibus
568 3140 712 3200 inducunt.
755 3143 875 3208 Quoties
895 3161 942 3198 res
962 3160 1014 3217 per
1027 3159 1058 3197 se
1071 3150 1115 3198 cst
1128 3142 1233 3216 gravis,

142 3237 194 3294 sub
207 3239 285 3314 gravi
298 3250 417 3316 peccato
437 3253 566 3299 censetur
586 3242 649 3317 lege
671 3243 788 3318 principi
806 3243 851 3299 vel
869 3241 974 3298 vetari:
997 3240 1048 3297 sed
1068 3240 1236 3316 plerumque

144 3337 229 3394 verba
251 3339 416 3415 gravissima
435 3340 602 3398 adhibentur
624 3359 661 3398 ex
681 3342 783 3414 quibus
803 3360 884 3399 mens
904 3340 998 3417 legem
1019 3339 1136 3397 serentis
1156 3339 1237 3397 inno·

177 3558 219 3620 (l)
240 3556 360 3606 Audietur
372 3557 485 3608 Hooker:
504 3566 518 3589 ‘⁶
528 3561 553 3611 Is
564 3561 583 3609 it
593 3577 607 3609 a
618 3561 691 3610 small
703 3559 796 3610 offense
808 3569 833 3610 to
845 3560 940 3625 despice
951 3558 993 3608 the
1004 3557 1098 3607 church
1114 3557 1143 3606 oi
1160 3556 1233 3606 Gedl

142 3648 148 3671 ⁴
159 3642 201 3705 My
214 3657 266 3698 son,
278 3641 339 3705 keep
351 3641 394 3706 thy
404 3642 502 3692 suther's
513 3643 727 3704 commandment,'
740 3646 803 3695 saith
815 3645 941 3703 Salomon,
956 3643 1020 3693 ‘end
1042 3643 1119 3705 surget
1130 3650 1174 3692 not
1191 3642 1234 3705 thy

143 3725 257 3775 mether's
268 3726 424 3787 instruction;
442 3727 500 3777 bind
511 3726 578 3777 them
587 3727 645 3778 both
657 3730 749 3792 always
760 3731 835 3779 about
847 3729 890 3793 thy
905 3729 988 3778 beart*
1006 3729 1029 3778 lt
1039 3727 1098 3778 deth
1110 3736 1156 3777 not
1162 3726 1233 3777 stand

142 3808 202 3858 with
214 3808 255 3858 the
267 3810 327 3873 duty
338 3811 420 3861 which
437 3827 474 3860 we
486 3828 539 3861 owe
551 3820 575 3861 to
584 3826 630 3862 our
647 3812 776 3878 Hoevenly
788 3813 886 3873 Fether,
896 3814 948 3862 that
960 3822 984 3862 to
997 3813 1037 3863 the
1051 3811 1197 3862 ordinantes
1208 3813 1236 3860 ol

142 3910 187 3945 our
199 3895 295 3945 Mother
306 3895 347 3945 the
358 3896 450 3947 chureh
461 3914 498 3947 we
509 3898 598 3948 should
609 3897 680 3947 show
692 3900 814 3949 ourselees
825 3899 981 3949 disobedient
1019 3897 1066 3947 Let
1081 3913 1111 3948 us
1128 3904 1173 3946 not
1192 3912 1234 3959 say

142 3996 180 4030 we
191 3983 253 4047 keep
264 3982 305 4032 the
318 3983 527 4034 commendmeuts
538 3984 567 4032 of
579 3984 620 4034 the
640 4000 696 4043 one,
715 3984 788 4035 when
799 4000 836 4034 we
848 3985 921 4034 breela
932 3984 974 4034 the
985 3983 1032 4032 law
1044 3984 1073 4032 oi
1087 3983 1129 4032 the
1151 3982 1237 4031 other:

143 4066 179 4114 ior
190 4067 273 4116 unless
285 4084 321 4117 we
333 4070 431 4119 ebscrve
443 4071 508 4129 both,
522 4086 558 4118 we
570 4072 631 4135 obey
643 4070 746 4120 neither.
763 4103 769 4116 .
788 4105 794 4118 .
812 4103 818 4116 .
837 4069 898 4127 Yea,
910 4068 963 4118 that
980 4067 1063 4117 which
1074 4067 1095 4117 is
1107 4082 1183 4126 more,
1194 4066 1235 4116 the

144 4149 204 4197 laus
213 4149 270 4198 thus
281 4151 351 4199 made
363 4152 418 4202 God
428 4154 528 4203 himself
538 4153 598 4202 deth
609 4155 636 4203 in
648 4153 709 4203 such
723 4160 772 4202 sort
784 4152 907 4202 euthorico
919 4151 971 4200 that
987 4159 1012 4200 to
1023 4150 1120 4214 despice
1130 4149 1206 4209 them,
1216 4147 1238 4198 i·

144 4240 168 4281 to
179 4230 274 4294 despice
286 4232 311 4281 in
324 4232 391 4283 them
408 4235 495 4286 Him.''
529 4237 653 4286 Hooker’s
665 4234 845 4287 Ecclesiasticel
856 4233 971 4298 Polity,l·
982 4233 1016 4283 iii.
1028 4247 1056 4283 n.
1071 4235 1096 4283 9.

180 4317 220 4380 (t)
240 4315 266 4364 S.
278 4316 430 4381 Alphonsus,
447 4321 490 4370 ti.
507 4337 533 4371 n.
547 4320 603 4369 14³.
