2744 4980
641 1230 781 1292 CAPUT
804 1231 858 1290 Vl.

536 1457 575 1496 DE
598 1457 734 1497 SECUNDO
754 1455 930 1497 PRAECEPTO·

392 1629 408 1653 “
418 1622 479 1675 Non
490 1639 601 1674 munies
609 1641 701 1674 nomen
712 1624 814 1674 Domini
826 1624 873 1674 Dei
885 1623 921 1673 tui
938 1623 964 1672 in
975 1623 1091 1674 venum-⁹

541 1780 594 1855 §l.
621 1781 671 1838 Dr:
686 1782 895 1839 Bursrrrnuui.

231 1948 280 2006 37.
302 1942 436 2004 Secundo
447 1954 600 2021 precepto,
615 1964 652 2002 ue
666 1944 723 2003 Dei
734 1963 839 2004 nomen
853 1941 972 2003 temere¹
987 1954 1147 2020 usurpetur,
1162 1957 1286 2004 vetatur.

192 2043 403 2103 Gravissimum
417 2043 504 2120 igitur
517 2054 666 2119 peceatum
689 2043 879 2122 blasphemis
897 2053 950 2110 est,
968 2043 1046 2117 quod
1060 2046 1126 2116 quis
1139 2046 1289 2119 loquendo

189 2141 272 2200 ledat
281 2141 405 2200 divinam
418 2143 604 2219 majestatem,
615 2162 666 2200 seu
675 2142 739 2200 Deo
750 2144 805 2218 ipsi
816 2143 1016 2202 contumeliam
1028 2144 1114 2201 veluti
1125 2143 1287 2211 inserendo,

190 2259 243 2300 seu
256 2241 358 2298 sanetis
385 2240 567 2309 detrahendo,
588 2259 639 2300 seu
661 2243 745 2299 rebus
766 2243 852 2316 saeris
873 2251 900 2299 et
920 2241 1033 2300 divinis.
1076 2242 1206 2300 Haeresis
1221 2263 1289 2302 cum

191 2340 368 2417 blasphemia
380 2359 457 2416 saepe
478 2341 668 2416 conjungitur,
683 2340 795 2413 quando
818 2341 925 2398 seilicet
945 2341 1012 2398 vitia
1031 2341 1096 2398 Deo
1116 2343 1287 2408 tribuuntur,

190 2437 350 2506 erudelitas,
382 2440 521 2514 tyrannis,
543 2430 698 2514 injustitia}
725 2440 771 2496 vel
790 2439 965 2516 denegantur
996 2441 1059 2516 ejus
1085 2441 1287 2515 perfectiones,

191 2539 321 2597 omnium
334 2539 462 2605 seientia,
476 2539 692 2613 omnipotentia,
706 2537 832 2595 bonitas:
848 2539 893 2595 vel
903 2548 1036 2596 ereaturae
1051 2541 1210 2597 tribuuntur
1224 2559 1288 2612 quae

191 2636 248 2696 Dei
261 2646 337 2695 sunt.
378 2636 586 2713 lmpreoatioue
600 2639 760 2696 continetur
769 2636 945 2713 blasphemia
965 2637 1078 2711 quando
1099 2640 1163 2711 quis
1180 2639 1286 2697 malum

192 2737 258 2797 Deo
271 2744 358 2812 optat,
371 2746 404 2795 ut
421 2735 529 2792 scilieet
548 2754 612 2794 esse
632 2736 782 2804 desineret,
802 2746 834 2793 ut
852 2736 959 2794 scelera
978 2737 1077 2795 uleism
1098 2756 1156 2795 non
1179 2750 1287 2815 posset.

192 2836 390 2895 suranensrm
402 2833 468 2894 Deo
481 2837 718 2894 contumeliosum
741 2835 925 2911 blasphemia
945 2836 1039 2893 labem
1060 2836 1185 2894 inducit:
1207 2838 1248 2894 uti
1263 2837 1291 2893 si

191 2936 255 3008 quis
275 2953 327 3009 per
345 2934 514 3011 sauguinem
533 2942 562 2991 et
581 2935 697 2992 vulnera
711 2932 820 2992 Christi
834 2933 908 2992 haud
926 2944 1086 2993 reverenter
1095 2938 1186 3012 juret.
1230 2936 1289 2994 De·

191 3034 311 3092 honesta
323 3041 368 3090 est
378 3031 564 3108 blasphemia,
575 3034 691 3105 quando
704 3035 831 3092 membra
845 3032 954 3090 Christi
968 3042 1073 3091 temere
1084 3036 1287 3093 nominantur:

192 3131 284 3205 qualis
297 3143 341 3189 est
354 3130 401 3188 illa
414 3131 615 3189 nonnullorum
629 3150 702 3190 vox:
724 3132 750 3188 O
769 3131 937 3207 sanguinem
950 3130 1024 3189 Dei!

233 3234 283 3290 88.
305 3230 490 3307 Blasphemia
502 3231 596 3288 omnis
609 3249 660 3308 per
672 3248 704 3287 se
719 3249 803 3306 grave
817 3239 964 3307 peecatum
977 3240 1030 3297 est,
1047 3240 1145 3306 utpote
1159 3233 1290 3291 seeundo

194 3340 337 3406 praesepto
357 3329 440 3406 plane
462 3346 632 3407 repugnans.
681 3330 786 3387 Mortis
808 3349 892 3406 poena
911 3330 975 3406 lege
994 3330 1081 3386 veteri
1101 3328 1168 3387 huie
1188 3332 1291 3390 sceleri

194 3428 342 3504 adsignata
353 3438 415 3485 est:
438 3429 525 3494 “Qui
537 3428 772 3504 blasphemaverit
784 3448 891 3487 nomen
901 3428 1020 3487 Domini
1030 3439 1121 3487 morte
1135 3431 1271 3489 moriatur
1282 3452 1290 3499 ;

191 3526 333 3604 lapidibus
347 3527 490 3601 opprimet
501 3544 567 3584 eum
581 3530 675 3586 omnis
690 3519 889 3586 multitudo.’'²
915 3527 1027 3586 “Nihil
1040 3527 1204 3587 horribilius
1218 3530 1293 3588 blas·

193 3623 340 3702 phemis‚”
355 3624 449 3697 inquit
462 3623 672 3703 Hieronymus,
694 3636 713 3662 ‘⁸
725 3647 787 3700 quae
801 3628 881 3703 ponit
900 3628 930 3683 in
950 3626 1096 3685 excelsum
1110 3647 1142 3685 os
1156 3626 1292 3687 suunr.''³

194 3723 245 3799 Eq
265 3725 271 3736 '
294 3741 340 3782 sm
352 3721 453 3781 fideles
467 3724 517 3782 vix
530 3726 677 3801 prosemnt
689 3726 796 3798 aliquid
810 3744 845 3785 eo
854 3726 976 3785 consilio
989 3735 1021 3783 ut
1034 3726 1129 3784 Deum
1144 3738 1291 3787 contume-

193 3822 233 3882 lia
292 3822 386 3892 einnt;
407 3821 460 3881 sed
477 3824 519 3881 rei
541 3835 616 3892 suut,
630 3826 741 3899 quoties
765 3824 905 3885 dictorum
925 3827 983 3883 vim
1006 3835 1117 3893 norunt,
1139 3827 1183 3885 vel
1204 3846 1291 3885 nosse

232 4030 276 4095 (1)
297 4010 406 4138 wll
434 4027 474 4081 De
484 4028 510 4081 vi
520 4028 588 4082 roei·
598 4029 646 4080 hoe
656 4031 710 4081 loeo
721 4030 921 4090 controvertitur3
938 4032 1053 4092 vulgatus
1063 4030 1182 4097 interpres
1193 4049 1296 4084 sensum

333 4113 341 4142 2

196 4161 296 4213 obvium
308 4173 408 4214 mutus
424 4173 469 4216 eet.
503 4164 617 4230 Plerique
637 4174 739 4217 censent
755 4167 887 4232 perjurium
906 4166 1038 4231 presertim
1057 4165 1097 4215 hio
1113 4167 1195 4216 veteri.
1231 4168 1296 4218 Vide

199 4244 446 4299 OritieosSeerosr'u
457 4248 494 4302 loe

235 4333 278 4398 (2)
298 4330 359 4383 Les.
372 4333 439 4384 xxiv.
453 4332 491 4384 16.
814 4338 856 4403 (3)
877 4335 906 4386 Ι..
918 4337 959 4386 rii.
971 4336 997 4386 in
1008 4335 1103 4395 leniam,
1115 4352 1137 4386 e.
1148 4336 1215 4386 xviii.
