2744 4980
562 1204 704 1264 CAPUT
725 1206 780 1265 111.

494 1419 532 1460 m:
554 1420 693 1460 curtulum
711 1421 843 1461 sumnus.

166 1616 198 1670 7.
222 1610 310 1669 Gsus
324 1609 456 1682 quelibet
469 1609 614 1686 proprium
628 1609 736 1670 habens
749 1613 912 1688 imperium,
927 1632 978 1689 par
987 1611 1066 1672 alteri
1079 1623 1219 1681 censetur,

124 1711 302 1788 paribusque
316 1708 419 1786 gaudet
427 1709 549 1785 juribus,
563 1708 630 1767 licet
647 1710 794 1779 limitibus,
814 1711 932 1788 populo,
949 1713 1115 1785 viribusque
1128 1713 1222 1771 minor

125 1811 175 1868 sit.
219 1809 295 1867 Suos
309 1808 389 1885 eligit
400 1808 579 1884 magistratus
600 1818 628 1865 et
646 1810 794 1885 regiminis
815 1828 900 1883 quam
912 1810 973 1868 vult
986 1810 1104 1870 sormam
1118 1809 1221 1876 lrabet;

126 1927 184 1967 nec
200 1908 280 1966 alteri
292 1908 461 1979 cuicumque
481 1907 557 1984 genti
571 1905 617 1963 vel
638 1909 760 1985 principi
775 1909 826 1985 jus
846 1919 890 1967 est
909 1909 1007 1967 aliene
1028 1910 1118 1987 gentis
1138 1909 1222 1967 rebus

126 2006 297 2066 domesticis
317 2024 380 2063 sese
401 2004 592 2072 immiscendi,
613 2007 659 2064 vel
679 2004 714 2065 de
733 2009 770 2066 iis
789 2008 927 2066 rationem
948 2007 1119 2084 postulandi.
1172 2009 1221 2066 Sic

128 2106 251 2180 quilibet
276 2124 313 2163 ex
335 2103 477 2163 foderatis
501 2106 617 2163 statibus
640 2106 780 2164 Americae
806 2108 897 2184 gentis
920 2107 1081 2175 instarent,
1104 2107 1221 2184 parique

129 2205 235 2283 gaudet
256 2206 333 2282 jure,
357 2214 529 2279 quapropter
551 2205 623 2262 duos
649 2205 734 2263 mittit
756 2203 791 2263 ad
813 2205 949 2263 Senatum
972 2224 1149 2282 supremum,
1173 2207 1222 2278 qui

130 2305 296 2364 communia
309 2312 408 2361 curent
421 2304 544 2379 negotia,
559 2304 690 2375 quamvis
711 2304 740 2361 in
761 2303 847 2361 altero
861 2315 934 2361 ctetu
955 2303 1110 2381 legatorum
1123 2323 1222 2362 nume·

128 2422 176 2461 rus
190 2422 243 2480 pro
257 2403 364 2460 civium
377 2402 485 2458 ratione
499 2400 657 2460 definiatur.
692 2401 741 2460 Ex
754 2402 860 2460 foedere
873 2403 942 2460 inito
955 2401 1117 2479 reipublicae
1131 2403 1221 2462 forma

130 2503 160 2560 in
174 2502 295 2580 singulis
317 2501 443 2558 statibus
464 2500 602 2559 servanda
621 2497 698 2570 est;¹
718 2498 768 2559 sed
790 2498 885 2559 nullus
904 2501 1000 2560 Status
1022 2502 1105 2559 rebus
1126 2503 1221 2560 Status

131 2601 246 2659 alterius
269 2599 443 2677 specialibus
466 2599 628 2658 immiscere
650 2619 681 2657 se
704 2610 816 2677 potest:
839 2599 916 2673 quod
937 2620 991 2659 nec
1010 2600 1067 2676 ipsi
1085 2619 1221 2677 supremo

132 2699 280 2758 Gubemio
294 2700 473 2777 permittitur,
495 2698 545 2755 sed
558 2709 682 2775 potestas
703 2699 775 2758 intra
795 2700 908 2777 negotia
921 2700 975 2757 sibi
995 2700 1150 2756 commissa
1162 2719 1221 2757 om-

130 2799 210 2856 nium
224 2799 356 2857 Statnum
371 2815 513 2855 consensu
534 2810 562 2854 et
580 2795 685 2855 fodere
699 2816 729 2854 se
743 2798 825 2856 sistit.
868 2795 947 2855 Hinc
967 2816 1030 2870 quae
1045 2797 1074 2855 in
1095 2797 1221 2854 Statibus

129 2898 276 2956 nonnullis
298 2896 583 2978 SeptemtriouaIibus
603 2897 752 2954 societates
771 2893 898 2954 conflatae
921 2894 1046 2953 suntad
1065 2895 1221 2955 servituris

131 2995 335 3063 abolitionem,
346 2996 387 3053 uti
398 2995 451 3053 sert
461 3013 557 3052 earum
571 3013 686 3062 nomen,
698 2995 769 3054 nihil
778 3005 898 3072 possunt
910 2994 965 3052 nisi
978 2995 1121 3062 suasione,
1136 3014 1221 3068 quam

132 3095 315 3153 vehementer
334 3096 466 3171 rejiciunt
486 3094 581 3150 Status
601 3093 801 3153 meridionales
821 3095 851 3151 iu
872 3094 974 3165 quibus
994 3095 1114 3152 servitus
1134 3095 1219 3171 viget.

135 3194 326 3271 congressus
339 3194 413 3271 ipse,
427 3204 517 3250 coerus
537 3193 646 3250 scilicet
664 3212 826 3268 supremus,
846 3192 918 3249 nihil
937 3192 972 3249 de
986 3191 1122 3250 abolenda
1135 3195 1221 3250 servi·

132 3305 184 3350 tate
199 3293 353 3351 decernere
365 3293 447 3359 valet,
462 3293 516 3348 nisi
532 3291 625 3364 quoad
639 3310 754 3366 parvam
767 3291 844 3348 illam
855 3291 1001 3366 regionem
1015 3308 1078 3362 quae
1092 3293 1220 3365 supremi

132 3392 272 3451 Gubernii
286 3404 339 3459 est,
353 3390 527 3449 districtum
541 3389 705 3448 Columbise
717 3389 831 3446 dictam.

170 3497 200 3549 8.
224 3492 257 3549 Si
280 3509 324 3548 res
344 3491 464 3566 alicujus
484 3491 577 3567 gentis
600 3489 704 3547 turbari
725 3487 884 3564 contigerit,
898 3496 927 3544 et
948 3487 1079 3558 exquirat
1099 3486 1221 3546 alienam

132 3608 216 3666 opem
229 3608 381 3665 supremus
401 3590 579 3664 magistratus
599 3588 634 3646 ad
655 3587 793 3664 populum
813 3584 1017 3645 continendum
1029 3588 1060 3645 in
1073 3585 1180 3653 officio,
1194 3599 1222 3644 et

131 3688 257 3765 legitima
270 3688 417 3746 retinenda
432 3689 507 3764 jura,
523 3686 633 3745 videtur
644 3687 729 3745 liceto
749 3702 912 3744 succurrere
925 3685 1048 3763 principi
1059 3685 1216 3744 laboranti:

132 3805 189 3845 uon
202 3788 242 3844 ita
254 3789 279 3843 si
299 3786 478 3863 tyrannidem
500 3797 639 3853 exerceat,
661 3784 706 3842 vel
726 3785 751 3842 si
770 3785 895 3863 populus
916 3794 1000 3851 totus,
1020 3785 1057 3842 ob
1077 3784 1221 3860 publicam

132 3886 293 3952 utilitatem,
317 3886 464 3962 regiminis
487 3885 607 3943 sormam
632 3885 675 3942 vel
688 3893 827 3944 rectorem
851 3891 958 3941 mutare
982 3880 1145 3940 decreverit
1188 3879 1221 3938 Si

130 3985 256 4062 populus
271 3983 420 4062 tyrannide
438 4003 592 4062 oppressus
613 4003 698 4060 opem
712 3983 833 4042 alienam
852 3981 992 4053 exquirat,
1013 3989 1044 4038 ut
1056 3988 1131 4037 certa
1143 3990 1171 4036 et
1182 3979 1220 4036 le·

132 4086 233 4159 gitima
242 4086 309 4162 jura
327 4096 485 4162 recuperet,
506 4083 616 4143 videtur
629 4082 713 4141 licere
733 4082 769 4140 iis
789 4079 957 4140 subvenire:
978 4096 1037 4138 non
1050 4087 1143 4137 antem
1156 4077 1223 4137 licet

424 4304 466 4367 (l)
481 4300 566 4352 Const.
580 4299 670 4351 Unitsd
683 4298 771 4357 Ststcs,
780 4305 823 4348 stt
834 4298 867 4348 iv.
880 4298 893 4355 ξ
906 4296 938 4345 iv.
