2766 4996
527 1144 668 1241 CAPUT
692 1145 745 1205 VI.

415 1376 463 1417 ΒΕ
493 1377 855 1419 ΜΒΡΕΝΒΑΉΟΝΕ.

130 1558 180 1612 47.
202 1553 407 1613 Dioreneamo
429 1554 530 1615 dicitur
555 1555 691 1616 relaxatio
713 1555 785 1634 legia
810 1555 935 1634 legitima
960 1561 1121 1619 auctoritate
1147 1560 1182 1618 ad

95 1661 208 1728 tempus
221 1653 294 1712 faeta
305 1653 335 1711 in
348 1653 444 1726 aliquo
457 1672 524 1713 casu
538 1656 568 1713 in
581 1673 639 1727 quo
651 1656 700 1714 lex
713 1656 840 1727 alioquin
853 1656 1000 1732 obligarat
1041 1658 1184 1735 Legitima

94 1750 212 1823 quidem
226 1751 373 1810 auotoritas
386 1755 546 1826 requiritur,
560 1772 612 1829 par
625 1755 653 1811 ei
667 1773 683 1811 a
696 1773 752 1826 qua
764 1753 811 1812 lex
825 1762 869 1811 eet
880 1754 1016 1829 profecta,
1027 1758 1094 1827 quia
1108 1765 1126 1791 “
1135 1757 1183 1816 lex

95 1850 259 1925 Superioris
279 1868 329 1926 per
347 1851 512 1912 inferiorem
525 1851 585 1909 tolli
597 1870 656 1910 non
669 1844 810 1928 poteet”¹
850 1851 928 1910 Eum
942 1853 992 1925 qui
1004 1852 1067 1911 tulit
1078 1855 1183 1929 legem,

96 1948 142 2005 vel
156 1947 242 2005 aliurn
255 1949 304 2020 qni
316 1949 436 2010 eandem
450 1951 496 2010 vel
508 1951 649 2027 potiorem
661 1948 748 2009 habet
759 1958 937 2027 potestatem,
951 1970 1037 2028 posse
1050 1952 1123 2030 legis
1136 1954 1185 2012 ob-

96 2047 260 2122 ligationem
273 2046 367 2120 aliquo
380 2050 410 2108 in
423 2069 492 2108 nasu
505 2049 601 2107 tollere
621 2049 720 2122 liquet,
740 2068 806 2107 uam
827 2058 847 2084 “
858 2066 904 2108 rea
923 2068 975 2126 per
993 2069 1064 2124 quae
1084 2070 1185 2111 caueae

95 2145 228 2212 nascitur,
242 2164 294 2222 per
306 2146 420 2207 easdem
434 2148 606 2217 dissolvitur,
621 2149 677 2207 niei
687 2146 763 2207 aliud
776 2138 917 2208 obstat.”²
942 2150 1081 2216 Quamvis
1091 2160 1184 2211 autem

95 2242 165 2301 ordo
173 2243 342 2320 publicaque
350 2247 456 2306 utilitas
469 2248 574 2322 exigat,
588 2255 619 2303 ut
631 2247 679 2306 lex
687 2247 722 2305 ab
731 2247 863 2304 omnibus
871 2246 1037 2322 plerumque
1048 2258 1184 2316 servetur,

98 2360 182 2399 casus
193 2352 287 2400 tamen
294 2342 389 2420 pluteo
398 2345 479 2404 facile
496 2354 645 2403 occurrunt
657 2347 687 2404 in
701 2345 803 2417 quibus
815 2345 933 2418 [equitas
941 2347 1064 2422 postulat
1075 2364 1138 2407 eam
1152 2347 1186 2406 ab

99 2439 194 2511 aliquo
207 2443 308 2500 omitti.
350 2444 384 2502 Si
396 2442 444 2503 lex
464 2446 493 2503 in
511 2453 688 2502 contractum
707 2445 858 2511 transierit,
880 2445 979 2518 nequit
997 2445 1140 2522 legislator
1156 2447 1187 2505 in

99 2557 134 2595 ea
147 2537 322 2616 dispensare,
336 2544 391 2600 uisi
406 2543 511 2619 praevio
525 2543 600 2601 illius
614 2544 824 2620 oujueintereet
835 2561 987 2602 consensu.

137 2641 186 2694 48.
208 2639 243 2698 ln
257 2642 405 2717 preceptis
419 2641 533 2708 divinia,
549 2642 633 2717 juxta
652 2642 870 2718 probabiliorem
892 2645 1071 2709 sententiam,
1089 2642 1185 2719 judice

98 2738 130 2792 S.
145 2736 295 2812 Alphonso
309 2738 344 2796 de
364 2733 507 2816 Ligorio‚³
527 2740 614 2799 homo
636 2740 741 2807 nullus,
754 2739 908 2812 nequidem
928 2741 1062 2799 Pontifex
1082 2740 1187 2816 Supre-

99 2853 173 2903 mur,
187 2847 280 2912 potest
293 2836 469 2914 dispensare,
478 2857 531 2896 neo
545 2839 622 2897 enim
635 2848 746 2896 constat
757 2856 821 2896 eam
834 2846 1000 2913 potestatem
1015 2857 1031 2895 a
1044 2836 1109 2895 Deo
1122 2856 1188 2897 eon·

100 2951 209 2992 cessam
222 2953 295 2992 esee.
316 2936 351 2995 ln
364 2937 495 2998 omnibus
509 2936 649 2994 Eooleeiae
661 2936 782 3012 legibue,
796 2936 856 2993 sive
870 2955 886 2992 a
898 2936 1078 3012 pontificibus
1089 2938 1189 3013 priori·

100 3032 162 3098 bue,
176 3033 236 3091 aive
250 3052 266 3090 a
278 3037 409 3096 conciliis
422 3037 506 3094 etiam
520 3035 703 3094 oecnmenioie
716 3035 791 3103 latis,
808 3034 937 3112 pontifex
951 3036 1098 3095 Romanus
1116 3037 1190 3095 valet

100 3129 275 3206 dispensare,
289 3134 371 3193 aienti
384 3144 494 3194 constat
502 3153 539 3193 ex
552 3135 681 3194 omnium
695 3134 890 3210 theologorum
904 3154 1057 3201 consensu,
1066 3143 1094 3191 et
1104 3137 1189 3194 totius

101 3227 239 3288 Ecclesia
254 3250 306 3307 per
319 3236 416 3294 omnia
428 3235 533 3292 eaecula
551 3231 767 3293 consuetudine.
808 3233 872 3292 lmo
892 3232 1038 3310 dispensat
1059 3233 1189 3308 pontifex

101 3327 130 3384 in
143 3329 305 3404 apostolicis
319 3332 464 3400 institutis,
478 3351 541 3405 quie
554 3332 680 3390 divinam
693 3331 833 3406 originem
846 3328 922 3387 haud
935 3328 1131 3407 proeseferunt,
1139 3331 1190 3389 sed

101 3426 136 3483 ab
148 3427 307 3503 apostolis,
318 3441 461 3506 tamquam
476 3430 662 3489 eeclesiarum
675 3428 840 3494 rectoribus,
855 3437 921 3486 eunt
932 3428 1074 3506 profecta:
1096 3448 1131 3487 v:
1154 3450 1189 3508 g:

103 3525 132 3583 in
140 3526 253 3602 jejunio
267 3528 529 3608 Quadrageeimali:
546 3548 605 3589 non
619 3537 712 3586 autem
726 3528 755 3586 in
768 3527 804 3586 iis
818 3545 881 3601 quae
895 3529 1025 3607 Apostoli
1037 3548 1056 3587 a
1074 3526 1192 3590 Christo

101 3622 195 3682 edocti
207 3627 431 3706 promulgarunt,
445 3630 520 3688 eirca
532 3628 705 3688 oblationem
725 3626 869 3697 sacrificii,
886 3629 932 3691 vel
952 3640 1192 3689 sacramentorum

104 3723 298 3783 substantiam.

140 3826 190 3880 4⁰.
212 3822 379 3903 Episcopus
392 3827 493 3901 nequit
504 3827 672 3904 plerumque
686 3824 852 3903 dispensare
865 3827 895 3882 in
908 3825 1018 3901 legibue
1029 3823 1192 3900 pontificiis,

103 3939 155 3979 eeu
168 3924 356 3985 conciliorum
369 3927 621 3995 oeeumenioorum,
632 3924 688 3983 risi
699 3925 735 3983 iia
747 3924 778 3983 in
788 3941 882 3981 rerum
892 3921 1042 3998 adjunctio,
1051 3923 1081 3979 in
1091 3920 1193 3994 quibua

103 4021 247 4095 pontificis
261 4043 417 4083 consensus
431 4043 468 4083 ex
481 4026 522 4083 rei
543 4036 650 4090 natura,
664 4021 712 4080 vel
733 4038 769 4081 ex
793 4019 1000 4078 consuetudine
1010 4019 1072 4093 jam
1085 4018 1171 4076 indue

269 4240 308 4305 (l)
327 4238 556 4292 Clemssadeclecf·
786 4231 827 4299 (2)
847 4230 877 4283 ln
889 4231 949 4297 Reg-
958 4234 1027 4301 juris.

538 4325 580 4389 (ar
600 4321 658 4374 nr.
671 4337 696 4372 n.
712 4321 766 4370 roa.

194 4404 274 4468 Von.
292 4408 404 4470 1.-17
