2744 4980
407 367 464 427 DE
486 365 659 434 QUARTO
679 367 933 430 PRAECEP'FO.
1180 384 1218 439 99

125 532 196 590 enim
210 540 343 607 parentes
356 532 443 589 nostri
456 550 509 589 nos
523 544 679 607 provocent
691 531 726 591 ad
745 535 931 610 peccandum,
951 545 980 594 et
992 537 1152 598 abstrahant
1163 561 1216 609 nos

125 630 225 687 acnltu
239 630 348 696 divino,
362 629 507 698 debemus,
522 641 658 702 qnantum
671 632 707 689 ad
720 634 784 700 boc,
798 652 848 691 eos
868 633 996 692 deserere
1010 646 1038 692 et
1049 634 1176 697 odire.”¹

160 733 208 786 90.
231 725 430 786 Obediendum
442 746 506 784 esse
520 732 680 807 parentibus
694 749 731 788 ex
744 731 900 790 honorandi
913 751 963 791 eos
977 746 1117 811 praecepto
1130 738 1214 813 plane

127 829 256 900 sequitur,
271 836 443 903 quapropter
452 827 671 886 Ecclesiasticus
684 828 769 887 dicit:
793 840 812 867 ‘⁶
823 831 881 897 Qui
895 833 975 889 timet
988 833 1084 891 Deum
1093 834 1214 894 honorat

129 939 238 1003 patrem,
253 935 281 981 et
294 926 375 996 quasi
388 925 510 984 dominis
524 929 611 984 servit
629 928 674 985 his
695 929 745 1000 qui
762 948 793 987 se
813 924 1019 1006 genuerunt.”²
1058 933 1214 1008 Apostolus

130 1027 205 1082 etiam
218 1025 274 1080 ait:
297 1032 317 1057 ‘⁸
329 1024 406 1090 Filii,
420 1024 530 1082 obedite
544 1027 706 1103 parentibus
720 1029 819 1085 vestris
834 1031 864 1087 in
878 1028 1013 1086 Domino.
1056 1029 1123 1089 Hoc
1135 1034 1213 1090 enim

128 1126 225 1200 justum
238 1116 338 1178 est:'’³
358 1121 435 1194 quod
448 1125 562 1182 recitato
582 1135 723 1202 praecepto
743 1127 850 1202 probat.
893 1127 973 1184 Alias
993 1127 1079 1185 dicit:
1102 1138 1122 1165 “
1134 1131 1211 1200 Filii,

132 1221 230 1278 obedite
244 1223 407 1294 parentibus
421 1241 473 1297 per
485 1224 598 1280 omnia:
620 1225 675 1281 hoc
694 1226 772 1282 enim
791 1225 926 1300 placitum
939 1227 1024 1283 estin
1038 1225 1213 1285 Domin0.”⁴

132 1320 158 1377 ln
170 1319 299 1376 omnibus
313 1338 376 1390 qnae
389 1322 531 1395 pertinent
543 1322 577 1379 ad
591 1322 775 1380 domesticam
788 1323 979 1400 disciplinam,
993 1333 1021 1379 et
1033 1334 1138 1384 rectam
1151 1344 1211 1384 mo·

131 1437 182 1474 rum
194 1418 398 1473 institutionem
414 1420 497 1493 juxta
509 1419 634 1476 divinam
645 1421 739 1495 legem
758 1421 809 1476 filii
823 1421 937 1478 obedire
951 1421 1070 1478 debent:
1092 1442 1151 1480 non
1164 1443 1212 1481 au·

133 1529 178 1571 tem
191 1514 303 1585 quoties
323 1516 428 1586 aliquid
443 1526 538 1572 contra
559 1517 615 1574 Dei
636 1518 730 1592 legem
749 1519 919 1593 prtecipitur,
941 1520 1049 1595 quippe
1070 1528 1089 1555 ‘⁴
1100 1520 1214 1579 obedire

132 1625 230 1688 oportet
243 1612 308 1669 Deo
321 1614 413 1687 magis
428 1632 513 1685 quarn
529 1615 691 1672 hominibus
703 1607 750 1671 :”⁵
771 1624 790 1650 ‘⁶
802 1625 911 1673 tenetur
924 1616 1154 1676 obedire-iilius
1168 1638 1215 1694 pa·

132 1712 160 1768 tri
171 1713 198 1767 in
211 1712 257 1768 his
272 1730 336 1783 quae
350 1713 492 1786 pertinent
505 1713 540 1769 ad
559 1714 738 1788 disciplinam
751 1714 815 1770 vitae
829 1725 857 1771 et
873 1733 969 1771 curam
983 1710 1216 1772 domesticam.’'⁶

132 1820 147 1845 ‘⁶
157 1809 182 1867 N
185 1829 223 1867 on
236 1811 456 1868 tenentur-tilii
467 1813 629 1887 parentibus
642 1810 766 1877 obedire,
778 1811 813 1868 de
823 1813 1003 1871 matrimonio
1013 1811 1213 1881 contrahendo,

131 1910 169 1965 vel
180 1910 339 1985 virginitate
353 1908 499 1977 servanda,
514 1921 561 1966 aut
574 1910 670 1982 aliquo
683 1902 738 1967 alio
751 1904 966 1986 hujusmodi.’'⁷

128 1980 137 2018 ³
162 2011 209 2064 91.
231 2008 298 2066 Filii
312 2010 397 2084 igitur
410 2027 466 2065 non
480 2001 598 2084 peccant
617 2018 764 2084 parentum
784 2009 955 2066 voluntatem
969 2010 1015 2067 vel
1028 2018 1168 2086 praecepta
1180 2009 1216 2067 de

130 2115 207 2164 rums
220 2108 285 2164 vita
296 2108 432 2164 electione
446 2107 626 2182 negligendo,
641 2108 752 2178 quoties
764 2126 795 2164 re
808 2126 904 2165 coram
917 2107 982 2164 Deo
992 2127 1141 2185 perpensa,
1152 2126 1216 2166 eam

130 2206 184 2262 vitae
197 2207 336 2263 rationem
349 2205 458 2280 eligunt
477 2224 563 2276 quarn
582 2205 636 2260 sibi
655 2207 818 2262 existimant
837 2205 873 2261 ad
892 2206 1010 2263 salutem
1030 2206 1215 2281 profuturam.

131 2303 190 2359 Non
204 2314 325 2379 peccant
337 2304 434 2360 munia
452 2304 612 2361 necessaria
630 2303 775 2379 religionis
795 2304 938 2378 explendo
957 2313 1053 2361 contra
1066 2313 1216 2380 parentum

129 2404 257 2458 vetimm:
279 2421 346 2458 nam
366 2402 458 2473 quoad
478 2421 512 2459 ca
531 2403 627 2459 omnia
640 2420 703 2474 quae
723 2400 759 2458 ad
778 2402 896 2459 salutern
913 2404 1063 2479 pertinent,
1086 2411 1105 2438 ‘⁶
1117 2404 1217 2460 imme·

128 2497 194 2556 diate
217 2499 374 2557 subduntur
396 2500 471 2568 Deo,
495 2520 512 2556 a
534 2520 591 2573 quo
615 2502 788 2558 instruuntur
806 2520 857 2576 per
876 2502 969 2578 legem
992 2501 1157 2566 naturalem,
1172 2501 1217 2558 vel

127 2593 304 2673 scriptam.”8
346 2597 423 2655 Hinc
436 2609 556 2674 possunt
575 2608 602 2655 et
620 2599 723 2656 debent
736 2600 908 2674 baptismum
923 2609 1029 2675 petere,
1049 2608 1077 2656 et
1090 2599 1144 2655 alia
1157 2617 1216 2655 sac·

127 2707 256 2763 ramenta,
270 2706 299 2752 et
312 2696 396 2752 fidem
410 2699 544 2771 profiteri,
558 2697 625 2753 licet
637 2697 761 2753 districte
775 2696 805 2753 id
818 2698 987 2771 prohibeant
1009 2705 1149 2771 parentes.
1181 2695 1216 2752 In

126 2795 203 2850 rebus
217 2805 313 2851 autem
326 2813 389 2865 quae
409 2795 649 2870 dispensationem
670 2792 828 2860 admittunt,
851 2805 963 2868 praestat
983 2792 1135 2864 aliquando
1156 2809 1219 2850 eam

127 2893 279 2967 alegitimo
294 2894 439 2967 superiore
453 2902 558 2968 petere,
573 2892 729 2968 praesertim
742 2893 767 2947 si
788 2892 881 2962 aliqua
899 2894 969 2949 ratio
983 2890 1110 2949 videatur
1123 2889 1218 2946 Favere

127 2993 289 3065 parentibus
308 2991 490 3067 jubentibus:
512 3011 540 3048 v.
555 3011 592 3066 g:
614 2988 745 3047 valetudo
767 2991 888 3047 filiarum
908 2989 983 3047 haud
1002 2990 1093 3056 firma,
1115 2990 1217 3061 quibus

126 3108 157 3145 ne
170 3111 186 3146 a
198 3091 330 3146 carnibus
344 3107 376 3145 se
390 3091 547 3147 abstineant
559 3090 709 3165 prohibent
721 3098 861 3164 parentes.

161 3193 210 3245 92.
234 3188 342 3245 Contra
362 3189 560 3246 reuerentiam
582 3198 680 3263 peccat
692 3189 813 3262 graviter
835 3186 910 3242 filius
930 3188 956 3242 si
977 3185 1112 3261 percutiat
1130 3184 1217 3240 etiam

126 3286 220 3342 leviter
234 3296 376 3363 parentes,
391 3288 436 3344 vel
451 3306 578 3353 manum,
593 3285 763 3341 deliberante
777 3283 882 3348 animo,
896 3283 932 3338 ad
951 3280 1162 3358 percutiendum
1179 3290 1217 3337 at·

127 3384 219 3441 tollat:
242 3405 299 3458 qua
310 3404 340 3441 re
355 3387 487 3460 pietatem
507 3404 574 3460 erga
587 3390 718 3458 parentes
731 3380 827 3446 violat,
843 3389 944 3455 practer
952 3379 1101 3456 justitiam.
1145 3378 1218 3436 Gra·

127 3483 193 3538 viter
205 3485 369 3540 contristare
392 3493 522 3559 parentes
543 3483 596 3539 etsi
616 3500 667 3557 per
686 3481 770 3538 verba
790 3478 890 3535 leviter
902 3476 1117 3543 contumeliosa,
1132 3496 1217 3553 grave

128 3580 242 3638 habetur
255 3591 416 3657 peccatum;
439 3558 512 3638 velat
524 3581 602 3638 enim
616 3597 743 3636 amorne
762 3578 813 3634 filii
827 3597 860 3634 ea
873 3577 985 3645 faciant,
1000 3575 1046 3632 vel
1059 3575 1163 3644 dicant,
1183 3593 1220 3632 ex

129 3679 226 3748 quibus
240 3697 355 3756 gravem
370 3681 509 3739 tristitiam
523 3680 683 3756 parentibus
697 3678 830 3735 orituram
845 3675 1026 3752 praevideant.
1061 3673 1118 3739 Qui
1135 3673 1212 3731 male

160 3898 201 3960 (l)
221 3896 248 3943 S.
262 3896 372 3946 Thomas
381 3900 404 3944 2.
416 3901 462 3945 tm.
475 3912 516 3959 qu.
529 3896 559 3944 ci.
572 3902 615 3944 art
628 3894 658 3943 iv.
670 3893 706 3943 od
714 3894 841 3959 primum,
857 3892 936 3941 citans
949 3887 1096 3949 Gregoriutn
1108 3886 1143 3936 u.
1155 3885 1214 3935 bom

133 3981 223 4029 xxxvii.
235 3982 261 4030 in
272 3982 367 4043 Evang.
1268 4004 1279 4019 .

164 4066 205 4130 (2)
226 4067 293 4116 Eccl.
304 4067 338 4115 iii.
350 4066 373 4116 8.
541 4066 583 4130 (3)
598 4062 663 4127 pr.
676 4063 740 4111 vll.
909 4058 951 4122 (t)
970 4055 1023 4104 Col.
1034 4054 1069 4103 iii.
1080 4053 1120 4104 20.
1205 4102 1221 4119 ⁴,

163 4151 206 4214 (5)
222 4151 278 4200 Act.
287 4167 309 4200 v.
322 4155 365 4203 29.
533 4151 575 4214 (o)
590 4150 616 4198 S.
627 4146 719 4196 Thom.
728 4145 752 4193 ὓ.
761 4143 784 4192 2.
796 4159 839 4207 qu.
849 4144 896 4192 cir.
908 4149 952 4191 ort.
964 4156 987 4190 v·
999 4141 1075 4206 usp.

166 4236 208 4300 (7)
228 4235 328 4285 Ibidem.
531 4234 573 4300 (8)
588 4230 687 4290 Ibidem,
700 4229 735 4279 od
744 4225 889 4278 secundum.

823 4455 1092 4574 soe
